2366 2958
61 170 126 203 4⁷⁷
405 170 443 203 ll.

59 265 161 289 niciam
180 264 283 295 cordis,
302 268 328 288 et
351 265 478 290 iusticiam
502 266 673 295 exteriorem,
697 272 742 289 seu
765 264 895 289 iusticiam
918 270 1034 295 operum.

57 298 136 324 Fides
154 303 194 324 est
211 299 314 324 iusticia
332 299 435 330 cordis,
457 303 486 324 vt
502 299 598 323 Paulus
617 300 668 329 ait,
691 299 779 324 Corde
804 299 918 322 creditur
942 298 976 322 ad
997 299 1036 322 iu-

57 334 167 363 sticiam,
185 333 250 357 haee
267 333 391 357 iustificat
408 340 560 365 personam,
579 334 640 364 quia
658 333 829 365 apprehendit
847 331 991 360 Christum,
1011 335 1037 354 et

57 368 137 392 sentit
153 367 229 391 nobis
247 367 330 391 Deum
349 375 404 391 esse
422 367 618 391 reconciliatum
636 371 742 398 propter
765 366 905 391 Christum.
937 365 1036 389 Eadem

56 401 120 426 fides
139 402 166 425 in
184 401 262 425 corde
285 405 397 425 renouat
419 409 481 431 nos,
507 401 567 424 dum
595 402 743 425 consolat-ur
770 405 795 424 et
819 400 940 425 viuificat.
977 399 1037 429 Hic,

56 436 118 468 quia
134 443 230 460 nouam
248 439 274 458 et
291 440 423 460 aeternam
442 436 523 460 vitam
541 436 610 466 parit
627 437 654 458 in
673 436 764 464 corde,
788 435 858 466 quod
882 434 915 458 ad
933 435 1036 457 nouita-

55 474 108 494 tem
125 470 152 493 in
171 470 247 494 nobis
265 471 368 500 attinet,
386 470 450 494 nihil
471 477 535 501 opus
554 474 592 493 est
610 470 735 494 diuellere
754 469 935 498 dilectionem,
954 474 1035 498 spem,

56 508 82 528 et
99 504 195 528 similes
214 507 298 527 motus
323 511 386 535 erga
407 503 505 534 Deum,
530 512 546 527 a
569 504 628 528 fide.
667 504 699 527 Hi
724 503 790 526 enim
815 509 899 533 nsque
927 504 1037 532 possunt
1058 505 1063 537 j

56 538 144 568 diuelli
163 545 179 561 a
196 537 262 567 fide,
278 544 362 569 neque
381 539 493 562 existere
512 539 568 561 siue
588 538 635 561 hac
653 538 704 561 fide
726 535 939 568 apprehendente
957 536 1035 559 mise-

54 572 196 596 ricordiam
213 572 240 596 in
258 570 364 595 Christo
389 573 522 596 donatam.
560 572 716 596 Accedimus
741 572 808 595 enim
832 577 878 601 per
903 568 1035 592 Christum

54 606 88 630 ad
111 605 228 635 Patrem,
252 609 279 628 vt
297 605 426 637 significat
450 607 538 630 multis
564 607 629 630 locis
652 605 784 634 Christus,
808 603 858 633 Qui
878 603 963 633 diligit
986 610 1036 634 me,

55 640 179 670 diligetur
197 647 212 663 a
229 639 306 664 Patre
324 647 391 670 meo,
410 645 435 663 et
454 641 487 664 ad
506 648 564 664 eum
582 640 714 663 veniemus
734 643 783 662 ete.

121 689 175 715 Sed
192 695 295 722 praeter
316 691 389 716 illam
413 692 499 715 cordis
523 691 662 720 iusticiam,
688 694 714 712 et
737 692 869 713 aeternam
895 689 1034 718 iusticiam,

54 728 93 749 est
120 725 249 757 quaedam
278 732 384 757 operum
417 725 534 755 iusticia,
564 732 630 756 quae
657 727 683 747 et
706 724 763 754 ipsa
792 724 826 746 ad
854 723 1036 754 implecionem

52 759 118 790 legis
142 759 262 790 pertinet.
303 759 367 783 Ideo
394 763 420 782 et
441 759 508 783 hanc
532 758 704 782 necessariam
729 764 786 780 esse
816 757 955 787 sentimus,
981 764 1034 780 non

53 793 123 824 quod
145 798 275 817 mereatur
299 794 478 817 remissionem
506 796 687 824 peccatorum,
711 796 755 815 aut
773 791 896 815 instificet
919 799 967 814 nos
992 798 1034 815 co-

51 834 108 851 ram
134 826 208 857 Deo,
236 827 289 852 Sed
315 828 376 858 quia
400 831 504 858 oportet
528 827 554 849 in
576 826 626 849 hac
650 827 705 849 vita
729 829 818 849 extare
844 825 1034 849 confessionem
1057 839 1060 856 1

51 860 128 891 fidei,
159 865 184 885 et
210 869 279 885 noua
307 863 361 886 vita
388 861 464 884 debet
486 860 584 884 habere
609 867 693 883 nouos
717 859 829 889 fructus,
857 859 945 883 officia
970 861 1034 883 cari-

52 895 128 925 tatis,
147 898 173 918 ct
191 894 403 919 mortificationes
423 895 520 924 earnis,
544 895 612 918 sieut
630 894 752 925 seriptum
773 898 824 923 est,
849 893 955 917 Credidi
974 900 1034 924 pro-

51 932 109 960 pter
133 929 203 960 quod
231 929 332 952 locutus
361 936 425 952 snm.
465 928 532 952 Nam
563 928 692 952 confessio
723 928 872 957 doctrinae,
902 929 1033 952 inuocatio

52 967 78 986 et
95 964 239 994 gratiarum
257 964 342 993 actio,
365 966 426 986 sunt
450 963 552 986 externi
577 963 659 986 cultus
683 963 841 993 pertinentes
869 963 902 985 ad
926 962 1034 993 primam

52 997 168 1021 tabulam
187 997 314 1027 decalogi.
351 996 385 1020 Et
403 997 429 1020 hi
448 997 547 1020 externi
567 997 649 1020 cultus
673 1000 732 1020 sunt
750 997 887 1020 necessarii
912 997 938 1019 in
961 1003 1034 1020 mun-

52 1031 86 1055 do
114 1034 140 1054 et
169 1031 196 1054 in
223 1031 272 1055 hac
291 1031 357 1060 vita,
385 1035 490 1062 propter
514 1031 646 1059 homines,
674 1035 701 1053 vt
723 1031 866 1054 inuitentur
891 1035 916 1053 et
933 1031 982 1061 ipsi
1001 1031 1034 1054 ad

52 1065 223 1094 credendum,
251 1069 280 1088 vt
312 1069 458 1095 agnoscant
490 1064 588 1094 Deum,
622 1069 647 1087 et
679 1065 780 1088 discant
815 1072 871 1088 eum
899 1065 1033 1094 inuocare,

50 1103 80 1123 vt
103 1099 170 1123 salui
191 1099 263 1122 fiant.
299 1098 373 1123 Sicut
398 1098 490 1122 Petrus
515 1099 594 1122 docet
616 1106 672 1122 cum
695 1099 792 1129 inquit,
822 1104 850 1121 vt
872 1099 1045 1122 annuncietisr

52 1132 118 1164 (sol.
142 1140 158 1156 o
182 1133 231 1164 4⁸)
257 1133 364 1157 virtutes
390 1134 444 1157 eius
473 1133 518 1164 qui
542 1140 590 1156 vos
619 1134 725 1156 vocauit
749 1140 781 1156 ex
806 1133 920 1156 tenebris
945 1133 971 1156 in
994 1133 1032 1156 lu-

50 1174 107 1191 cem
135 1173 207 1191 suam
237 1167 431 1197 admirabilem,
460 1171 485 1190 et
508 1167 600 1190 Matth.
624 1166 659 1191 V.
686 1167 784 1190 Luceat
808 1167 853 1190 lux
879 1172 963 1190 vestra
989 1174 1032 1190 co-

50 1208 106 1225 ram
129 1201 293 1230 hominibus,
317 1206 345 1225 vt
368 1201 477 1225 videant
497 1208 577 1232 opera
595 1205 697 1230 vestra,
722 1204 748 1224 et
765 1201 911 1231 glorificent
928 1201 1032 1225 Patrem

48 1239 166 1259 vestrum
185 1235 228 1266 qui
249 1235 275 1258 in
295 1236 372 1259 coelis
392 1240 438 1259 est.
476 1235 590 1259 Proinde
613 1235 743 1258 confessio
769 1235 906 1258 doctrinae
930 1235 955 1259 in
979 1236 1031 1266 pri-

50 1270 101 1293 mis
120 1270 268 1293 necessaria
287 1273 335 1299 est,
355 1270 441 1293 dicere
460 1274 513 1293 tum
538 1270 659 1300 priuatim
683 1275 736 1292 tum
761 1269 864 1300 publice
888 1269 950 1301 quid
974 1277 1031 1293 sen-

51 1304 157 1333 ciamus,
176 1307 202 1326 et
220 1304 318 1333 testari,
337 1304 407 1334 quod
426 1311 486 1327 vere
503 1304 540 1327 sic
559 1303 682 1327 exaudiat
700 1302 789 1333 Deus,
814 1304 1032 1334 quemadmodum
1056 1307 1059 1346 Ι

49 1338 177 1369 promisit,
195 1337 266 1368 qnod
283 1344 344 1360 vere
363 1337 412 1361 hoc
431 1338 509 1361 modo
529 1338 578 1362 coli
597 1337 668 1367 velit,
688 1341 713 1360 et
730 1337 779 1360 hoc
799 1337 948 1361 testimonio
967 1339 1032 1361 alios
1055 1356 1059 1369 ι

51 1371 86 1396 ad
104 1371 260 1395 credendum
282 1378 450 1403 permonere,
474 1376 519 1395 aut
544 1371 704 1395 confirmare.
741 1371 797 1394 Nec
820 1375 906 1402 potest
928 1372 1032 1395 retineri

49 1405 116 1429 fides
133 1406 159 1429 in
179 1405 267 1435 corde,
286 1405 389 1436 quando
407 1412 454 1429 cor
471 1405 702 1434 abiectowimore,
727 1412 772 1428 seu
789 1406 969 1436 poenitencia,
995 1407 1032 1429 in-

51 1439 115 1471 cipit
131 1439 264 1464 ambulare
281 1440 423 1463 secundum
442 1447 561 1470 carnem,
584 1441 611 1463 id
636 1443 674 1463 est
691 1439 798 1470 obsequi
820 1439 953 1463 affectibus
977 1447 1032 1463 car-

49 1473 153 1498 natibus
172 1479 198 1498 et
215 1473 340 1498 delectari
357 1474 479 1505 pcccatis.
517 1473 586 1498 Nam
604 1474 667 1497 fides
691 1474 718 1497 in
742 1473 911 1504 poenitencia
935 1475 1032 1504 existit,

50 1507 94 1532 vbi
121 1508 274 1532 consolatur
298 1508 386 1532 corda.
422 1507 485 1532 Ideo
511 1508 659 1532 necessaria
685 1511 724 1531 est
746 1507 911 1532 mortificatio
937 1508 1030 1532 caniiS.

50 1540 124 1567 Sicut
140 1540 237 1566 Paulus
256 1542 348 1574 inquit,
369 1542 476 1572 Castigo
500 1549 593 1573 corpus
616 1549 710 1565 meum.
747 1541 826 1571 Item,
852 1543 895 1565 An
918 1543 1033 1572 nescitis,

51 1576 123 1608 quod
146 1583 242 1607 eorpus
264 1580 393 1605 vestrum,
418 1577 541 1607 templum
571 1581 610 1599 est
632 1577 739 1607 spiritus
767 1576 866 1599 sancti?
894 1580 943 1601 etc.
979 1576 1032 1600 Ne-

52 1611 166 1635 cessaria
188 1611 264 1634 etiam
287 1614 347 1634 sunt
371 1617 451 1642 opera
475 1611 589 1634 caritatis
611 1611 644 1634 ad
667 1610 733 1634 hanc
757 1610 920 1641 corporalem
944 1611 1032 1640 vitam,

53 1649 81 1668 vt
98 1651 161 1669 suae
180 1645 289 1676 quisque
308 1645 441 1668 vocationi
460 1644 566 1675 seruiat,
584 1645 752 1675 magistratus
771 1648 847 1675 regat
865 1644 1034 1676 respublicas,

51 1678 175 1711 Episcopi
195 1678 323 1708 doceant,
346 1677 425 1702 Pater
450 1677 562 1702 familias
591 1679 683 1702 educet
706 1682 732 1702 et
755 1679 875 1702 instituat
899 1679 1033 1709 familiam,

51 1716 135 1737 mater
152 1713 264 1737 familias
282 1716 354 1736 curet
373 1719 420 1736 sua
438 1719 554 1736 munera.
591 1712 671 1737 Ciues
695 1712 875 1744 obtemperent
898 1714 1033 1745 magistra-

52 1747 132 1777 tibus,
150 1747 270 1770 homines
288 1746 357 1771 inter
374 1753 402 1770 se
419 1747 523 1777 iuuent,
543 1751 568 1770 et
586 1747 680 1771 similia
702 1754 768 1778 quae
790 1746 889 1770 habent
911 1749 1034 1772 mandata

52 1780 115 1810 Dei,
133 1781 195 1812 quia
213 1781 277 1804 talia
296 1788 376 1812 opera
393 1785 453 1804 sunt
470 1782 571 1805 externi
591 1782 688 1811 cultus,
708 1788 773 1812 quae
796 1780 869 1805 Deus
893 1783 1033 1814 praecepit.

51 1814 116 1840 Ideo
134 1815 222 1838 fideles
241 1822 294 1839 non
314 1815 413 1846 eligunt
431 1822 511 1846 opera
528 1816 584 1840 sine
602 1816 724 1839 mandato
744 1820 769 1838 et
787 1815 866 1839 verbo
885 1815 944 1840 Dei.
982 1817 1034 1840 To-

53 1853 80 1873 ta
98 1849 166 1873 enim
185 1849 239 1873 vita
257 1849 373 1873 exterior
392 1849 467 1873 debet
485 1856 540 1872 esse
566 1850 697 1873 consessio
719 1850 861 1880 quaedam,
889 1854 914 1873 et
936 1851 1033 1881 gratia-

52 1890 110 1907 rnm
128 1883 198 1907 actio
216 1890 277 1914 erga
294 1883 388 1912 Deum,
407 1883 469 1914 quia
486 1890 567 1914 opera
584 1884 638 1914 illa,
656 1885 693 1907 ita
711 1884 832 1908 facienda
851 1889 923 1914 sunt,
943 1890 972 1908 vt
989 1892 1034 1916 per

53 1924 85 1940 ea
114 1917 187 1948 quasi
217 1918 322 1941 relaturi
351 1917 409 1941 Deo
440 1918 550 1948 gratiam
580 1919 717 1942 inuitemus
741 1918 804 1941 alios
831 1919 864 1942 ad
891 1920 1032 1943 timendum

52 1951 138 1975 Deum
164 1954 190 1974 et
220 1952 377 1975 credendum
401 1951 474 1980 Deo,
497 1951 571 1976 Sicut
593 1952 688 1976 Paulus
713 1953 790 1976 docet
816 1954 838 1976 1.
859 1952 977 1977 Corinth.
998 1953 1032 1977 X.

54 1984 150 2009 Omnia
167 1985 200 2009 ad
218 1985 327 2016 gloriam
345 1985 396 2009 Dei
413 1985 498 2010 facite.

120 2035 155 2060 Et
173 2040 310 2060 exercetur
333 2036 396 2059 fides
420 2037 447 2060 in
471 2036 511 2060 his
536 2037 666 2068 operibus.
704 2037 844 2062 Confessio
869 2039 937 2062 enim
964 2038 1029 2070 (jol.

51 2078 68 2095 o
86 2070 135 2102 4¹³)
162 2070 297 2094 doctrinae
327 2074 451 2100 quantum
478 2070 558 2094 habet
587 2072 712 2103 periculi?
748 2072 845 2097 Omnes
869 2074 1030 2103 vocationes,

50 2106 224 2135 magistratus.
244 2105 401 2135 coniugium,
421 2106 497 2128 etiam
516 2105 603 2129 infima
620 2106 764 2130 ministeria
781 2106 878 2130 habent
896 2114 943 2131 sua
962 2108 1030 2138 peri-

52 2139 110 2163 eula
129 2145 144 2162 a
163 2139 267 2162 diabolo
292 2143 317 2161 et
340 2139 438 2169 impiis,
465 2139 533 2162 inter
557 2147 622 2170 quae
639 2139 719 2169 fides,
744 2141 804 2164 dum
829 2142 952 2165 auxilium
979 2142 1029 2165 Dei

51 2173 154 2205 quaerit
173 2177 197 2196 et
215 2173 302 2202 sentit,
321 2177 460 2196 exercetur
479 2178 503 2196 et
523 2174 636 2203 duratur,
654 2173 782 2198 Exercent
799 2175 876 2199 fidem
902 2179 927 2198 et
950 2183 1030 2207 opera

51 2208 182 2236 caritatis.
201 2208 263 2238 quia
281 2207 378 2231 habent
402 2214 518 2231 annexas
542 2209 724 2238 promissiones
746 2216 831 2233 rerum
856 2211 1029 2241 corporalium

51 2246 77 2265 et
94 2241 272 2272 spiritualium.
304 2240 367 2264 Cum
386 2241 464 2272 igitur
483 2241 558 2265 datur
577 2242 738 2273 elemosyna,
756 2244 957 2268 commonefiunt
974 2252 1030 2268 cor-

40 2275 95 2305 ‘da,
113 2276 183 2307 quod
203 2275 274 2300 Deus
293 2275 326 2299 ad
346 2276 455 2299 eundem
474 2277 579 2300 modum
598 2281 623 2299 et
642 2284 689 2300 nos
708 2277 798 2301 iuuare
816 2278 895 2308 velit,
922 2279 1028 2310 Excipi-⁶1

52 2312 77 2333 et
95 2310 160 2340 tegis
183 2308 302 2341 hospicio
326 2309 429 2334 exulem
456 2310 627 2334 innocentem.
664 2310 741 2334 Iunas
765 2319 918 2343 quocunque
940 2313 1028 2337 officio

50 2343 208 2374 indigentes.
245 2340 331 2368 Habes
351 2344 558 2375 promissionem.
595 2345 664 2368 Date
683 2348 707 2369 et
726 2345 828 2370 dabitur
852 2348 934 2370 vobis.
971 2347 1028 2371 Hae

50 2378 238 2409 promissiones
261 2378 402 2402 offeruntur
420 2379 523 2409 animo,
542 2379 688 2403 scriburtur
706 2380 732 2403 in
757 2381 856 2411 animo,
880 2389 937 2404 cnm
960 2383 1028 2413 peri-

51 2412 122 2441 cula,
150 2419 207 2436 cum
234 2412 399 2436 incommoda
429 2417 534 2444 propter
562 2414 627 2437 alios
659 2414 824 2444 suscipimus,
852 2415 942 2439 confisi
969 2423 1027 2447 pro-

49 2446 173 2470 missione
193 2445 304 2475 Christi,
323 2447 365 2478 qni
386 2447 524 2478 pollicetur
543 2454 571 2471 se
589 2448 654 2470 velle
681 2447 773 2471 damna
797 2449 847 2472 ista
871 2450 981 2479 sarcire,
1001 2457 1027 2473 se

50 2480 118 2504 vella
137 2479 278 2504 defendere
297 2484 457 2511 praestantes
477 2482 526 2505 ista
551 2481 637 2505 officia
661 2483 781 2506 caritatis.
819 2483 861 2506 Ad
885 2482 951 2507 hunc
975 2491 1027 2507 mo-

50 2514 110 2537 dum
129 2514 193 2538 fides
212 2515 320 2538 subinde
345 2516 450 2545 crescit,
479 2521 504 2538 et
527 2515 557 2539 fit
579 2516 746 2547 locupletior,
775 2520 801 2539 et
831 2517 907 2540 discit
931 2518 1027 2542 firmius

50 2551 178 2578 statuere,
204 2549 276 2580 quod
306 2549 377 2572 Deus
399 2551 433 2573 sit
455 2550 587 2581 placatus,
612 2551 681 2582 qnod
700 2551 837 2581 respiciat,
857 2552 926 2582 quod
946 2557 1026 2582 curet,

50 2583 120 2614 quod
139 2583 262 2606 exaudiat
280 2589 336 2612 nos,
355 2588 384 2607 vt
400 2583 468 2607 Psal.
489 2584 561 2608 iubet
584 2591 703 2608 exercere
725 2584 801 2608 fidem
827 2586 853 2609 iu
879 2585 1025 2610 afflictioni-

50 2615 106 2647 bus,
124 2617 244 2648 periculis
264 2621 289 2640 et
307 2617 425 2641 omnibus
449 2619 567 2649 negotiis.
602 2618 701 2642 Reuela
726 2619 830 2643 domino
856 2621 923 2643 viam
947 2624 1026 2651 tuam,

489 170 719 203 APOLOGIA
746 169 1066 202 CONFESSIONIS
1087 168 1398 202 AUGUSTANAE.
1441 169 1481 203 B.
1527 169 1718 202 ALTERA.

1999 171 2064 203 478

1089 267 1115 287 et
1132 264 1187 294 ipse
1205 264 1288 288 faciet.
1324 264 1398 294 Item,
1417 265 1488 289 lacta
1506 272 1582 296 snper
1600 265 1732 288 dominum
1751 271 1837 288 curam
1855 268 1925 288 tuam
1944 270 1992 290 etc.
2029 265 2065 289 Et

1089 297 1206 322 Christus
1231 299 1276 321 ait.
1312 298 1352 322 Ne
1377 300 1432 323 sitis
1453 300 1569 323 solliciti.
1605 298 1720 322 Primum
1745 299 1860 329 quaerite
1883 306 1990 330 regnum
2012 300 2064 324 Dei

1089 335 1115 355 et
1133 336 1235 355 caetera
1252 333 1408 356 adiicientur
1427 334 1509 357 vobis.
1546 334 1580 357 Et
1602 332 1704 357 Petrus.
1742 332 1794 361 Qui
1818 332 1970 364 affliguntur
1991 334 2065 358 iuxta

1089 366 1250 390 voluntatem
1278 366 1342 397 Dei,
1371 372 1491 398 tanquam
1519 367 1591 391 fideli
1617 367 1728 391 creatori
1756 367 1935 391 commendent
1965 368 2065 391 animas

1087 407 1157 430 suas,
1176 400 1202 423 in
1220 400 1295 423 bonis
1315 401 1457 433 operibus]

1177 528 1250 562 ¹⁰⁰)
1265 526 1350 558 Sunt
1377 526 1463 557 enim
1490 525 1642 558 facienda
1671 537 1791 569 opera,
1820 533 1955 569 propter
1977 538 2064 560 man·

1087 568 1198 600 datum
1220 568 1299 607 Dei,
1332 569 1408 600 item
1438 570 1479 599 ad
1503 571 1719 601 exercendam
1748 570 1859 608 fidem,
1890 571 1966 602 item
1989 581 2065 612 pro·
2083 579 2094 583 ’·

1086 618 1158 652 pter
1180 610 1426 643 consessionem
1449 618 1481 642 et
1508 613 1686 653 gratiarum
1715 614 1889 645 actionem.
1924 612 2065 654 Propter

1085 655 1148 686 has
1183 664 1305 686 causas
1338 655 1529 687 necessario
1564 655 1685 687 debent
1726 657 1813 687 bona
1847 666 1948 697 opera
1980 656 2065 695 fieri,

1085 707 1170 739 quae
1193 707 1383 738 quanquam
1413 696 1494 728 fiunt
1517 698 1549 728 in
1569 707 1669 729 carne
1692 699 1836 729 nondum
1854 709 1990 740 prorsus
2013 709 2063 730 re-

1086 746 1227 778 nouata,
1257 749 1341 780 quae
1363 740 1510 770 retardat
1536 746 1644 771 motus
1668 742 1801 781 spiritus
1815 744 1846 776 †)
1870 743 1996 780 sancti,
2031 748 2065 774 et

1086 784 1234 824 aspergit
1255 781 1376 823 aliquid
1401 783 1442 813 de
1465 792 1525 813 sua
1548 783 1772 821 immundicie,
1797 789 1905 815 tamen
1928 791 2064 826 propter

1088 826 1183 857 fidem
1213 832 1289 856 sunt
1313 835 1415 865 opera
1436 831 1570 862 sancta,
1594 826 1723 863 diuina,
1746 826 1928 865 sacrificia,
1951 833 1983 858 et
2005 838 2063 868 po-

1085 866 1155 899 litia
1178 866 1300 899 Christi
1328 877 1466 909 regnum
1497 878 1592 899 suum
1623 869 1829 900 ostendentis
1859 879 1968 901 coram
1998 869 2064 901 hoc

1085 911 1224 951 mundo,
1254 911 1289 941 ln
1317 909 1368 941 his
1399 912 1482 941 enim
1506 911 1691 943 sanctificat
1716 912 1838 949 corda,
1866 918 1898 942 et
1920 913 2066 953 reprimit

1086 952 1264 991 diabolum,
1288 959 1319 984 et
1342 960 1375 984 vt
1400 954 1538 984 retineat
1555 952 1772 996 Euangelium
1795 955 1879 985 inter
1902 954 2065 994 homines,

1086 995 1169 1027 soris
1197 996 1334 1038 opponit
1362 1005 1467 1038 regno
1495 995 1635 1034 diaboli,
1664 997 1910 1029 confessionem
1933 1004 2065 1029 sancto-

1085 1049 1174 1077 rum,
1203 1040 1290 1069 etin
1319 1046 1435 1070 nostra
1465 1037 1687 1071 imbecillitate
1717 1038 1867 1071 declarat
1887 1041 2065 1081 potentiam

1085 1090 1189 1112 suam.
1235 1080 1329 1113 Pauli
1351 1080 1516 1122 Apostoli,
1540 1081 1728 1122 Athanasij‚
1750 1083 1946 1124 Augustini,
1969 1089 2000 1114 et
2023 1084 2066 1114 si·

1085 1122 1208 1155 milium
1231 1124 1287 1166 qui
1310 1124 1492 1156 docuerunt
1510 1124 1701 1160 Ecclesias,
1730 1124 1893 1166 pericula,
1918 1125 2065 1165 labores,

1085 1167 1277 1204 conciones,
1300 1172 1377 1198 suut
1402 1174 1519 1198 sancta
1542 1177 1661 1208 opera,
1686 1173 1763 1199 sunt
1785 1178 1865 1199 vera
1887 1168 2064 1203 sacrificia,

1085 1208 1159 1240 Deo
1183 1216 1340 1250 accepta,
1368 1216 1446 1242 sunt
1469 1211 1647 1241 certamina
1675 1210 1797 1242 Christi
1826 1221 1884 1252 per
1907 1222 1992 1253 quae
2015 1222 2065 1243 re·

1084 1253 1205 1293 pressit
1235 1250 1419 1290 diabolum,
1452 1259 1484 1283 et
1512 1251 1634 1293 depulit
1664 1254 1706 1284 ab
1735 1253 1804 1291 his,
1835 1255 1889 1295 qui
1920 1255 2065 1286 credide-

1083 1300 1169 1326 runt.
1213 1294 1363 1326 Labores
1386 1295 1507 1331 Dauid,
1531 1296 1562 1326 in
1587 1296 1742 1338 gerendis
1768 1295 1877 1335 bellis,
1900 1302 1932 1328 et
1954 1298 1987 1328 in
2008 1298 2064 1329 ad-

1084 1338 1323 1369 ministratione
1357 1338 1538 1369 domestica
1572 1345 1649 1370 sunt
1683 1349 1784 1380 opera
1817 1346 1952 1378 sancta,
1987 1346 2065 1372 sunt

1083 1390 1164 1411 vera
1196 1379 1378 1419 sacrificia,
1417 1387 1495 1412 sunt
1528 1382 1707 1413 certamina
1741 1381 1822 1419 Dei,
1856 1380 2063 1414 defendentis

1084 1421 1175 1454 illum
1198 1421 1377 1464 populum,
1400 1424 1455 1465 qui
1477 1423 1621 1456 habebat
1644 1425 1781 1456 verbum
1802 1424 1878 1464 Dei,
1899 1426 2064 1458 aduersus

1086 1584 1149 1617 100)
1159 1583 1227 1609 Sunt
1243 1586 1311 1609 enim
1320 1585 1440 1610 facienda
1450 1594 1536 1617 opera,
1551 1591 1655 1619 propter
1666 1587 1817 1611 mandatnm
1830 1588 1888 1618 Dei,
1902 1602 1932 1607 —
1942 1602 1975 1606 —
1985 1603 2018 1607 —
2028 1590 2062 1614 ad

1153 1619 1302 1643 inuitandos
1319 1628 1362 1643 eos
1378 1621 1411 1644 ad
1428 1621 1592 1645 credendum.
1606 1622 1645 1654 (p.
1657 1622 1743 1653 480.)]
1754 1630 1802 1654 pro
1814 1621 1852 1646 his
1867 1622 2017 1655 lonyioribur
2030 1624 2063 1648 Ie-

1153 1658 1245 1685 9umur
1262 1655 1289 1677 in
1307 1654 1387 1679 Editt.
1409 1656 1483 1679 2-4.
1503 1655 1589 1680 haecce
1608 1655 1735 1680 bremam:
1760 1656 1827 1681 Sunt
1851 1658 1918 1681 enim
1941 1657 2064 1683 facienda

1153 1688 1223 1712 bona
1240 1696 1335 1720 opera,
1358 1690 1419 1721 quia
1443 1689 1515 1713 Deus
1539 1697 1571 1713 ea
1595 1691 1717 1720 requirit,
1741 1691 1853 1723 ideoque
1876 1696 1935 1716 sunt
1958 1692 2063 1717 effectus

1153 1724 1366 1753 regenerationis,
1384 1724 1452 1747 sicut
1469 1724 1563 1747 Paulus
1583 1725 1659 1748 docet
1678 1724 1770 1756 Ephes.
1791 1726 1814 1749 2.
1835 1726 1918 1758 Ipsius
1937 1734 2001 1757 opus
2020 1735 2063 1751 su-

1153 1764 1218 1786 mus,
1239 1758 1337 1781 conditi
1357 1765 1402 1789 per
1421 1758 1553 1783 Christum
1572 1759 1655 1782 Iesum
1675 1760 1707 1782 ad
1727 1759 1795 1783 bona
1814 1767 1902 1791 opera,
1913 1768 1979 1791 quae
1989 1769 2062 1793 prae-

1153 1792 1255 1821 parauit
1273 1791 1358 1821 Deus,
1378 1796 1407 1815 ut
1431 1794 1456 1815 in
1481 1793 1517 1816 eis
1541 1793 1738 1816 ambularemus.
1774 1793 1863 1826 Itaque
1892 1795 1960 1819 bona
1984 1803 2063 1827 opera

1155 1826 1226 1856 sequi
1245 1825 1321 1849 tidem
1340 1826 1450 1856 debent,
1476 1832 1596 1858 tanquam
1620 1829 1761 1858 gratiarum
1787 1830 1853 1852 actio
1878 1829 2062 1860 ergaDeum,

1153 1859 1218 1883 Item
1237 1864 1266 1883 ut
1282 1861 1309 1883 in
1329 1861 1365 1883 eis
1384 1861 1447 1884 fides
1467 1866 1493 1884 et
1511 1866 1678 1890 exerceatur,
1698 1867 1723 1885 et
1741 1867 1841 1886 crescat
1865 1868 1888 1886 et
1911 1865 2062 1888 ostendatur

1154 1894 1219 1925 alijs,
1237 1899 1264 1917 ut
1282 1898 1372 1918 nostra
1391 1895 1552 1919 consessione
1573 1896 1616 1926 alij
1642 1896 1784 1920 inuitentur
1802 1897 1835 1921 ad
1853 1898 1986 1929 pietatem.
2022 1898 2063 1923 Ita

1152 1928 1249 1952 Paulus
1269 1929 1319 1958 ait,
1343 1929 1476 1953 Abraham
1501 1930 1630 1960 accepisse
1655 1931 1891 1962 circumcisionem,
1915 1940 1967 1956 non
1991 1934 2062 1964 quod

1153 1967 1258 1993 propter
1276 1963 1341 1986 illud
1359 1971 1423 1994 opus
1441 1969 1602 1994 reputaretur
1621 1966 1711 1993 iustus,
1729 1966 1774 1988 sed
1794 1970 1822 1989 ut
1835 1967 1942 1990 haberer
1959 1967 2061 1997 signum

1152 1997 1179 2020 in
1199 2004 1307 2028 corpore
1325 1998 1464 2028 scriptum,
1486 2006 1536 2028 quo
1556 1999 1780 2032 commoneiieret‚
1805 2005 1830 2023 et
1851 2001 1927 2024 fidem
1951 2002 2061 2026 subinde

1152 2032 1277 2055 maiorem
1305 2032 1460 2063 conciperet.
1503 2033 1582 2062 Item,
1610 2041 1660 2064 quo
1685 2034 1851 2058 confiteretur
1873 2035 1950 2058 fidem
1973 2043 2061 2060 coram

1153 2065 1226 2096 alijs,
1244 2071 1269 2089 et
1287 2066 1352 2090 alios
1371 2067 1403 2090 ad
1426 2067 1581 2090 credendum
1605 2075 1652 2091 suo
1675 2069 1824 2092 testimonio
1849 2070 1979 2093 inuitaret.
2016 2069 2061 2094 Sic

1151 2099 1219 2123 Abel
1244 2100 1294 2123 fide
1318 2101 1458 2130 gratiorem
1485 2101 1597 2125 hostiam
1629 2102 1735 2131 obtulit,
1758 2103 1860 2127 Placuit
1881 2104 1947 2127 enim
1975 2103 2060 2128 hostia

1152 2141 1204 2157 non
1234 2141 1265 2158 ex
1293 2142 1372 2166 opere
1399 2140 1520 2166 operato,
1544 2135 1596 2159 Sed
1622 2136 1683 2167 quia
1706 2136 1772 2160 Abel
1802 2138 1852 2161 fide
1879 2138 2008 2162 statuebat
2031 2146 2059 2162 se

1151 2167 1235 2192 Deum
1258 2168 1387 2199 placatum
1413 2169 1508 2193 habere
1532 2174 1636 2201 propter
1658 2171 1877 2201 misericordiam,
1901 2171 1971 2203 Opus
1995 2179 2058 2196 uero

1150 2203 1214 2226 illud
1233 2202 1361 2233 faciebat,
1380 2208 1408 2227 ut
1431 2212 1502 2227 suam
1526 2204 1602 2227 fidem
1627 2210 1776 2235 exerceret,
1803 2210 1828 2229 et
1851 2206 1916 2230 alios
1940 2207 2058 2238 exemplo

1151 2240 1176 2261 et
1194 2237 1356 2261 consessione
1374 2246 1420 2261 sua
1438 2238 1559 2263 inuitaret
1577 2239 1610 2262 ad
1629 2240 1795 2263 eredendum.

1097 2279 1128 2310 †)
1147 2278 1213 2303 Sunt
1237 2281 1303 2304 enim
1328 2279 1448 2304 facienda
1474 2288 1567 2312 opera,
1591 2285 1695 2313 propter
1717 2282 1865 2306 mandatum
1888 2282 1954 2313 Dei,
1973 2296 2005 2300 —
2024 2296 2058 2302 —-

1149 2320 1214 2345 quae
1237 2315 1352 2338 retardat
1375 2319 1458 2338 motus
1487 2315 1604 2347 spiritus]
1628 2317 1664 2339 nic
1695 2320 1846 2340 retractatae
1869 2315 1915 2341 hae
1937 2317 1951 2341 5
1977 2317 2056 2342 Iirteae

1150 2352 1274 2373 exiremae
1288 2349 1351 2379 solii
1370 2348 1393 2372 O
1413 2349 1442 2372 2⁶
1462 2350 1488 2373 in
1506 2349 1650 2381 vulywibus
1673 2350 1720 2374 Ed.
1740 2351 1861 2382 principis
1884 2351 1998 2383 exemplis
2022 2351 2055 2376 Ie-

1147 2386 1247 2414 9untur‚
1265 2391 1368 2415 quarum
1387 2383 1438 2407 Ioco
1457 2384 1483 2407 in
1502 2385 1591 2408 eadem
1612 2385 1659 2407 Ed.
1677 2386 1781 2415 primum
1799 2386 1824 2407 in
1835 2385 1897 2416 folii
1912 2392 1927 2408 o
1941 2386 2057 2418 4²21>th

1150 2420 1260 2441 extrema
1279 2416 1352 2441 haece
1370 2419 1434 2450 lypis
1453 2423 1522 2442 erant
1541 2418 1690 2450 descriptae:

1182 2451 1257 2475 Talia
1275 2459 1355 2482 opera
1373 2457 1477 2483 propter
1496 2452 1540 2475 has
1559 2460 1650 2475 causas⁴
1669 2453 1749 2481 sacta,
1769 2453 1831 2484 quia
1854 2452 1925 2477 Deus
1950 2461 2054 2485 praece-

1148 2486 1197 2517 pit,
1222 2486 1286 2509 Item
1311 2490 1339 2510 vt
1362 2490 1451 2510 nostro
1470 2487 1589 2517 exemplo
1609 2487 1710 2510 discant
1734 2487 1777 2511 alii
1797 2488 1886 2511 timere
1910 2487 2010 2518 Deum,
2029 2493 2055 2513 et

1148 2520 1253 2543 credere
1272 2520 1340 2550 Deo,
1358 2520 1422 2544 Item
1442 2525 1469 2543 vt
1488 2528 1534 2544 nos
1553 2521 1723 2551 significemus
1742 2529 1790 2545 nos
1809 2529 1866 2545 esse
1884 2526 1972 2551 gratos
1986 2523 2052 2548 Deo.

1146 2553 1218 2583 Item,
1230 2558 1257 2578 vt
1274 2555 1337 2578 tides
1356 2559 1516 2584 exerceatur,
1536 2562 1587 2578 non
1604 2556 1786 2586 vituperamus.
1816 2555 1968 2586 Quanquam
1985 2558 2053 2581 enim

1147 2587 1210 2612 fiant
1227 2589 1252 2612 in
1271 2596 1348 2612 carne
1367 2589 1480 2612 nondum
1500 2596 1605 2619 prorsus
1624 2594 1758 2619 renouata,
1777 2597 1843 2621 quae
1865 2591 1980 2616 retardat
1997 2599 2053 2616 mo-

1147 2626 1187 2646 tus
1205 2623 1310 2653 spiritns
1347 2622 1476 2653 (Curio-z)
1496 2624 1586 2653 sancti,
