2366 2958
82 151 148 185 309
448 148 488 181 11.

82 245 186 276 tenda
202 245 254 281 ⁷⁷)
276 241 408 274 familia.
452 241 544 273 Tunc
567 241 688 272 erimus
711 238 862 281 perfecti,
885 238 966 280 (fol.
988 238 1058 276 51³)

84 297 158 318 cum
192 286 358 317 vocationi
392 284 702 324 obtemperabimus.
758 283 794 327 ld
827 283 914 313 enim
947 286 1059 312 osten·

85 330 141 361 det
159 331 208 367 7Β)
233 338 294 359 nos
317 337 397 359 vere
420 327 558 357 credere
583 325 665 357 Deo.
711 325 768 356 Sic
790 325 983 366 accipienda
1007 329 1059 354 est

84 369 262 414 perfectio,
296 381 363 401 non
395 369 483 411 quod
517 366 597 410 suga
625 368 742 400 reddat
775 366 963 409 perfectos,
998 366 1059 397 sed

85 414 174 456 quod
197 413 382 445 obedientia
405 412 547 444 ostendit
570 411 667 443 fidem
691 421 767 442 esse
780 409 971 452 perfectam,
994 408 1060 439 hoc

86 463 156 494 est,
189 465 381 497 synceram,
414 464 481 485 non
515 453 712 485 simulatam.
757 454 822 484 Sed
850 453 918 483 vita
946 461 1059 482 mona-

86 500 170 530 stica
192 498 330 539 primum
353 498 425 528 sine
448 497 622 529 vocatione
645 497 834 536 suscipitur,
853 495 982 525 Deinde
1005 494 1060 524 ha-

86 543 143 573 bet
167 540 295 579 cultus,
324 540 380 581 qui
407 550 473 571 non
503 540 626 571 habent
649 539 835 570 mandatum
863 537 937 568 Dei.
984 536 1060 567 ldeo

86 594 142 616 res
165 584 402 624 propemodum
426 588 494 613 tota
516 589 641 624 pugnat
665 591 739 613 cum
769 580 956 612 vocatione.
1000 579 1062 610 Est

87 632 197 658 autem
219 624 535 666 periculosissimum
564 626 651 655 vitae
675 633 800 665 genu5‚
829 623 861 653 in
896 633 962 664 quo
990 622 1062 653 sine

87 669 264 701 vocatione
298 674 330 699 et
359 668 430 699 sine
457 669 561 699 verbo
596 667 659 698 Dei
693 666 820 697 viuitur.
869 665 1001 696 Interim
1035 665 1064 695 si

89 712 144 753 qui
167 717 262 749 sunt,
285 711 339 752 qui
366 711 411 742 ibi
439 711 588 742 seruiunt
615 710 648 741 in
675 707 876 750 EuangeliO,
904 707 968 739 hos
997 717 1064 738 non

88 754 328 794 improbamus,
350 754 450 784 modo
474 752 616 784 fideliter
637 758 669 783 et
686 761 769 792 pure
792 752 935 783 doceant
964 757 996 781 et
1018 750 1066 781 in-

89 795 259 838 telligant,
291 806 329 826 se
356 806 422 827 non
449 802 586 836 propter
612 794 816 825 monasticos
846 792 971 830 cultus,
1005 793 1067 824 sed

89 845 226 880 propter
249 839 464 869 ministerium
492 838 584 868 verbi
618 837 744 868 habere
776 837 863 868 vitae
893 846 1000 878 genus
1035 842 1067 866 et

91 880 214 914 cultum
231 880 306 912 Deo
330 887 471 923 gratum.

178 932 276 968 Quod
299 942 379 963 vero
404 931 589 970 aduersarij
613 936 757 973 negant,
780 940 924 971 vnquam
944 930 1067 961 dictum

90 984 180 1013 esse,
203 975 303 1006 vitam
322 975 538 1005 monasticam
561 979 683 1004 statum
702 983 779 1004 esse
795 974 868 1010 ⁷³³)
892 972 1068 1014 perfectio-

90 1018 155 1056 nis,
175 1017 308 1049 Gerson
331 1017 459 1048 viderit.
506 1016 536 1046 Is
565 1015 763 1057 peculiarem
787 1014 905 1047 librum
936 1015 1069 1056 scripsit

89 1061 133 1092 ad
155 1059 245 1091 illam
267 1060 398 1100 impiam
420 1059 607 1100 opinionem
625 1056 852 1089 refellendam.
870 1059 920 1095 ⁷⁹)
960 1057 1002 1088 Et
1024 1056 1069 1089 as-

92 1102 203 1134 firmat
225 1103 386 1144 quosdam
408 1103 452 1133 ita
480 1100 581 1143 loqui.
626 1101 700 1139 (fol.
728 1101 798 1140 51¹2)
825 1101 892 1132 Sed
922 1111 989 1132 non
1017 1105 1070 1132 est

95 1155 180 1186 opus
214 1154 375 1186 quaerere
408 1149 530 1183 testes,
565 1143 720 1185 Plerique
742 1153 858 1175 omnes
881 1143 1070 1176 audiuimus

95 1187 175 1219 talia
208 1188 447 1220 concionantes
473 1186 655 1218 monachos
683 1187 716 1217 in
746 1185 885 1227 templis.
929 1186 1072 1222 Quidam

95 1230 200 1268 acuti,
235 1236 271 1261 vt
300 1239 505 1261 communem
536 1239 683 1261 errorem
710 1230 933 1271 corrigerent,
962 1237 1071 1270 neque

95 1278 204 1304 tamen
234 1279 369 1313 recepta
397 1273 501 1303 verba
529 1281 669 1313 prorsus
697 1273 898 1311 abijcerent,
927 1272 1071 1312 scripse-

95 1320 187 1353 runt,
216 1315 314 1346 vitam
345 1315 562 1346 monasticam
594 1324 672 1345 esse
699 1321 821 1346 statum
850 1314 1072 1356 acquirendae

94 1356 319 1399 perfectionis,
364 1357 438 1389 Hoc
464 1357 645 1398 prudenter
669 1356 790 1388 dictum
813 1362 883 1394 est,
914 1357 1013 1388 modo
1037 1362 1072 1391 vs

94 1398 238 1441 populus
262 1400 378 1431 dextre
399 1400 551 1441 accipiat.
595 1398 678 1434 Quis
699 1404 808 1430 autem
829 1399 960 1431 status?
982 1398 1072 1440 quod

94 1443 184 1475 vitae
207 1442 337 1484 genus?
357 1452 425 1474 non
449 1448 501 1473 est
523 1447 631 1473 status
650 1442 872 1484 acquirendae
893 1440 1072 1483 perfectio-

94 1485 158 1516 nis.
174 1486 227 1525 8⁰)
271 1485 309 1516 ln
342 1486 514 1527 coniugio,
547 1485 580 1516 in
604 1485 692 1516 omni
717 1485 895 1517 vocatione
924 1485 967 1516 ad
996 1494 1071 1526 per-

94 1527 272 1561 fectionem
294 1528 431 1560 tendere
453 1528 623 1567 debemuS,
643 1537 684 1559 ac
695 1529 830 1566 sentire,
847 1528 937 1569 quod
958 1538 1072 1560 vnum-

95 1581 260 1613 quemque
283 1571 457 1603 vocauerit
474 1570 568 1602 Deus
591 1571 635 1602 ad
653 1576 777 1602 certam
798 1569 1015 1608 functionem,
1036 1570 1070 1601 in

123 1623 166 1645 ua
197 1612 279 1645 velit
311 1615 453 1651 eumffl)
487 1623 661 1652 exercere,
700 1619 737 1644 vt
775 1613 883 1645 discat
922 1613 1070 1645 credere.

127 1665 188 1688 aec
210 1656 294 1687 fides
316 1654 475 1697 perfectio
498 1661 550 1687 est
568 1654 783 1698 singulorum.

182 1707 344 1738 Fortasse
376 1707 569 1747 prudentius
603 1707 786 1745 diceretur,
820 1706 932 1739 Vitam
964 1717 1073 1739 mona-

97 1750 216 1781 sticam
245 1759 322 1781 esse
350 1748 504 1787 scholas,
538 1750 781 1792 paedagogiam
811 1755 844 1782 et
867 1748 1074 1791 disciplinam

120 1791 266 1830 uerilem,
286 1795 380 1824 cuius
399 1793 568 1833 proximus
592 1792 668 1824 finis
691 1798 743 1824 est
761 1803 828 1824 non
850 1792 906 1824 illa
923 1793 1074 1834 spiritua-

111 1835 140 1866 ‘s
158 1833 338 1876 perfectio,
361 1835 448 1867 sicut
477 1834 618 1867 aliorum
645 1842 806 1874 statuum,
834 1837 895 1867 sed
926 1836 1075 1867 doctrina

97 1883 130 1910 et
163 1878 320 1916 eruditio,
354 1888 420 1919 qua
452 1879 606 1910 instructi
633 1878 773 1911 iuuenes
806 1884 925 1919 postea
952 1877 1076 1910 fiebant

166 2041 231 2064 {nter
249 2047 332 2065 voces:
350 2041 488 2064 vocatione
507 2044 529 2065 a
548 2040 709 2073 abijciendae
727 2048 803 2073 supra
822 2041 909 2066 lineam
928 2041 1075 2075 adscripsit:

167 2082 220 2098 non
239 2079 298 2098 sunt
317 2088 349 2092 —
369 2074 488 2099 Onold.
507 2073 591 2101 haben
611 2080 669 2099 sunt
686 2075 845 2107 abijciendae

99 2117 146 2149 77)
166 2116 319 2148 deserenda]
339 2117 463 2147 Chytr.:
483 2121 527 2140 aut
545 2117 690 2141 deserenda

98 2160 146 2192 78)
165 2160 296 2191 ostendet]
315 2160 352 2182 εἰς
378 2159 489 2190 Cliytr.
514 2163 534 2183 et
559 2159 665 2184 Guelf.
686 2160 772 2192 (salso
795 2162 900 2185 enimin
917 2161 1076 2186 Foerste-

167 2195 280 2253 2233st
312 2192 360 2218 Ed.
393 2192 464 2217 huius
493 2192 551 2218 cod.
586 2193 726 2220 exhibetur:
761 2196 907 2228 ostendit);
942 2195 1075 2222 Onold.:

99 2271 162 2303 ⁸18³)
173 2274 266 2294 statum
285 2270 352 2302 esse]
373 2270 498 2301 Chytr.:
517 2277 573 2295 esse
590 2274 685 2294 statum

99 2314 147 2346 79)
166 2311 356 2346 refellendam]
375 2314 411 2337 sic
428 2313 552 2344 (ΗΠ-τω
572 2313 680 2338 Guelf.
701 2317 722 2338 α
741 2313 875 2340 Onold.:
890 2316 1075 2340 reuellendam.

100 2357 147 2388 80)
167 2355 230 2386 Quis
248 2360 334 2380 autem
352 2356 454 2379 status?
474 2357 543 2387 quod
563 2357 630 2380 vitae
649 2357 747 2387 genus?
765 2365 817 2381 non
837 2362 875 2381 est
894 2372 925 2376 —
937 2359 1074 2390 perfectio-

169 2391 231 2422 nis.]
249 2391 285 2414 sic
303 2390 425 2420 Caela,
444 2391 498 2415 ilem
518 2390 635 2415 Onold.
655 2392 679 2414 in
697 2399 743 2423 quo
761 2395 841 2416 autem
861 2392 921 2417 eod.
935 2394 1075 2426 inter-roya-

169 2425 244 2448 riom'a
262 2425 356 2455 n'qnum
367 2425 439 2448 etiam
449 2426 517 2449 voci:
538 2425 703 2456 perfectionis
719 2425 870 2458 adscriptum
881 2430 929 2457 ατς
949 2428 1074 2459 Chytr.:

170 2457 234 2487 Quis
254 2463 339 2482 autem
363 2463 458 2489 status,
481 2460 551 2490 quod
576 2460 644 2484 vitae
667 2467 763 2489 genus,
787 2467 840 2484 non
864 2465 904 2485 est
925 2466 1006 2486 status
1032 2470 1074 2487 ac-

169 2493 311 2523 quirendae
328 2492 510 2524 perfectionis?

100 2535 148 2566 81)
167 2534 236 2566 eum]
260 2534 454 2566 spalatinus
482 2537 507 2560 in
530 2543 574 2560 ειιο
598 2536 738 2569 apoyrapho
762 2537 910 2570 uer-ipsvm:
935 2545 1005 2569 eum5
1031 2538 1076 2564 hoc

170 2568 258 2594 deinde
275 2569 473 2593 Melanthon
492 2570 580 2595 delevit
599 2575 621 2595 er
645 2579 718 2603 euper-
738 2579 809 2603 pron.
835 2571 937 2597 delatum
960 2574 1074 2605 aee-{pom

170 2610 236 2634 eum,
253 2603 282 2627 id
299 2603 365 2636 quod
381 2605 455 2629 etiam
473 2603 588 2630 Onold.
608 2609 630 2630 et
649 2605 760 2636 Chytr.
779 2605 877 2631 bahem.

531 146 762 179 APOLOGIA
788 144 1105 179 CONFESSIONIS
1128 143 1446 178 AUGUSTANAE.
1490 143 1534 177 A.

1577 141 1720 174 PRIOR.
2022 141 2091 174 31⁰

1110 237 1219 268 idonei
1241 238 1285 268 ad
1308 237 1474 278 regendas
1497 242 1531 267 et
1549 235 1719 267 docendas
1744 233 1926 266 Ecclesias.
1943 237 1996 273 52)
2023 234 2087 266 Ta-

1110 277 1154 310 lia
1177 278 1309 310 suerunt
1331 280 1428 311 inicio
1453 277 1596 321 collegia
1624 276 1737 317 Basilij
1763 283 1796 308 et
1823 278 1898 315 (fol.
1923 278 1992 315 52³)
2024 279 2087 309 Au-

1111 322 1253 364 gustini,
1284 322 1340 352 vbi
1366 322 1506 352 studiosi
1534 331 1600 352 vna
1627 321 1866 358 versabantur,
1896 327 1927 351 et
1955 330 2088 351 exerce-

1111 366 1231 395 bantur
1253 365 1286 394 in
1309 364 1415 395 sacris
1439 363 1568 401 litteris.
1592 369 1625 394 et
1643 362 1868 394 assuefiebant
1886 363 1928 393 ad
1946 363 2088 393 honesta

1112 405 1242 444 officia,
1267 412 1301 437 vt
1326 412 1443 446 postca
1466 406 1601 447 praefici
1629 404 1792 445 Ecclesijs
1820 411 1970 445 possent.
2017 405 2088 435 Nec

1113 454 1207 480 erant
1235 448 1321 479 votis
1351 454 1508 479 oneratae
1537 449 1770 479 conscientiae.
1821 446 1914 479 Talia
1943 448 1971 478 si
2001 458 2089 479 nunc

1113 497 1228 523 essent
1251 491 1463 523 monasteria,
1482 501 1580 521 nemo
1604 492 1813 531 vituperaret.

1199 533 1295 564 Nunc
1325 543 1446 574 magna
1474 542 1514 563 ex
1543 540 1637 573 parte
1665 532 1866 563 monasteria
1893 531 1984 563 alunt
2018 538 2088 563 tan-

1113 582 1181 608 tum
1205 576 1340 607 ociosos
1364 581 1511 612 ventreS,
1536 576 1591 616 qui
1621 581 1793 616 praetextu
1818 574 1989 616 religionis
2019 573 2087 606 hel-

1086 639 1091 666 ,
1114 618 1247 650 luantur
1269 616 1491 659 eleemosynis
1507 619 1559 654 ³³)
1579 617 1731 657 publicis.

1202 660 1242 692 Et
1265 661 1354 702 quod
1377 660 1551 691 hortantur
1573 670 1635 691 nos
1658 660 1858 699 aduersarij,
1887 666 1922 691 vt
1949 670 2091 701 sequen-

1117 710 1169 736 tes
1191 704 1352 735 maiorum
1374 709 1564 734 nostrorum
1594 701 1744 743 exempla
1775 701 1992 733 reformemus
2023 713 2092 733 mo-

1117 747 1274 784 nasteria,
1297 744 1397 786 plane
1418 751 1605 787 agnoscunt
1628 745 1763 776 multum
1783 746 2008 786 degenerasse
2024 755 2093 776 mo·

1118 799 1173 821 res
1197 788 1444 820 monachorum.
1489 788 1559 819 Nos
1582 787 1670 820 hanc
1698 788 1893 818 tutissimam
1922 786 2093 818 Reforma-

1120 833 1248 864 cionem
1271 841 1350 862 esse
1371 831 1566 868 iudicamus,
1588 841 1631 862 ne
1654 840 1751 871 quem
1781 829 1989 861 includamus
2014 840 2093 861 con·

1119 880 1170 906 tra
1203 874 1449 905 conscientiam.
1500 873 1632 904 Interim
1662 871 1797 904 scholas
1825 882 1994 903 sacrarum
2022 871 2093 903 lite-

1119 927 1229 948 rarum
1250 917 1283 948 in
1306 917 1431 948 nostris
1455 916 1631 947 ditionibus
1654 926 1715 956 pro
1734 916 1858 946 nostris
1881 913 2093 947 facultatibus

1120 961 1220 997 et34)
1245 960 1460 991 excitabimus
1484 964 1517 990 et
1537 959 1703 991 excitatas
1726 958 1927 989 ornabimus.

1206 1001 1379 1033 Postremo
1391 1007 1662 1043 argumentantur
1685 1001 1883 1040 aduersarij,
1904 1006 2095 1040 perpetuam

1122 1044 1307 1076 castitatem
1329 1055 1396 1076 non
1419 1054 1496 1075 esse
1517 1042 1754 1085 impossibilem
1784 1043 1922 1081 homini,
1950 1043 1992 1074 Et
2021 1053 2095 1074 cum

1121 1087 1163 1118 sit
1186 1085 1351 1126 difficilis,
1375 1087 1530 1128 precibus
1552 1086 1789 1128 impetrandam
1818 1095 1905 1117 esse.
1950 1085 2002 1117 De
2030 1085 2096 1116 hoc

1120 1136 1315 1172 argumento
1348 1139 1450 1171 supra
1482 1129 1639 1167 diximus,
1669 1130 1713 1160 ita
1747 1129 1907 1160 orandum
1930 1138 2025 1167 esse,
2062 1133 2097 1159 vt

1120 1173 1249 1204 interim
1272 1183 1339 1204 non
1363 1182 1580 1213 aspernemur
1603 1171 1683 1212 (fol.
1707 1171 1777 1210 52¹³)
1807 1171 1952 1203 remedia
1981 1181 2000 1202 a
2023 1169 2098 1202 Deo

1122 1221 1278 1253 ostensa,
1306 1216 1334 1246 si
1364 1221 1484 1255 poscat
1516 1213 1724 1246 imbecillitas
1757 1221 1892 1252 nostra,
1925 1214 2009 1244 Nam
2043 1214 2100 1255 qui

1124 1264 1212 1289 amat
1230 1256 1428 1299 periculum,
1450 1257 1569 1299 peribit
1588 1258 1621 1288 in
1642 1256 1710 1289 illo.
1745 1256 1826 1292 Quis
1850 1262 1958 1288 autem
1981 1257 2100 1295 nescit,

1123 1307 1278 1342 quantum
1307 1301 1351 1332 sit
1377 1299 1515 1342 periculi
1543 1301 1574 1332 in
1598 1299 1661 1331 hac
1685 1299 1910 1331 imbecillitate
1937 1298 2102 1331 humanae

1122 1349 1260 1375 naturae
1293 1344 1326 1374 in
1365 1343 1537 1374 acerrimis
1570 1343 1700 1383 insidijs
1736 1341 1881 1374 diaboli?
1935 1342 1987 1373 Ac
2025 1342 2097 1374 iure

1122 1387 1230 1417 sancti
1252 1386 1314 1417 viri
1337 1386 1507 1424 dixerunt,
1530 1392 1724 1427 perpetuam
1752 1394 1830 1416 esse
1855 1394 2018 1426 pugnam,
2053 1385 2098 1416 vi-

1123 1428 1261 1460 ctoriam
1280 1438 1400 1466 raram,
1420 1429 1534 1470 Itaque
1556 1438 1619 1460 nos
1642 1427 1820 1470 prohibere
1843 1438 1910 1459 non
1934 1426 2101 1466 volumus,

1122 1481 1188 1512 quo
1210 1471 1318 1502 minus
1338 1470 1390 1509 hi,
1421 1471 1477 1513 qui
1499 1481 1567 1502 non
1589 1476 1730 1512 possunt
1758 1469 1848 1502 serre
1876 1479 1960 1502 onus
1989 1480 2101 1502 mona-

1122 1514 1226 1545 sticae
1248 1514 1353 1552 vitae,
1383 1514 1580 1545 contrahant
1609 1514 1817 1546 matrimonia
1843 1513 1934 1546 iuxta
1963 1514 2102 1546 verbum

1122 1562 1156 1589 et
1178 1557 1421 1589 ordinationem
1444 1555 1520 1596 Dej.

1287 1684 1349 1717 De
1371 1684 1591 1717 Potestate
1612 1682 1936 1716 Ecclesiastica.

1210 1770 1246 1801 In
1280 1769 1346 1802 hoc
1379 1768 1521 1801 articulo
1554 1779 1622 1801 non
1649 1770 1828 1801 admodum
1852 1770 2104 1811 disputauerunt

1126 1814 1330 1853 aduersarij‚
1353 1822 1438 1854 quae
1459 1812 1592 1853 proprie
1615 1813 1658 1843 sit
1687 1819 1837 1854 potestas
1866 1811 2105 1844 Ecclesiastica

1126 1857 1216 1887 iuxta
1238 1854 1464 1897 Euangelium.
1509 1855 1593 1887 Tota
1617 1854 1687 1887 fere
1710 1855 1816 1887 oratio
1839 1854 1899 1887 fuit
1923 1856 1964 1887 de
1992 1856 2104 1887 immu-

1127 1899 1229 1930 nitate
1251 1899 1377 1930 ordinis
1399 1896 1630 1936 ecclesiastici,
1655 1908 1741 1939 quae
1764 1897 1831 1929 illis
1860 1897 2004 1930 humano
2032 1899 2104 1931 iure

1127 1942 1275 1983 contigit.
1319 1941 1390 1972 Nos
1420 1947 1528 1972 autem
1559 1951 1661 1982 saepe
1696 1941 1924 1980 diximus,=³⁵)
1957 1947 1992 1973 vt
2022 1951 2105 1984 erga

1127 1983 1224 2022 alios,
1246 1985 1291 2015 ita
1314 1993 1394 2025 erga
1417 1983 1504 2015 hunc
1528 1984 1676 2016 ordinem
1698 1983 1839 2015 libenter
1862 1985 1973 2016 omnia
1996 1984 2104 2016 ciuilia

1128 2026 1240 2059 officia
1262 2033 1445 2067 praestare.

1213 2070 1345 2101 Habent
1363 2069 1520 2111 Episcopi
1543 2070 1792 2111 possessiones,
1817 2069 1939 2101 habent
1963 2070 2104 2111 Imperia

1126 2122 1290 2144 concessa
1312 2113 1383 2145 iure
1407 2112 1559 2147 humano,
1582 2112 1654 2144 Nos
1677 2111 1756 2144 nihil
1782 2113 1920 2144 istorum
1952 2113 2106 2154 cuiquam

1127 2277 1174 2308 82)
1194 2275 1348 2307 Ecclesia-5]
1374 2274 1438 2300 banc
1464 2283 1545 2300 vocem
1572 2276 1597 2299 in
1622 2273 1764 2307 apoqrripho
1788 2273 1883 2307 Spulru.
1904 2275 2015 2298 omissam
2040 2274 2105 2298 Me-

1195 2310 1332 2376 lljiyptzl'ion
1351 2312 1377 2334 in
1386 2309 1654 2342 nmryineadacrip‘sin
1673 2309 1755 2333 eadem
1770 2309 1795 2332 i'n
1814 2309 1931 2332 Onold.
1952 2312 1974 2332 et
1993 2308 2106 2339 Chytr-

1127 2387 1172 2419 83)
1192 2386 1374 2419 eleemosynis]
1404 2390 1460 2411 ante
1484 2385 1547 2410 hanc
1569 2394 1650 2410 vocem
1676 2385 1878 2409 Melanthon
1907 2386 1933 2408 in
1963 2384 2104 2418 apoqrapho

1194 2421 1290 2454 spatas.
1309 2422 1336 2444 in
1354 2422 1465 2453 marqine
1487 2420 1597 2446 addidit:
1623 2421 1668 2449 de,
1694 2419 1759 2451 quod
1785 2421 1857 2444 etiam
1884 2420 1910 2443 in
1936 2419 2054 2444 Onold.
2081 2423 2105 2444 ee

1195 2455 1238 2479 Ch
1247 2460 1306 2487 ytr.
1325 2454 1348 2479 lt.
1369 2456 1385 2480 1.
1405 2456 1504 2486 quitur.

1125 2498 1171 2529 84)
1191 2497 1227 2530 et]
1246 2499 1272 2522 in
1290 2498 1402 2529 Chytr.
1422 2498 1496 2523 dee-st.

1125 2541 1172 2573 85)
1192 2541 1317 2572 diximus]
1336 2540 1380 2565 Ιιοσ
1397 2540 1494 2565 verbnm
1513 2540 1710 2570 Spalatinus
1729 2540 1754 2562 in
1772 2546 1815 2562 suo
1833 2538 1975 2572 apoqrapho
1994 2539 2019 2562 in
2037 2547 2102 2563 mar-

1194 2576 1250 2606 qine
1273 2575 1386 2603 addidit,
1409 2575 1449 2599 cui
1475 2574 1561 2598 deinde
1584 2573 1779 2597 Melanthon
1805 2573 1952 2606 adeor-ipsit:
1976 2581 2023 2597 nos
2049 2575 2101 2600 sic:

1195 2610 1306 2633 diximus
1324 2616 1381 2638 noS,
1400 2622 1432 2627 —
1452 2608 1567 2633 Onold.
1587 2611 1610 2632 et
1629 2607 1738 2639 chytr.
1757 2607 1858 2634 habant:
1879 2608 2000 2638 diximus,
2020 2615 2066 2632 nos

1843 2657 1895 2683 20·
