<?xml version="1.0" encoding="UTF-8"?>
<!DOCTYPE html PUBLIC "-//W3C//DTD XHTML 1.0 Transitional//EN"
    "http://www.w3.org/TR/xhtml1/DTD/xhtml1-transitional.dtd">
<html xmlns="http://www.w3.org/1999/xhtml" xml:lang="en" lang="en">
 <head>
  <title>
</title>
<meta http-equiv="Content-Type" content="text/html;charset=utf-8" />
  <meta name='ocr-system' content='tesseract 3.04.00' />
  <meta name='ocr-capabilities' content='ocr_page ocr_carea ocr_par ocr_line ocrx_word'/>
</head>
<body>
  <div class='ocr_page' id='page_1' title='image "./operaquaesupersu27melauoft_0228.png"; bbox 0 0 2366 2958; ppageno 0'>
   <div class='ocr_carea' id='block_1_1' title="bbox 234 161 2244 201">
    <p class='ocr_par' dir='ltr' id='par_1_1' title="bbox 234 161 2244 201">
     <span class='ocr_line' id='line_1_1' title="bbox 234 161 2244 201; baseline 0.002 -6"><span class='ocrx_word' id='word_1_1' title='bbox 234 162 298 195; x_wconf 81' lang='lat'>42⁷</span> <span class='ocrx_word' id='word_1_2' title='bbox 683 161 793 194; x_wconf 83' lang='lat' dir='ltr'>PHIL.</span> <span class='ocrx_word' id='word_1_3' title='bbox 816 161 920 194; x_wconf 86' lang='lat' dir='ltr'>MEL.</span> <span class='ocrx_word' id='word_1_4' title='bbox 941 161 1128 195; x_wconf 82' lang='lat' dir='ltr'>SCRIPTA</span> <span class='ocrx_word' id='word_1_5' title='bbox 1149 161 1421 196; x_wconf 71' lang='lat' dir='ltr'>DOGMATICA</span> <span class='ocrx_word' id='word_1_6' title='bbox 1442 161 1500 194; x_wconf 79' lang='lat' dir='ltr'>ET</span> <span class='ocrx_word' id='word_1_7' title='bbox 1522 162 1794 197; x_wconf 83' lang='lat' dir='ltr'>SYMBOLICA.</span> <span class='ocrx_word' id='word_1_8' title='bbox 2178 168 2244 201; x_wconf 76' lang='lat'>428</span> 
     </span>
    </p>
   </div>
   <div class='ocr_carea' id='block_1_2' title="bbox 228 254 2254 2647">
    <p class='ocr_par' dir='ltr' id='par_1_2' title="bbox 229 254 2244 764">
     <span class='ocr_line' id='line_1_2' title="bbox 233 254 2243 300; baseline 0.003 -13"><span class='ocrx_word' id='word_1_9' title='bbox 233 254 299 287; x_wconf 86' lang='lat' dir='ltr'>hoc</span> <span class='ocrx_word' id='word_1_10' title='bbox 320 261 385 292; x_wconf 88' lang='lat' dir='ltr'>est,</span> <span class='ocrx_word' id='word_1_11' title='bbox 407 264 541 286; x_wconf 88' lang='lat' dir='ltr'>manere</span> <span class='ocrx_word' id='word_1_12' title='bbox 560 261 746 296; x_wconf 86' lang='lat' dir='ltr'>peccatum,</span> <span class='ocrx_word' id='word_1_13' title='bbox 767 256 899 286; x_wconf 84' lang='lat' dir='ltr'>tametsi</span> <span class='ocrx_word' id='word_1_14' title='bbox 928 265 994 287; x_wconf 90' lang='lat' dir='ltr'>non</span> <span class='ocrx_word' id='word_1_15' title='bbox 1024 257 1209 297; x_wconf 83' lang='lat' dir='ltr'>imputetur.</span> <span class='ocrx_word' id='word_1_16' title='bbox 1262 255 1516 297; x_wconf 71' lang='lat' dir='ltr'>prehendimus,</span> <span class='ocrx_word' id='word_1_17' title='bbox 1551 257 1613 288; x_wconf 88' lang='lat' dir='ltr'>sed</span> <span class='ocrx_word' id='word_1_18' title='bbox 1646 267 1712 289; x_wconf 92' lang='lat' dir='ltr'>non</span> <span class='ocrx_word' id='word_1_19' title='bbox 1737 266 1830 289; x_wconf 85' lang='lat' dir='ltr'>recte</span> <span class='ocrx_word' id='word_1_20' title='bbox 1859 259 2077 300; x_wconf 79' lang='lat' dir='ltr'>detorquetur</span> <span class='ocrx_word' id='word_1_21' title='bbox 2109 262 2151 292; x_wconf 86' lang='lat' dir='ltr'>ad</span> <span class='ocrx_word' id='word_1_22' title='bbox 2186 271 2243 293; x_wconf 85' lang='lat' dir='ltr'>ex-</span> 
     </span>
     <span class='ocr_line' id='line_1_3' title="bbox 233 296 2242 342; baseline 0.003 -14"><span class='ocrx_word' id='word_1_23' title='bbox 233 297 275 328; x_wconf 81' lang='lat' dir='ltr'>Et</span> <span class='ocrx_word' id='word_1_24' title='bbox 309 297 394 329; x_wconf 84' lang='lat' dir='ltr'>haec</span> <span class='ocrx_word' id='word_1_25' title='bbox 421 298 592 329; x_wconf 83' lang='lat' dir='ltr'>sentencia</span> <span class='ocrx_word' id='word_1_26' title='bbox 621 298 705 329; x_wconf 83' lang='lat' dir='ltr'>adeo</span> <span class='ocrx_word' id='word_1_27' title='bbox 739 296 861 337; x_wconf 78' lang='lat' dir='ltr'><strong>placuit</strong></span> <span class='ocrx_word' id='word_1_28' title='bbox 889 299 1210 339; x_wconf 81' lang='lat' dir='ltr'>posterioribus,¹⁵)</span> <span class='ocrx_word' id='word_1_29' title='bbox 1263 299 1463 330; x_wconf 87' lang='lat' dir='ltr'>tenuandum</span> <span class='ocrx_word' id='word_1_30' title='bbox 1485 306 1662 340; x_wconf 86' lang='lat' dir='ltr'>peccatum</span> <span class='ocrx_word' id='word_1_31' title='bbox 1684 302 1822 342; x_wconf 76' lang='lat' dir='ltr'>originis</span> <span class='ocrx_word' id='word_1_32' title='bbox 1832 323 1842 338; x_wconf 92' lang='lat'>,</span> <span class='ocrx_word' id='word_1_33' title='bbox 1872 300 1912 331; x_wconf 85' lang='lat' dir='ltr'>Et</span> <span class='ocrx_word' id='word_1_34' title='bbox 1937 307 2044 333; x_wconf 87' lang='lat' dir='ltr'>tamen</span> <span class='ocrx_word' id='word_1_35' title='bbox 2073 303 2138 334; x_wconf 87' lang='lat' dir='ltr'>hae</span> <span class='ocrx_word' id='word_1_36' title='bbox 2167 313 2242 335; x_wconf 86' lang='lat' dir='ltr'>sen-</span> 
     </span>
     <span class='ocr_line' id='line_1_4' title="bbox 233 339 2244 387; baseline 0.003 -16"><span class='ocrx_word' id='word_1_37' title='bbox 233 346 268 371; x_wconf 76' lang='lat' dir='ltr'>vt</span> <span class='ocrx_word' id='word_1_38' title='bbox 293 340 431 372; x_wconf 86' lang='lat' dir='ltr'>recitata</span> <span class='ocrx_word' id='word_1_39' title='bbox 455 341 497 371; x_wconf 86' lang='lat' dir='ltr'>sit</span> <span class='ocrx_word' id='word_1_40' title='bbox 520 346 551 370; x_wconf 88' lang='lat' dir='ltr'>et</span> <span class='ocrx_word' id='word_1_41' title='bbox 574 341 605 370; x_wconf 94' lang='lat' dir='ltr'>in</span> <span class='ocrx_word' id='word_1_42' title='bbox 632 340 794 370; x_wconf 75' lang='lat' dir='ltr'>Decretis.</span> <span class='ocrx_word' id='word_1_43' title='bbox 841 340 882 371; x_wconf 86' lang='lat' dir='ltr'>Et</span> <span class='ocrx_word' id='word_1_44' title='bbox 911 346 1028 372; x_wconf 90' lang='lat' dir='ltr'>contra</span> <span class='ocrx_word' id='word_1_45' title='bbox 1051 341 1210 373; x_wconf 83' lang='lat' dir='ltr'>lulianum</span> <span class='ocrx_word' id='word_1_46' title='bbox 1262 341 1392 372; x_wconf 87' lang='lat' dir='ltr'>tenciae</span> <span class='ocrx_word' id='word_1_47' title='bbox 1414 339 1570 382; x_wconf 86' lang='lat' dir='ltr'>leguntur</span> <span class='ocrx_word' id='word_1_48' title='bbox 1596 343 1683 382; x_wconf 82' lang='lat' dir='ltr'>apud</span> <span class='ocrx_word' id='word_1_49' title='bbox 1713 342 1962 382; x_wconf 72' lang='lat' dir='ltr'>scholasticos,</span> <span class='ocrx_word' id='word_1_50' title='bbox 1997 345 2053 386; x_wconf 89' lang='lat' dir='ltr'>qui</span> <span class='ocrx_word' id='word_1_51' title='bbox 2085 346 2244 387; x_wconf 83' lang='lat' dir='ltr'>intempe-</span> 
     </span>
     <span class='ocr_line' id='line_1_5' title="bbox 232 374 2244 426; baseline 0.004 -13"><span class='ocrx_word' id='word_1_52' title='bbox 232 383 337 424; x_wconf 88' lang='lat' dir='ltr'>inquit</span> <span class='ocrx_word' id='word_1_53' title='bbox 360 382 584 423; x_wconf 74' lang='lat' dir='ltr'>Augustinus·</span> <span class='ocrx_word' id='word_1_54' title='bbox 609 382 679 413; x_wconf 84' lang='lat' dir='ltr'>Lex</span> <span class='ocrx_word' id='word_1_55' title='bbox 707 382 771 413; x_wconf 81' lang='lat' dir='ltr'>ista</span> <span class='ocrx_word' id='word_1_56' title='bbox 798 392 883 424; x_wconf 85' lang='lat' dir='ltr'>quae</span> <span class='ocrx_word' id='word_1_57' title='bbox 912 390 963 415; x_wconf 88' lang='lat' dir='ltr'>est</span> <span class='ocrx_word' id='word_1_58' title='bbox 992 385 1024 415; x_wconf 79' lang='lat' dir='ltr'>in</span> <span class='ocrx_word' id='word_1_59' title='bbox 1054 385 1210 416; x_wconf 89' lang='lat' dir='ltr'>membris</span> <span class='ocrx_word' id='word_1_60' title='bbox 1233 374 1238 413; x_wconf 94' lang='lat' dir='ltr'>l</span> <span class='ocrx_word' id='word_1_61' title='bbox 1262 384 1347 415; x_wconf 85' lang='lat' dir='ltr'>stiue</span> <span class='ocrx_word' id='word_1_62' title='bbox 1371 385 1587 415; x_wconf 78' lang='lat' dir='ltr'>commiscent</span> <span class='ocrx_word' id='word_1_63' title='bbox 1601 383 1865 426; x_wconf 74' lang='lat' dir='ltr'>philosophicam</span> <span class='ocrx_word' id='word_1_64' title='bbox 1888 397 1949 418; x_wconf 83' lang='lat' dir='ltr'>seu</span> <span class='ocrx_word' id='word_1_65' title='bbox 1969 386 2098 419; x_wconf 88' lang='lat' dir='ltr'>ciuilem</span> <span class='ocrx_word' id='word_1_66' title='bbox 2119 389 2244 421; x_wconf 86' lang='lat' dir='ltr'>doctri-</span> 
     </span>
     <span class='ocr_line' id='line_1_6' title="bbox 233 425 2244 471; baseline 0.003 -15"><span class='ocrx_word' id='word_1_67' title='bbox 233 426 372 457; x_wconf 77' lang='lat' dir='ltr'>remissa</span> <span class='ocrx_word' id='word_1_68' title='bbox 403 432 453 456; x_wconf 88' lang='lat' dir='ltr'>est</span> <span class='ocrx_word' id='word_1_69' title='bbox 485 425 738 466; x_wconf 82' lang='lat' dir='ltr'>regeneratione</span> <span class='ocrx_word' id='word_1_70' title='bbox 760 425 939 465; x_wconf 74' lang='lat' dir='ltr'>spirituali,</span> <span class='ocrx_word' id='word_1_71' title='bbox 973 433 1006 458; x_wconf 86' lang='lat' dir='ltr'>et</span> <span class='ocrx_word' id='word_1_72' title='bbox 1039 433 1149 459; x_wconf 88' lang='lat' dir='ltr'>manet</span> <span class='ocrx_word' id='word_1_73' title='bbox 1177 428 1210 458; x_wconf 90' lang='lat' dir='ltr'>in</span> <span class='ocrx_word' id='word_1_74' title='bbox 1263 436 1338 457; x_wconf 83' lang='lat' dir='ltr'>nam</span> <span class='ocrx_word' id='word_1_75' title='bbox 1362 425 1404 457; x_wconf 84' lang='lat' dir='ltr'>de</span> <span class='ocrx_word' id='word_1_76' title='bbox 1432 427 1580 458; x_wconf 85' lang='lat' dir='ltr'>moribus</span> <span class='ocrx_word' id='word_1_77' title='bbox 1611 437 1686 458; x_wconf 91' lang='lat' dir='ltr'>cum</span> <span class='ocrx_word' id='word_1_78' title='bbox 1714 428 1909 470; x_wconf 75' lang='lat' dir='ltr'>Euangelio.</span> <span class='ocrx_word' id='word_1_79' title='bbox 1956 429 2070 471; x_wconf 83' lang='lat' dir='ltr'>Neque</span> <span class='ocrx_word' id='word_1_80' title='bbox 2098 429 2182 462; x_wconf 78' lang='lat' dir='ltr'>haec</span> <span class='ocrx_word' id='word_1_81' title='bbox 2209 433 2244 463; x_wconf 83' lang='lat' dir='ltr'>in</span> 
     </span>
     <span class='ocr_line' id='line_1_7' title="bbox 233 467 2244 512; baseline 0.002 -12"><span class='ocrx_word' id='word_1_82' title='bbox 233 478 334 500; x_wconf 84' lang='lat' dir='ltr'>carne</span> <span class='ocrx_word' id='word_1_83' title='bbox 357 467 497 499; x_wconf 58' lang='lat' dir='ltr'>mundi.</span> <span class='ocrx_word' id='word_1_84' title='bbox 543 467 695 498; x_wconf 81' lang='lat' dir='ltr'>Remissa</span> <span class='ocrx_word' id='word_1_85' title='bbox 729 474 798 503; x_wconf 85' lang='lat' dir='ltr'>est,</span> <span class='ocrx_word' id='word_1_86' title='bbox 832 469 909 509; x_wconf 84' lang='lat' dir='ltr'>quia</span> <span class='ocrx_word' id='word_1_87' title='bbox 936 475 1047 501; x_wconf 85' lang='lat' dir='ltr'>reatus</span> <span class='ocrx_word' id='word_1_88' title='bbox 1079 469 1210 501; x_wconf 89' lang='lat' dir='ltr'>solutus</span> <span class='ocrx_word' id='word_1_89' title='bbox 1263 467 1397 500; x_wconf 88' lang='lat' dir='ltr'>Scholis</span> <span class='ocrx_word' id='word_1_90' title='bbox 1427 475 1552 500; x_wconf 90' lang='lat' dir='ltr'>tantum</span> <span class='ocrx_word' id='word_1_91' title='bbox 1579 470 1849 511; x_wconf 71' lang='lat' dir='ltr'>disputabantur,</span> <span class='ocrx_word' id='word_1_92' title='bbox 1876 472 1938 503; x_wconf 87' lang='lat' dir='ltr'>sed</span> <span class='ocrx_word' id='word_1_93' title='bbox 1965 482 2007 503; x_wconf 80' lang='lat' dir='ltr'>ex</span> <span class='ocrx_word' id='word_1_94' title='bbox 2036 472 2180 512; x_wconf 76' lang='lat' dir='ltr'>scholis,</span> <span class='ocrx_word' id='word_1_95' title='bbox 2207 480 2244 505; x_wconf 90' lang='lat' dir='ltr'>vt</span> 
     </span>
     <span class='ocr_line' id='line_1_8' title="bbox 232 511 2243 556; baseline 0.003 -15"><span class='ocrx_word' id='word_1_96' title='bbox 232 516 284 542; x_wconf 89' lang='lat' dir='ltr'>est</span> <span class='ocrx_word' id='word_1_97' title='bbox 318 517 526 541; x_wconf 87' lang='lat' dir='ltr'>sacramento</span> <span class='ocrx_word' id='word_1_98' title='bbox 560 520 626 551; x_wconf 84' lang='lat' dir='ltr'>quo</span> <span class='ocrx_word' id='word_1_99' title='bbox 661 516 881 542; x_wconf 86' lang='lat' dir='ltr'>renascuntur</span> <span class='ocrx_word' id='word_1_100' title='bbox 914 511 1042 544; x_wconf 84' lang='lat' dir='ltr'>fideles.</span> <span class='ocrx_word' id='word_1_101' title='bbox 1099 513 1211 544; x_wconf 84' lang='lat' dir='ltr'>Manet</span> <span class='ocrx_word' id='word_1_102' title='bbox 1264 511 1311 550; x_wconf 89' lang='lat' dir='ltr'>fit,</span> <span class='ocrx_word' id='word_1_103' title='bbox 1336 512 1557 543; x_wconf 85' lang='lat' dir='ltr'>efferebantur</span> <span class='ocrx_word' id='word_1_104' title='bbox 1579 513 1621 543; x_wconf 90' lang='lat' dir='ltr'>ad</span> <span class='ocrx_word' id='word_1_105' title='bbox 1639 511 1806 553; x_wconf 87' lang='lat' dir='ltr'>populum.</span> <span class='ocrx_word' id='word_1_106' title='bbox 1851 514 1893 545; x_wconf 88' lang='lat' dir='ltr'>Et</span> <span class='ocrx_word' id='word_1_107' title='bbox 1915 513 1978 545; x_wconf 88' lang='lat' dir='ltr'>hae</span> <span class='ocrx_word' id='word_1_108' title='bbox 2005 517 2243 556; x_wconf 80' lang='lat' dir='ltr'>persuasiones</span> 
     </span>
     <span class='ocr_line' id='line_1_9' title="bbox 231 553 2244 597; baseline 0.003 -13"><span class='ocrx_word' id='word_1_109' title='bbox 231 559 340 584; x_wconf 85' lang='lat' dir='ltr'>autem</span> <span class='ocrx_word' id='word_1_110' title='bbox 361 553 437 593; x_wconf 88' lang='lat' dir='ltr'>quia</span> <span class='ocrx_word' id='word_1_111' title='bbox 466 559 622 594; x_wconf 75' lang='lat' dir='ltr'>operatur</span> <span class='ocrx_word' id='word_1_112' title='bbox 650 553 833 593; x_wconf 86' lang='lat' dir='ltr'>desideria,</span> <span class='ocrx_word' id='word_1_113' title='bbox 862 560 977 586; x_wconf 84' lang='lat' dir='ltr'>contra</span> <span class='ocrx_word' id='word_1_114' title='bbox 1006 566 1092 597; x_wconf 85' lang='lat' dir='ltr'>quae</span> <span class='ocrx_word' id='word_1_115' title='bbox 1120 556 1211 587; x_wconf 90' lang='lat' dir='ltr'>dimi·</span> <span class='ocrx_word' id='word_1_116' title='bbox 1262 555 1468 596; x_wconf 89' lang='lat' dir='ltr'>regnabant,</span> <span class='ocrx_word' id='word_1_117' title='bbox 1490 560 1522 585; x_wconf 86' lang='lat' dir='ltr'>ct</span> <span class='ocrx_word' id='word_1_118' title='bbox 1546 553 1679 586; x_wconf 88' lang='lat' dir='ltr'>alebant</span> <span class='ocrx_word' id='word_1_119' title='bbox 1701 556 1853 588; x_wconf 85' lang='lat' dir='ltr'>fiduciam</span> <span class='ocrx_word' id='word_1_120' title='bbox 1883 557 2098 589; x_wconf 83' lang='lat' dir='ltr'>humanarum</span> <span class='ocrx_word' id='word_1_121' title='bbox 2127 559 2244 590; x_wconf 64' lang='lat' dir='ltr'>xirium</span> 
     </span>
     <span class='ocr_line' id='line_1_10' title="bbox 233 593 2243 640; baseline 0.002 -13"><span class='ocrx_word' id='word_1_122' title='bbox 233 602 309 627; x_wconf 67' lang='lat' dir='ltr'>caut</span> <span class='ocrx_word' id='word_1_123' title='bbox 349 593 474 626; x_wconf 88' lang='lat' dir='ltr'>fideles.</span> <span class='ocrx_word' id='word_1_124' title='bbox 532 595 588 626; x_wconf 90' lang='lat' dir='ltr'>Sic</span> <span class='ocrx_word' id='word_1_125' title='bbox 628 597 752 627; x_wconf 87' lang='lat' dir='ltr'>sentire</span> <span class='ocrx_word' id='word_1_126' title='bbox 791 607 832 628; x_wconf 87' lang='lat' dir='ltr'>ac</span> <span class='ocrx_word' id='word_1_127' title='bbox 872 597 996 629; x_wconf 88' lang='lat' dir='ltr'>docere</span> <span class='ocrx_word' id='word_1_128' title='bbox 1029 598 1211 630; x_wconf 87' lang='lat' dir='ltr'>Luthcrum</span> <span class='ocrx_word' id='word_1_129' title='bbox 1263 603 1296 628; x_wconf 84' lang='lat' dir='ltr'>et</span> <span class='ocrx_word' id='word_1_130' title='bbox 1329 598 1560 638; x_wconf 86' lang='lat' dir='ltr'>opprimebant</span> <span class='ocrx_word' id='word_1_131' title='bbox 1594 599 1816 640; x_wconf 82' lang='lat' dir='ltr'>cognitionem</span> <span class='ocrx_word' id='word_1_132' title='bbox 1845 601 1974 640; x_wconf 81' lang='lat' dir='ltr'>gratiae</span> <span class='ocrx_word' id='word_1_133' title='bbox 2004 599 2139 631; x_wconf 78' lang='lat' dir='ltr'>Christi.</span> <span class='ocrx_word' id='word_1_134' title='bbox 2185 601 2243 632; x_wconf 86' lang='lat' dir='ltr'>lta-</span> 
     </span>
     <span class='ocr_line' id='line_1_11' title="bbox 231 637 1211 682; baseline 0.004 -14"><span class='ocrx_word' id='word_1_135' title='bbox 231 639 338 669; x_wconf 81' lang='lat' dir='ltr'>sciunt</span> <span class='ocrx_word' id='word_1_136' title='bbox 361 638 558 679; x_wconf 78' lang='lat' dir='ltr'>aduersarij,</span> <span class='ocrx_word' id='word_1_137' title='bbox 582 637 623 669; x_wconf 84' lang='lat' dir='ltr'>Et</span> <span class='ocrx_word' id='word_1_138' title='bbox 646 649 720 670; x_wconf 85' lang='lat' dir='ltr'>cum</span> <span class='ocrx_word' id='word_1_139' title='bbox 743 648 813 670; x_wconf 81' lang='lat' dir='ltr'>rem</span> <span class='ocrx_word' id='word_1_140' title='bbox 835 639 1024 681; x_wconf 87' lang='lat' dir='ltr'>improbare</span> <span class='ocrx_word' id='word_1_141' title='bbox 1046 651 1112 672; x_wconf 89' lang='lat' dir='ltr'>non</span> <span class='ocrx_word' id='word_1_142' title='bbox 1135 651 1211 682; x_wconf 89' lang='lat' dir='ltr'>pos·</span> 
     </span>
     <span class='ocr_line' id='line_1_12' title="bbox 231 681 1211 719; baseline 0.004 -7"><span class='ocrx_word' id='word_1_143' title='bbox 231 682 313 719; x_wconf 88' lang='lat' dir='ltr'>sint,</span> <span class='ocrx_word' id='word_1_144' title='bbox 347 681 450 712; x_wconf 84' lang='lat' dir='ltr'>verba</span> <span class='ocrx_word' id='word_1_145' title='bbox 483 687 593 712; x_wconf 85' lang='lat' dir='ltr'>tamen</span> <span class='ocrx_word' id='word_1_146' title='bbox 627 681 887 719; x_wconf 81' lang='lat' dir='ltr'>calumniantur,</span> <span class='ocrx_word' id='word_1_147' title='bbox 916 689 951 714; x_wconf 88' lang='lat' dir='ltr'>vt</span> <span class='ocrx_word' id='word_1_148' title='bbox 979 682 1045 714; x_wconf 92' lang='lat' dir='ltr'>hoc</span> <span class='ocrx_word' id='word_1_149' title='bbox 1068 684 1211 716; x_wconf 84' lang='lat' dir='ltr'>artificio</span> 
     </span>
     <span class='ocr_line' id='line_1_13' title="bbox 229 723 658 764; baseline -0.002 -9"><span class='ocrx_word' id='word_1_150' title='bbox 229 723 439 755; x_wconf 86' lang='lat' dir='ltr'>innocentem</span> <span class='ocrx_word' id='word_1_151' title='bbox 462 725 658 764; x_wconf 85' lang='lat' dir='ltr'>opprimant.</span> 
     </span>
    </p>

    <p class='ocr_par' dir='ltr' id='par_1_3' title="bbox 228 766 1213 1578">
     <span class='ocr_line' id='line_1_14' title="bbox 317 766 1211 808; baseline 0.003 -12"><span class='ocrx_word' id='word_1_152' title='bbox 317 766 361 797; x_wconf 74' lang='lat' dir='ltr'>At</span> <span class='ocrx_word' id='word_1_153' title='bbox 395 766 561 807; x_wconf 85' lang='lat' dir='ltr'>disputant</span> <span class='ocrx_word' id='word_1_154' title='bbox 602 768 903 808; x_wconf 78' lang='lat' dir='ltr'>concupiscentiam</span> <span class='ocrx_word' id='word_1_155' title='bbox 938 777 1079 808; x_wconf 82' lang='lat' dir='ltr'>poenam</span> <span class='ocrx_word' id='word_1_156' title='bbox 1120 778 1211 807; x_wconf 88' lang='lat' dir='ltr'>esse,</span> 
     </span>
     <span class='ocr_line' id='line_1_15' title="bbox 229 809 1209 851; baseline 0.002 -11"><span class='ocrx_word' id='word_1_157' title='bbox 229 818 296 840; x_wconf 92' lang='lat' dir='ltr'>non</span> <span class='ocrx_word' id='word_1_158' title='bbox 309 815 495 850; x_wconf 86' lang='lat' dir='ltr'>peccatum,</span> <span class='ocrx_word' id='word_1_159' title='bbox 516 811 564 847; x_wconf 74' lang='lat'>¹⁶)</span> <span class='ocrx_word' id='word_1_160' title='bbox 588 809 753 841; x_wconf 85' lang='lat' dir='ltr'>Lutherus</span> <span class='ocrx_word' id='word_1_161' title='bbox 771 809 917 841; x_wconf 84' lang='lat' dir='ltr'>defendit</span> <span class='ocrx_word' id='word_1_162' title='bbox 928 816 1103 851; x_wconf 85' lang='lat' dir='ltr'>peccatum</span> <span class='ocrx_word' id='word_1_163' title='bbox 1121 821 1209 843; x_wconf 88' lang='lat' dir='ltr'>esse.</span> 
     </span>
     <span class='ocr_line' id='line_1_16' title="bbox 230 851 1211 894; baseline 0.002 -11"><span class='ocrx_word' id='word_1_164' title='bbox 230 851 339 893; x_wconf 88' lang='lat' dir='ltr'>Supra</span> <span class='ocrx_word' id='word_1_165' title='bbox 373 852 495 883; x_wconf 89' lang='lat' dir='ltr'>dictum</span> <span class='ocrx_word' id='word_1_166' title='bbox 524 858 575 883; x_wconf 86' lang='lat' dir='ltr'>est</span> <span class='ocrx_word' id='word_1_167' title='bbox 609 853 832 894; x_wconf 69' lang='lat' dir='ltr'>Augustinum</span> <span class='ocrx_word' id='word_1_168' title='bbox 866 853 1004 884; x_wconf 84' lang='lat' dir='ltr'>definire</span> <span class='ocrx_word' id='word_1_169' title='bbox 1036 859 1211 894; x_wconf 89' lang='lat' dir='ltr'>peccatum</span> 
     </span>
     <span class='ocr_line' id='line_1_17' title="bbox 229 894 1209 936; baseline 0.001 -10"><span class='ocrx_word' id='word_1_170' title='bbox 229 894 379 936; x_wconf 85' lang='lat' dir='ltr'>originis,</span> <span class='ocrx_word' id='word_1_171' title='bbox 401 895 490 936; x_wconf 89' lang='lat' dir='ltr'>quod</span> <span class='ocrx_word' id='word_1_172' title='bbox 514 895 556 926; x_wconf 85' lang='lat' dir='ltr'>sit</span> <span class='ocrx_word' id='word_1_173' title='bbox 579 897 867 936; x_wconf 87' lang='lat' dir='ltr'>concupiscentia,</span> <span class='ocrx_word' id='word_1_174' title='bbox 892 895 1112 936; x_wconf 83' lang='lat' dir='ltr'>Expostulent</span> <span class='ocrx_word' id='word_1_175' title='bbox 1136 907 1209 928; x_wconf 89' lang='lat' dir='ltr'>cum</span> 
     </span>
     <span class='ocr_line' id='line_1_18' title="bbox 229 937 1209 979; baseline 0.002 -11"><span class='ocrx_word' id='word_1_176' title='bbox 229 937 430 979; x_wconf 80' lang='lat' dir='ltr'>Augustino,</span> <span class='ocrx_word' id='word_1_177' title='bbox 451 938 480 968; x_wconf 88' lang='lat' dir='ltr'>si</span> <span class='ocrx_word' id='word_1_178' title='bbox 527 937 581 969; x_wconf 79' lang='lat' dir='ltr'>uid</span> <span class='ocrx_word' id='word_1_179' title='bbox 593 937 692 969; x_wconf 88' lang='lat' dir='ltr'>habet</span> <span class='ocrx_word' id='word_1_180' title='bbox 715 938 913 969; x_wconf 85' lang='lat' dir='ltr'>incommodi</span> <span class='ocrx_word' id='word_1_181' title='bbox 931 937 1016 969; x_wconf 87' lang='lat' dir='ltr'>haec</span> <span class='ocrx_word' id='word_1_182' title='bbox 1027 940 1209 970; x_wconf 87' lang='lat' dir='ltr'>sentencia.</span> 
     </span>
     <span class='ocr_line' id='line_1_19' title="bbox 230 979 1209 1021; baseline 0.002 -10"><span class='ocrx_word' id='word_1_183' title='bbox 230 979 409 1011; x_wconf 86' lang='lat' dir='ltr'>Praeterea</span> <span class='ocrx_word' id='word_1_184' title='bbox 442 979 489 1011; x_wconf 79' lang='lat' dir='ltr'>Pa</span> <span class='ocrx_word' id='word_1_185' title='bbox 528 990 566 1011; x_wconf 92' lang='lat' dir='ltr'>us</span> <span class='ocrx_word' id='word_1_186' title='bbox 598 980 644 1011; x_wconf 89' lang='lat' dir='ltr'>ait</span> <span class='ocrx_word' id='word_1_187' title='bbox 678 981 984 1021; x_wconf 81' lang='lat' dir='ltr'>concupiscentiam</span> <span class='ocrx_word' id='word_1_188' title='bbox 1018 982 1209 1013; x_wconf 86' lang='lat' dir='ltr'>nesciebam</span> 
     </span>
     <span class='ocr_line' id='line_1_20' title="bbox 230 1021 1210 1063; baseline 0.002 -10"><span class='ocrx_word' id='word_1_189' title='bbox 230 1032 308 1054; x_wconf 86' lang='lat' dir='ltr'>esse</span> <span class='ocrx_word' id='word_1_190' title='bbox 337 1028 528 1063; x_wconf 85' lang='lat' dir='ltr'>peccatum,</span> <span class='ocrx_word' id='word_1_191' title='bbox 557 1023 619 1053; x_wconf 86' lang='lat' dir='ltr'>nisi</span> <span class='ocrx_word' id='word_1_192' title='bbox 647 1021 700 1054; x_wconf 90' lang='lat' dir='ltr'>lex</span> <span class='ocrx_word' id='word_1_193' title='bbox 731 1023 867 1054; x_wconf 88' lang='lat' dir='ltr'>diceret.</span> <span class='ocrx_word' id='word_1_194' title='bbox 887 1025 937 1058; x_wconf 90' lang='lat'>¹⁷)</span> <span class='ocrx_word' id='word_1_195' title='bbox 982 1023 1057 1054; x_wconf 93' lang='lat' dir='ltr'>Non</span> <span class='ocrx_word' id='word_1_196' title='bbox 1088 1034 1210 1055; x_wconf 85' lang='lat' dir='ltr'>concu-</span> 
     </span>
     <span class='ocr_line' id='line_1_21' title="bbox 229 1064 1210 1107; baseline 0.002 -11"><span class='ocrx_word' id='word_1_197' title='bbox 229 1066 351 1107; x_wconf 83' lang='lat' dir='ltr'>pisces.</span> <span class='ocrx_word' id='word_1_198' title='bbox 396 1065 477 1096; x_wconf 89' lang='lat' dir='ltr'>ltem</span> <span class='ocrx_word' id='word_1_199' title='bbox 496 1067 558 1103; x_wconf 79' lang='lat'><strong>¹⁷¹)</strong></span> <span class='ocrx_word' id='word_1_200' title='bbox 592 1065 690 1097; x_wconf 88' lang='lat' dir='ltr'>video</span> <span class='ocrx_word' id='word_1_201' title='bbox 725 1065 822 1097; x_wconf 87' lang='lat' dir='ltr'>aliam</span> <span class='ocrx_word' id='word_1_202' title='bbox 852 1064 959 1107; x_wconf 89' lang='lat' dir='ltr'>legem</span> <span class='ocrx_word' id='word_1_203' title='bbox 989 1067 1023 1097; x_wconf 90' lang='lat' dir='ltr'>in</span> <span class='ocrx_word' id='word_1_204' title='bbox 1053 1067 1210 1098; x_wconf 89' lang='lat' dir='ltr'>membris</span> 
     </span>
     <span class='ocr_line' id='line_1_22' title="bbox 229 1106 1211 1151; baseline 0.001 -11"><span class='ocrx_word' id='word_1_205' title='bbox 229 1108 312 1140; x_wconf 86' lang='lat' dir='ltr'>meis</span> <span class='ocrx_word' id='word_1_206' title='bbox 334 1113 573 1150; x_wconf 82' lang='lat' dir='ltr'>repugnantem</span> <span class='ocrx_word' id='word_1_207' title='bbox 602 1106 669 1151; x_wconf 85' lang='lat' dir='ltr'>legi</span> <span class='ocrx_word' id='word_1_208' title='bbox 698 1109 815 1140; x_wconf 89' lang='lat' dir='ltr'>mentis</span> <span class='ocrx_word' id='word_1_209' title='bbox 844 1119 958 1148; x_wconf 84' lang='lat' dir='ltr'>meae,</span> <span class='ocrx_word' id='word_1_210' title='bbox 983 1115 1016 1140; x_wconf 91' lang='lat' dir='ltr'>et</span> <span class='ocrx_word' id='word_1_211' title='bbox 1044 1110 1211 1151; x_wconf 87' lang='lat' dir='ltr'>captiuan—</span> 
     </span>
     <span class='ocr_line' id='line_1_23' title="bbox 230 1149 1211 1192; baseline 0.001 -11"><span class='ocrx_word' id='word_1_212' title='bbox 230 1156 295 1182; x_wconf 88' lang='lat' dir='ltr'>tem</span> <span class='ocrx_word' id='word_1_213' title='bbox 319 1160 371 1181; x_wconf 90' lang='lat' dir='ltr'>me</span> <span class='ocrx_word' id='word_1_214' title='bbox 400 1149 467 1192; x_wconf 87' lang='lat' dir='ltr'>legi</span> <span class='ocrx_word' id='word_1_215' title='bbox 496 1151 644 1191; x_wconf 79' lang='lat' dir='ltr'>peccati,</span> <span class='ocrx_word' id='word_1_216' title='bbox 678 1161 763 1192; x_wconf 87' lang='lat' dir='ltr'>quae</span> <span class='ocrx_word' id='word_1_217' title='bbox 792 1158 844 1182; x_wconf 87' lang='lat' dir='ltr'>est</span> <span class='ocrx_word' id='word_1_218' title='bbox 872 1153 905 1182; x_wconf 90' lang='lat' dir='ltr'>in</span> <span class='ocrx_word' id='word_1_219' title='bbox 934 1152 1090 1184; x_wconf 89' lang='lat' dir='ltr'>membris</span> <span class='ocrx_word' id='word_1_220' title='bbox 1117 1153 1211 1184; x_wconf 79' lang='lat' dir='ltr'>ineis.</span> 
     </span>
     <span class='ocr_line' id='line_1_24' title="bbox 230 1192 1210 1236; baseline 0.002 -12"><span class='ocrx_word' id='word_1_221' title='bbox 230 1192 321 1225; x_wconf 80' lang='lat' dir='ltr'>Haec</span> <span class='ocrx_word' id='word_1_222' title='bbox 344 1194 533 1225; x_wconf 88' lang='lat' dir='ltr'>testimonia</span> <span class='ocrx_word' id='word_1_223' title='bbox 561 1192 652 1224; x_wconf 87' lang='lat' dir='ltr'>nulla</span> <span class='ocrx_word' id='word_1_224' title='bbox 683 1193 896 1226; x_wconf 85' lang='lat' dir='ltr'>cauillatione</span> <span class='ocrx_word' id='word_1_225' title='bbox 923 1195 1028 1226; x_wconf 88' lang='lat' dir='ltr'>euerti</span> <span class='ocrx_word' id='word_1_226' title='bbox 1057 1201 1210 1236; x_wconf 87' lang='lat' dir='ltr'>possunt.</span> 
     </span>
     <span class='ocr_line' id='line_1_25' title="bbox 230 1234 1212 1279; baseline 0.003 -12"><span class='ocrx_word' id='word_1_227' title='bbox 230 1234 330 1268; x_wconf 91' lang='lat' dir='ltr'>Clare</span> <span class='ocrx_word' id='word_1_228' title='bbox 364 1236 450 1267; x_wconf 91' lang='lat' dir='ltr'>enim</span> <span class='ocrx_word' id='word_1_229' title='bbox 485 1234 655 1278; x_wconf 84' lang='lat' dir='ltr'>appellant</span> <span class='ocrx_word' id='word_1_230' title='bbox 688 1237 992 1278; x_wconf 86' lang='lat' dir='ltr'>concupiscentiam</span> <span class='ocrx_word' id='word_1_231' title='bbox 1026 1243 1212 1279; x_wconf 86' lang='lat' dir='ltr'>peccatum,</span> 
     </span>
     <span class='ocr_line' id='line_1_26' title="bbox 230 1277 1212 1322; baseline 0.002 -12"><span class='ocrx_word' id='word_1_232' title='bbox 230 1277 329 1314; x_wconf 86' lang='lat' dir='ltr'>Quod</span> <span class='ocrx_word' id='word_1_233' title='bbox 352 1285 462 1310; x_wconf 86' lang='lat' dir='ltr'>tamen</span> <span class='ocrx_word' id='word_1_234' title='bbox 481 1278 532 1310; x_wconf 92' lang='lat' dir='ltr'>his</span> <span class='ocrx_word' id='word_1_235' title='bbox 557 1280 611 1321; x_wconf 89' lang='lat' dir='ltr'>qui</span> <span class='ocrx_word' id='word_1_236' title='bbox 642 1285 720 1311; x_wconf 78' lang='lat' dir='ltr'>sunt</span> <span class='ocrx_word' id='word_1_237' title='bbox 743 1280 776 1310; x_wconf 88' lang='lat' dir='ltr'>in</span> <span class='ocrx_word' id='word_1_238' title='bbox 800 1279 954 1319; x_wconf 85' lang='lat' dir='ltr'>Christo,</span> <span class='ocrx_word' id='word_1_239' title='bbox 978 1290 1044 1312; x_wconf 87' lang='lat' dir='ltr'>non</span> <span class='ocrx_word' id='word_1_240' title='bbox 1073 1281 1212 1322; x_wconf 84' lang='lat' dir='ltr'>imputa-</span> 
     </span>
     <span class='ocr_line' id='line_1_27' title="bbox 229 1322 1211 1364; baseline 0.002 -12"><span class='ocrx_word' id='word_1_241' title='bbox 229 1327 294 1360; x_wconf 88' lang='lat' dir='ltr'>tur,</span> <span class='ocrx_word' id='word_1_242' title='bbox 319 1328 350 1352; x_wconf 91' lang='lat' dir='ltr'>et</span> <span class='ocrx_word' id='word_1_243' title='bbox 373 1322 401 1352; x_wconf 88' lang='lat' dir='ltr'>si</span> <span class='ocrx_word' id='word_1_244' title='bbox 424 1332 480 1352; x_wconf 89' lang='lat' dir='ltr'>res</span> <span class='ocrx_word' id='word_1_245' title='bbox 503 1322 546 1353; x_wconf 88' lang='lat' dir='ltr'>sit</span> <span class='ocrx_word' id='word_1_246' title='bbox 567 1327 685 1353; x_wconf 86' lang='lat' dir='ltr'>natura</span> <span class='ocrx_word' id='word_1_247' title='bbox 709 1323 808 1364; x_wconf 85' lang='lat' dir='ltr'>digna</span> <span class='ocrx_word' id='word_1_248' title='bbox 831 1328 936 1354; x_wconf 86' lang='lat' dir='ltr'>morte</span> <span class='ocrx_word' id='word_1_249' title='bbox 959 1323 1014 1355; x_wconf 77' lang='lat' dir='ltr'>vbi</span> <span class='ocrx_word' id='word_1_250' title='bbox 1043 1333 1110 1354; x_wconf 92' lang='lat' dir='ltr'>non</span> <span class='ocrx_word' id='word_1_251' title='bbox 1135 1333 1211 1355; x_wconf 90' lang='lat' dir='ltr'>con-</span> 
     </span>
     <span class='ocr_line' id='line_1_28' title="bbox 229 1364 1211 1406; baseline 0.002 -11"><span class='ocrx_word' id='word_1_252' title='bbox 229 1364 393 1406; x_wconf 48' lang='lat' dir='ltr'>donatur..</span> <span class='ocrx_word' id='word_1_253' title='bbox 428 1365 486 1396; x_wconf 72' lang='lat' dir='ltr'>Sic</span> <span class='ocrx_word' id='word_1_254' title='bbox 502 1371 616 1406; x_wconf 83' lang='lat' dir='ltr'>patres</span> <span class='ocrx_word' id='word_1_255' title='bbox 642 1365 724 1397; x_wconf 84' lang='lat' dir='ltr'>citra</span> <span class='ocrx_word' id='word_1_256' title='bbox 755 1366 1017 1398; x_wconf 85' lang='lat' dir='ltr'>controuersiam</span> <span class='ocrx_word' id='word_1_257' title='bbox 1046 1367 1211 1405; x_wconf 87' lang='lat' dir='ltr'>senciunt‚</span> 
     </span>
     <span class='ocr_line' id='line_1_29' title="bbox 228 1406 1213 1451; baseline 0.001 -12"><span class='ocrx_word' id='word_1_258' title='bbox 228 1406 315 1439; x_wconf 84' lang='lat' dir='ltr'>Nam</span> <span class='ocrx_word' id='word_1_259' title='bbox 344 1406 554 1449; x_wconf 78' lang='lat' dir='ltr'>Augustinus</span> <span class='ocrx_word' id='word_1_260' title='bbox 587 1407 690 1450; x_wconf 85' lang='lat' dir='ltr'>longa</span> <span class='ocrx_word' id='word_1_261' title='bbox 721 1408 952 1450; x_wconf 86' lang='lat' dir='ltr'>disputacione</span> <span class='ocrx_word' id='word_1_262' title='bbox 982 1408 1114 1441; x_wconf 86' lang='lat' dir='ltr'>reuellit</span> <span class='ocrx_word' id='word_1_263' title='bbox 1142 1409 1213 1451; x_wconf 88' lang='lat' dir='ltr'>opi·</span> 
     </span>
     <span class='ocr_line' id='line_1_30' title="bbox 228 1450 1213 1493; baseline 0.002 -12"><span class='ocrx_word' id='word_1_264' title='bbox 228 1450 360 1482; x_wconf 82' lang='lat' dir='ltr'>niouem</span> <span class='ocrx_word' id='word_1_265' title='bbox 382 1451 534 1493; x_wconf 72' lang='lat' dir='ltr'>istorum,</span> <span class='ocrx_word' id='word_1_266' title='bbox 557 1452 612 1493; x_wconf 89' lang='lat' dir='ltr'>qui</span> <span class='ocrx_word' id='word_1_267' title='bbox 635 1451 830 1483; x_wconf 82' lang='lat' dir='ltr'>senciebant</span> <span class='ocrx_word' id='word_1_268' title='bbox 853 1452 1156 1493; x_wconf 85' lang='lat' dir='ltr'>concupiscentiam</span> <span class='ocrx_word' id='word_1_269' title='bbox 1178 1453 1213 1483; x_wconf 92' lang='lat' dir='ltr'>in</span> 
     </span>
     <span class='ocr_line' id='line_1_31' title="bbox 229 1492 1213 1536; baseline 0.002 -12"><span class='ocrx_word' id='word_1_270' title='bbox 229 1492 362 1524; x_wconf 88' lang='lat' dir='ltr'>homine</span> <span class='ocrx_word' id='word_1_271' title='bbox 385 1503 452 1524; x_wconf 90' lang='lat' dir='ltr'>non</span> <span class='ocrx_word' id='word_1_272' title='bbox 475 1503 552 1525; x_wconf 89' lang='lat' dir='ltr'>esse</span> <span class='ocrx_word' id='word_1_273' title='bbox 574 1494 713 1532; x_wconf 87' lang='lat' dir='ltr'>vicium,</span> <span class='ocrx_word' id='word_1_274' title='bbox 745 1495 806 1525; x_wconf 89' lang='lat' dir='ltr'>sed</span> <span class='ocrx_word' id='word_1_275' title='bbox 833 1494 1002 1536; x_wconf 76' lang='grc' dir='ltr'><em>ἀδιάφορον</em></span> <span class='ocrx_word' id='word_1_276' title='bbox 1030 1501 1065 1526; x_wconf 88' lang='lat' dir='ltr'>vt</span> <span class='ocrx_word' id='word_1_277' title='bbox 1094 1505 1213 1535; x_wconf 84' lang='lat' dir='ltr'>corpo·</span> 
     </span>
     <span class='ocr_line' id='line_1_32' title="bbox 231 1535 1163 1578; baseline 0.001 -11"><span class='ocrx_word' id='word_1_278' title='bbox 231 1536 278 1567; x_wconf 82' lang='lat' dir='ltr'>:is</span> <span class='ocrx_word' id='word_1_279' title='bbox 302 1535 408 1574; x_wconf 91' lang='lat' dir='ltr'>color,</span> <span class='ocrx_word' id='word_1_280' title='bbox 430 1542 488 1568; x_wconf 91' lang='lat' dir='ltr'>aut</span> <span class='ocrx_word' id='word_1_281' title='bbox 508 1537 654 1568; x_wconf 89' lang='lat' dir='ltr'>aduersa</span> <span class='ocrx_word' id='word_1_282' title='bbox 675 1535 823 1568; x_wconf 84' lang='lat' dir='ltr'>valitudo</span> <span class='ocrx_word' id='word_1_283' title='bbox 846 1536 1011 1578; x_wconf 78' lang='grc' dir='ltr'><em>ἀδιάφορον</em></span> <span class='ocrx_word' id='word_1_284' title='bbox 1034 1538 1163 1570; x_wconf 88' lang='lat' dir='ltr'>dicitur.</span> 
     </span>
    </p>

    <p class='ocr_par' dir='ltr' id='par_1_4' title="bbox 229 1579 2254 2647">
     <span class='ocr_line' id='line_1_33' title="bbox 318 1579 1213 1622; baseline 0.002 -12"><span class='ocrx_word' id='word_1_285' title='bbox 318 1579 417 1614; x_wconf 83' lang='lat' dir='ltr'>Quod</span> <span class='ocrx_word' id='word_1_286' title='bbox 440 1580 468 1610; x_wconf 91' lang='lat' dir='ltr'>si</span> <span class='ocrx_word' id='word_1_287' title='bbox 492 1580 694 1611; x_wconf 88' lang='lat' dir='ltr'>contendent</span> <span class='ocrx_word' id='word_1_288' title='bbox 721 1580 925 1622; x_wconf 83' lang='lat' dir='ltr'>aduersarij,</span> <span class='ocrx_word' id='word_1_289' title='bbox 953 1580 1101 1612; x_wconf 83' lang='lat' dir='ltr'>fomitem</span> <span class='ocrx_word' id='word_1_290' title='bbox 1134 1589 1213 1612; x_wconf 83' lang='lat' dir='ltr'>esse</span> 
     </span>
     <span class='ocr_line' id='line_1_34' title="bbox 230 1620 1213 1663; baseline 0.003 -11"><span class='ocrx_word' id='word_1_291' title='bbox 230 1620 414 1663; x_wconf 77' lang='grc' dir='ltr'><em>ἀδιάφορον,</em></span> <span class='ocrx_word' id='word_1_292' title='bbox 443 1621 673 1654; x_wconf 78' lang='lat' dir='ltr'>reclamabunt</span> <span class='ocrx_word' id='word_1_293' title='bbox 701 1632 769 1654; x_wconf 93' lang='lat' dir='ltr'>non</span> <span class='ocrx_word' id='word_1_294' title='bbox 794 1621 904 1654; x_wconf 92' lang='lat' dir='ltr'>solum</span> <span class='ocrx_word' id='word_1_295' title='bbox 931 1622 1055 1655; x_wconf 88' lang='lat' dir='ltr'>multae</span> <span class='ocrx_word' id='word_1_296' title='bbox 1083 1630 1213 1655; x_wconf 88' lang='lat' dir='ltr'>senten-</span> 
     </span>
     <span class='ocr_line' id='line_1_35' title="bbox 231 1661 2252 1706; baseline 0 -10"><span class='ocrx_word' id='word_1_297' title='bbox 231 1665 303 1696; x_wconf 89' lang='lat' dir='ltr'>ciae</span> <span class='ocrx_word' id='word_1_298' title='bbox 320 1666 520 1706; x_wconf 78' lang='lat' dir='ltr'>scripturae,</span> <span class='ocrx_word' id='word_1_299' title='bbox 539 1666 601 1696; x_wconf 82' lang='lat' dir='ltr'>sed</span> <span class='ocrx_word' id='word_1_300' title='bbox 622 1664 720 1705; x_wconf 90' lang='lat' dir='ltr'>plane</span> <span class='ocrx_word' id='word_1_301' title='bbox 733 1671 802 1697; x_wconf 89' lang='lat' dir='ltr'>tota</span> <span class='ocrx_word' id='word_1_302' title='bbox 822 1665 987 1697; x_wconf 83' lang='lat' dir='ltr'>Ecclesia.</span> <span class='ocrx_word' id='word_1_303' title='bbox 1023 1666 1107 1701; x_wconf 86' lang='lat' dir='ltr'>Quis</span> <span class='ocrx_word' id='word_1_304' title='bbox 1127 1667 1213 1697; x_wconf 88' lang='lat' dir='ltr'>enim</span> <span class='ocrx_word' id='word_1_305' title='bbox 1239 1661 1242 1675; x_wconf 95' lang='lat'>&#39;</span> <span class='ocrx_word' id='word_1_306' title='bbox 1265 1663 1407 1705; x_wconf 87' lang='lat' dir='ltr'>phemijs</span> <span class='ocrx_word' id='word_1_307' title='bbox 1431 1670 1548 1696; x_wconf 85' lang='lat' dir='ltr'>contra</span> <span class='ocrx_word' id='word_1_308' title='bbox 1571 1663 1679 1695; x_wconf 89' lang='lat' dir='ltr'>Deum</span> <span class='ocrx_word' id='word_1_309' title='bbox 1701 1671 1733 1696; x_wconf 86' lang='lat' dir='ltr'>et</span> <span class='ocrx_word' id='word_1_310' title='bbox 1755 1665 1864 1706; x_wconf 87' lang='lat' dir='ltr'>impijs</span> <span class='ocrx_word' id='word_1_311' title='bbox 1889 1665 2119 1706; x_wconf 87' lang='lat' dir='ltr'>opinionibus,</span> <span class='ocrx_word' id='word_1_312' title='bbox 2142 1671 2176 1696; x_wconf 86' lang='lat' dir='ltr'>et</span> <span class='ocrx_word' id='word_1_313' title='bbox 2197 1664 2252 1696; x_wconf 86' lang='lat' dir='ltr'>his</span> 
     </span>
     <span class='ocr_line' id='line_1_36' title="bbox 229 1706 2252 1750; baseline 0 -12"><span class='ocrx_word' id='word_1_314' title='bbox 229 1717 375 1750; x_wconf 87' lang='lat' dir='ltr'>vnquam</span> <span class='ocrx_word' id='word_1_315' title='bbox 397 1717 500 1739; x_wconf 89' lang='lat' dir='ltr'>ausus</span> <span class='ocrx_word' id='word_1_316' title='bbox 524 1714 576 1739; x_wconf 82' lang='lat' dir='ltr'>est</span> <span class='ocrx_word' id='word_1_317' title='bbox 594 1708 705 1740; x_wconf 91' lang='lat' dir='ltr'>dicere</span> <span class='ocrx_word' id='word_1_318' title='bbox 723 1707 808 1740; x_wconf 89' lang='lat' dir='ltr'>haec</span> <span class='ocrx_word' id='word_1_319' title='bbox 827 1718 904 1740; x_wconf 80' lang='lat' dir='ltr'>esse</span> <span class='ocrx_word' id='word_1_320' title='bbox 926 1706 1092 1750; x_wconf 79' lang='grc' dir='ltr'><em>ἀδιάφορα,</em></span> <span class='ocrx_word' id='word_1_321' title='bbox 1115 1709 1212 1741; x_wconf 90' lang='lat' dir='ltr'>etiam</span> <span class='ocrx_word' id='word_1_322' title='bbox 1266 1706 1408 1739; x_wconf 84' lang='lat' dir='ltr'>vinculis</span> <span class='ocrx_word' id='word_1_323' title='bbox 1432 1706 1534 1738; x_wconf 88' lang='lat' dir='ltr'>habet</span> <span class='ocrx_word' id='word_1_324' title='bbox 1557 1706 1712 1738; x_wconf 90' lang='lat' dir='ltr'>diabolus</span> <span class='ocrx_word' id='word_1_325' title='bbox 1736 1708 1882 1739; x_wconf 87' lang='lat' dir='ltr'>irretitos</span> <span class='ocrx_word' id='word_1_326' title='bbox 1905 1708 2075 1748; x_wconf 75' lang='lat' dir='ltr'>sapientes</span> <span class='ocrx_word' id='word_1_327' title='bbox 2093 1713 2126 1738; x_wconf 83' lang='lat' dir='ltr'>et</span> <span class='ocrx_word' id='word_1_328' title='bbox 2144 1708 2252 1739; x_wconf 76' lang='lat' dir='ltr'>iustos</span> 
     </span>
     <span class='ocr_line' id='line_1_37' title="bbox 230 1749 2251 1792; baseline 0 -11"><span class='ocrx_word' id='word_1_329' title='bbox 230 1750 259 1781; x_wconf 92' lang='lat' dir='ltr'>si</span> <span class='ocrx_word' id='word_1_330' title='bbox 282 1749 454 1791; x_wconf 84' lang='lat' dir='ltr'>perfectus</span> <span class='ocrx_word' id='word_1_331' title='bbox 479 1760 666 1782; x_wconf 89' lang='lat' dir='ltr'>consensus</span> <span class='ocrx_word' id='word_1_332' title='bbox 689 1761 757 1783; x_wconf 87' lang='lat' dir='ltr'>non</span> <span class='ocrx_word' id='word_1_333' title='bbox 785 1752 964 1783; x_wconf 84' lang='lat' dir='ltr'>accederet</span> <span class='ocrx_word' id='word_1_334' title='bbox 991 1752 1142 1783; x_wconf 89' lang='lat' dir='ltr'>dubitare</span> <span class='ocrx_word' id='word_1_335' title='bbox 1172 1752 1215 1783; x_wconf 90' lang='lat' dir='ltr'>de</span> <span class='ocrx_word' id='word_1_336' title='bbox 1267 1760 1379 1782; x_wconf 89' lang='lat' dir='ltr'>coram</span> <span class='ocrx_word' id='word_1_337' title='bbox 1403 1750 1536 1781; x_wconf 91' lang='lat' dir='ltr'>mundo.</span> <span class='ocrx_word' id='word_1_338' title='bbox 1583 1749 1619 1780; x_wconf 89' lang='lat' dir='ltr'>ln</span> <span class='ocrx_word' id='word_1_339' title='bbox 1641 1749 1718 1792; x_wconf 89' lang='lat' dir='ltr'>alijs</span> <span class='ocrx_word' id='word_1_340' title='bbox 1742 1752 1923 1783; x_wconf 88' lang='lat' dir='ltr'>ostendunt</span> <span class='ocrx_word' id='word_1_341' title='bbox 1945 1760 1984 1782; x_wconf 85' lang='lat' dir='ltr'>se</span> <span class='ocrx_word' id='word_1_342' title='bbox 2012 1751 2180 1781; x_wconf 80' lang='lat' dir='ltr'>crassiora</span> <span class='ocrx_word' id='word_1_343' title='bbox 2203 1752 2251 1782; x_wconf 77' lang='lat' dir='ltr'>vi-</span> 
     </span>
     <span class='ocr_line' id='line_1_38' title="bbox 230 1792 2248 1836; baseline -0 -12"><span class='ocrx_word' id='word_1_344' title='bbox 230 1793 279 1824; x_wconf 86' lang='lat' dir='ltr'>ira</span> <span class='ocrx_word' id='word_1_345' title='bbox 301 1792 377 1831; x_wconf 86' lang='lat' dir='ltr'>Dei,</span> <span class='ocrx_word' id='word_1_346' title='bbox 401 1794 442 1825; x_wconf 89' lang='lat' dir='ltr'>de</span> <span class='ocrx_word' id='word_1_347' title='bbox 465 1794 572 1836; x_wconf 82' lang='lat' dir='ltr'>gratia</span> <span class='ocrx_word' id='word_1_348' title='bbox 595 1793 677 1832; x_wconf 88' lang='lat' dir='ltr'>Dei,</span> <span class='ocrx_word' id='word_1_349' title='bbox 700 1794 741 1825; x_wconf 92' lang='lat' dir='ltr'>de</span> <span class='ocrx_word' id='word_1_350' title='bbox 764 1796 869 1826; x_wconf 86' lang='lat' dir='ltr'>verbo</span> <span class='ocrx_word' id='word_1_351' title='bbox 894 1794 971 1831; x_wconf 83' lang='lat' dir='ltr'>Dei,</span> <span class='ocrx_word' id='word_1_352' title='bbox 1002 1795 1103 1826; x_wconf 88' lang='lat' dir='ltr'>irasci</span> <span class='ocrx_word' id='word_1_353' title='bbox 1133 1795 1213 1826; x_wconf 78' lang='lat' dir='ltr'>iudi·</span> <span class='ocrx_word' id='word_1_354' title='bbox 1266 1793 1329 1824; x_wconf 89' lang='lat' dir='ltr'>cia.</span> <span class='ocrx_word' id='word_1_355' title='bbox 1374 1792 1457 1824; x_wconf 90' lang='lat' dir='ltr'>Cum</span> <span class='ocrx_word' id='word_1_356' title='bbox 1480 1799 1591 1824; x_wconf 85' lang='lat' dir='ltr'>autem</span> <span class='ocrx_word' id='word_1_357' title='bbox 1615 1793 1712 1824; x_wconf 88' lang='lat' dir='ltr'>datus</span> <span class='ocrx_word' id='word_1_358' title='bbox 1736 1794 1779 1824; x_wconf 87' lang='lat' dir='ltr'>sit</span> <span class='ocrx_word' id='word_1_359' title='bbox 1806 1795 1904 1826; x_wconf 92' lang='lat' dir='ltr'>nobis</span> <span class='ocrx_word' id='word_1_360' title='bbox 1932 1792 2104 1830; x_wconf 75' lang='lat' dir='ltr'>Christus,</span> <span class='ocrx_word' id='word_1_361' title='bbox 2131 1793 2185 1833; x_wconf 88' lang='lat' dir='ltr'>qui</span> <span class='ocrx_word' id='word_1_362' title='bbox 2213 1798 2248 1824; x_wconf 81' lang='lat' dir='ltr'>et</span> 
     </span>
     <span class='ocr_line' id='line_1_39' title="bbox 232 1835 2249 1879; baseline 0 -12"><span class='ocrx_word' id='word_1_363' title='bbox 232 1836 294 1877; x_wconf 89' lang='lat' dir='ltr'>cijs</span> <span class='ocrx_word' id='word_1_364' title='bbox 319 1835 394 1873; x_wconf 91' lang='lat' dir='ltr'>Dei,</span> <span class='ocrx_word' id='word_1_365' title='bbox 417 1837 580 1877; x_wconf 85' lang='lat' dir='ltr'>indignari</span> <span class='ocrx_word' id='word_1_366' title='bbox 604 1837 692 1879; x_wconf 90' lang='lat' dir='ltr'>quod</span> <span class='ocrx_word' id='word_1_367' title='bbox 716 1836 811 1868; x_wconf 82' lang='lat' dir='ltr'>Deus</span> <span class='ocrx_word' id='word_1_368' title='bbox 832 1847 897 1868; x_wconf 89' lang='lat' dir='ltr'>non</span> <span class='ocrx_word' id='word_1_369' title='bbox 921 1838 1017 1878; x_wconf 86' lang='lat' dir='ltr'>eripit</span> <span class='ocrx_word' id='word_1_370' title='bbox 1040 1837 1152 1868; x_wconf 86' lang='lat' dir='ltr'>statim</span> <span class='ocrx_word' id='word_1_371' title='bbox 1171 1847 1213 1869; x_wconf 86' lang='lat' dir='ltr'>cx</span> <span class='ocrx_word' id='word_1_372' title='bbox 1266 1836 1351 1867; x_wconf 86' lang='lat' dir='ltr'>haec</span> <span class='ocrx_word' id='word_1_373' title='bbox 1374 1840 1531 1876; x_wconf 84' lang='lat' dir='ltr'>peccata,</span> <span class='ocrx_word' id='word_1_374' title='bbox 1567 1842 1599 1866; x_wconf 89' lang='lat' dir='ltr'>et</span> <span class='ocrx_word' id='word_1_375' title='bbox 1622 1838 1684 1867; x_wconf 85' lang='lat' dir='ltr'>has</span> <span class='ocrx_word' id='word_1_376' title='bbox 1713 1847 1840 1878; x_wconf 87' lang='lat' dir='ltr'>poenas</span> <span class='ocrx_word' id='word_1_377' title='bbox 1867 1835 2014 1873; x_wconf 77' lang='lat' dir='ltr'>auferat,</span> <span class='ocrx_word' id='word_1_378' title='bbox 2045 1842 2077 1866; x_wconf 90' lang='lat' dir='ltr'>et</span> <span class='ocrx_word' id='word_1_379' title='bbox 2111 1845 2249 1876; x_wconf 80' lang='lat' dir='ltr'>regnum</span> 
     </span>
     <span class='ocr_line' id='line_1_40' title="bbox 230 1878 2250 1921; baseline -0 -11"><span class='ocrx_word' id='word_1_380' title='bbox 230 1878 488 1917; x_wconf 83' lang='lat' dir='ltr'>afflictionibus,</span> <span class='ocrx_word' id='word_1_381' title='bbox 519 1879 663 1911; x_wconf 83' lang='lat' dir='ltr'>fremere</span> <span class='ocrx_word' id='word_1_382' title='bbox 686 1881 773 1921; x_wconf 90' lang='lat' dir='ltr'>quod</span> <span class='ocrx_word' id='word_1_383' title='bbox 797 1880 884 1921; x_wconf 76' lang='lat' dir='ltr'>impij</span> <span class='ocrx_word' id='word_1_384' title='bbox 914 1879 1049 1912; x_wconf 87' lang='lat' dir='ltr'>meliore</span> <span class='ocrx_word' id='word_1_385' title='bbox 1080 1879 1214 1911; x_wconf 75' lang='lat' dir='ltr'>fortuna</span> <span class='ocrx_word' id='word_1_386' title='bbox 1238 1878 1242 1913; x_wconf 73' lang='lat' dir='ltr'>i</span> <span class='ocrx_word' id='word_1_387' title='bbox 1267 1878 1408 1916; x_wconf 85' lang='lat' dir='ltr'>diaboli,</span> <span class='ocrx_word' id='word_1_388' title='bbox 1441 1884 1615 1919; x_wconf 90' lang='lat' dir='ltr'>peccatum</span> <span class='ocrx_word' id='word_1_389' title='bbox 1649 1885 1683 1910; x_wconf 89' lang='lat' dir='ltr'>et</span> <span class='ocrx_word' id='word_1_390' title='bbox 1713 1884 1851 1910; x_wconf 83' lang='lat' dir='ltr'>mortem</span> <span class='ocrx_word' id='word_1_391' title='bbox 1885 1879 2053 1915; x_wconf 84' lang='lat' dir='ltr'>destruat,</span> <span class='ocrx_word' id='word_1_392' title='bbox 2089 1878 2250 1909; x_wconf 78' lang='lat' dir='ltr'>beneficia</span> 
     </span>
     <span class='ocr_line' id='line_1_41' title="bbox 231 1919 2250 1963; baseline 0 -11"><span class='ocrx_word' id='word_1_393' title='bbox 231 1928 377 1961; x_wconf 69' lang='lat' dir='ltr'>Vtuntur,</span> <span class='ocrx_word' id='word_1_394' title='bbox 401 1932 498 1963; x_wconf 82' lang='lat' dir='ltr'>quam</span> <span class='ocrx_word' id='word_1_395' title='bbox 523 1923 612 1961; x_wconf 90' lang='lat' dir='ltr'>boui,</span> <span class='ocrx_word' id='word_1_396' title='bbox 637 1924 764 1954; x_wconf 85' lang='lat' dir='ltr'>incitari</span> <span class='ocrx_word' id='word_1_397' title='bbox 788 1923 848 1960; x_wconf 85' lang='lat' dir='ltr'>ira,</span> <span class='ocrx_word' id='word_1_398' title='bbox 867 1923 1015 1962; x_wconf 83' lang='lat' dir='ltr'>libidine,</span> <span class='ocrx_word' id='word_1_399' title='bbox 1035 1923 1214 1963; x_wconf 88' lang='lat' dir='ltr'>cupiditate</span> <span class='ocrx_word' id='word_1_400' title='bbox 1267 1921 1393 1953; x_wconf 88' lang='lat' dir='ltr'>Christi</span> <span class='ocrx_word' id='word_1_401' title='bbox 1425 1931 1493 1952; x_wconf 91' lang='lat' dir='ltr'>non</span> <span class='ocrx_word' id='word_1_402' title='bbox 1527 1926 1682 1961; x_wconf 87' lang='lat' dir='ltr'>poterunt</span> <span class='ocrx_word' id='word_1_403' title='bbox 1715 1922 1897 1963; x_wconf 79' lang='lat' dir='ltr'>cognosci,</span> <span class='ocrx_word' id='word_1_404' title='bbox 1932 1921 1995 1952; x_wconf 84' lang='lat' dir='ltr'>nisi</span> <span class='ocrx_word' id='word_1_405' title='bbox 2023 1919 2250 1963; x_wconf 84' lang='lat' dir='ltr'>intelligamus</span> 
     </span>
     <span class='ocr_line' id='line_1_42' title="bbox 231 1962 2251 2008; baseline -0 -13"><span class='ocrx_word' id='word_1_406' title='bbox 231 1964 371 2007; x_wconf 85' lang='lat' dir='ltr'>gloriae,</span> <span class='ocrx_word' id='word_1_407' title='bbox 394 1976 493 2007; x_wconf 84' lang='lat' dir='ltr'>opum</span> <span class='ocrx_word' id='word_1_408' title='bbox 516 1971 580 1996; x_wconf 89' lang='lat' dir='ltr'>etc.</span> <span class='ocrx_word' id='word_1_409' title='bbox 627 1965 667 1997; x_wconf 85' lang='lat' dir='ltr'>Et</span> <span class='ocrx_word' id='word_1_410' title='bbox 697 1965 781 1997; x_wconf 82' lang='lat' dir='ltr'>haec</span> <span class='ocrx_word' id='word_1_411' title='bbox 808 1972 997 2008; x_wconf 82' lang='lat' dir='ltr'>agnoscunt</span> <span class='ocrx_word' id='word_1_412' title='bbox 1026 1966 1058 1997; x_wconf 91' lang='lat' dir='ltr'>in</span> <span class='ocrx_word' id='word_1_413' title='bbox 1087 1975 1125 1997; x_wconf 92' lang='lat' dir='ltr'>se</span> <span class='ocrx_word' id='word_1_414' title='bbox 1153 1965 1213 1996; x_wconf 88' lang='lat' dir='ltr'>ho·</span> <span class='ocrx_word' id='word_1_415' title='bbox 1267 1962 1353 1996; x_wconf 83' lang='lat' dir='ltr'>mala</span> <span class='ocrx_word' id='word_1_416' title='bbox 1376 1970 1503 1995; x_wconf 85' lang='lat' dir='ltr'>nostra.</span> <span class='ocrx_word' id='word_1_417' title='bbox 1550 1963 1627 1994; x_wconf 90' lang='lat' dir='ltr'>ldeo</span> <span class='ocrx_word' id='word_1_418' title='bbox 1651 1964 1693 1995; x_wconf 89' lang='lat' dir='ltr'>de</span> <span class='ocrx_word' id='word_1_419' title='bbox 1721 1963 1773 1994; x_wconf 91' lang='lat' dir='ltr'>his</span> <span class='ocrx_word' id='word_1_420' title='bbox 1804 1965 1904 1995; x_wconf 88' lang='lat' dir='ltr'>rebus</span> <span class='ocrx_word' id='word_1_421' title='bbox 1935 1963 2042 1994; x_wconf 87' lang='lat' dir='ltr'>nostri</span> <span class='ocrx_word' id='word_1_422' title='bbox 2074 1964 2251 1994; x_wconf 85' lang='lat' dir='ltr'>conciona-</span> 
     </span>
     <span class='ocr_line' id='line_1_43' title="bbox 230 2005 2252 2050; baseline -0.001 -11"><span class='ocrx_word' id='word_1_423' title='bbox 230 2008 336 2039; x_wconf 89' lang='lat' dir='ltr'>mines</span> <span class='ocrx_word' id='word_1_424' title='bbox 368 2008 430 2048; x_wconf 71' lang='lat' dir='ltr'>pij‚</span> <span class='ocrx_word' id='word_1_425' title='bbox 465 2015 498 2038; x_wconf 80' lang='lat' dir='ltr'>vt</span> <span class='ocrx_word' id='word_1_426' title='bbox 528 2015 666 2049; x_wconf 77' lang='lat' dir='ltr'>apparet</span> <span class='ocrx_word' id='word_1_427' title='bbox 695 2009 726 2039; x_wconf 90' lang='lat' dir='ltr'>iu</span> <span class='ocrx_word' id='word_1_428' title='bbox 763 2009 925 2047; x_wconf 86' lang='lat' dir='ltr'>Psalmis,</span> <span class='ocrx_word' id='word_1_429' title='bbox 953 2019 994 2040; x_wconf 89' lang='lat' dir='ltr'>ac</span> <span class='ocrx_word' id='word_1_430' title='bbox 1023 2008 1213 2050; x_wconf 72' lang='lat' dir='ltr'>Prophetis,</span> <span class='ocrx_word' id='word_1_431' title='bbox 1266 2013 1359 2038; x_wconf 85' lang='lat' dir='ltr'>tores</span> <span class='ocrx_word' id='word_1_432' title='bbox 1382 2005 1556 2047; x_wconf 82' lang='lat' dir='ltr'>diligenter</span> <span class='ocrx_word' id='word_1_433' title='bbox 1579 2007 1776 2044; x_wconf 87' lang='lat' dir='ltr'>docuerunt,</span> <span class='ocrx_word' id='word_1_434' title='bbox 1789 2013 1822 2038; x_wconf 90' lang='lat' dir='ltr'>et</span> <span class='ocrx_word' id='word_1_435' title='bbox 1837 2005 1925 2044; x_wconf 73' lang='lat' dir='ltr'>,nihil</span> <span class='ocrx_word' id='word_1_436' title='bbox 1943 2007 2021 2037; x_wconf 80' lang='lat' dir='ltr'>noui</span> <span class='ocrx_word' id='word_1_437' title='bbox 2034 2005 2252 2044; x_wconf 79' lang='lat' dir='ltr'>tradiderunt,</span> 
     </span>
     <span class='ocr_line' id='line_1_44' title="bbox 230 2049 2250 2092; baseline -0 -12"><span class='ocrx_word' id='word_1_438' title='bbox 230 2050 298 2081; x_wconf 86' lang='lat' dir='ltr'>Sed</span> <span class='ocrx_word' id='word_1_439' title='bbox 332 2050 363 2080; x_wconf 94' lang='lat' dir='ltr'>in</span> <span class='ocrx_word' id='word_1_440' title='bbox 395 2050 528 2081; x_wconf 86' lang='lat' dir='ltr'>Scholis</span> <span class='ocrx_word' id='word_1_441' title='bbox 559 2049 798 2083; x_wconf 86' lang='lat' dir='ltr'>transtulerunt</span> <span class='ocrx_word' id='word_1_442' title='bbox 827 2053 894 2082; x_wconf 90' lang='lat' dir='ltr'>huc</span> <span class='ocrx_word' id='word_1_443' title='bbox 928 2061 968 2082; x_wconf 82' lang='lat' dir='ltr'>ex</span> <span class='ocrx_word' id='word_1_444' title='bbox 997 2050 1214 2092; x_wconf 80' lang='lat' dir='ltr'>Philosophia</span> <span class='ocrx_word' id='word_1_445' title='bbox 1240 2061 1242 2083; x_wconf 71' lang='grc' dir='ltr'>ι</span> <span class='ocrx_word' id='word_1_446' title='bbox 1266 2049 1327 2081; x_wconf 90' lang='lat' dir='ltr'>sed</span> <span class='ocrx_word' id='word_1_447' title='bbox 1349 2055 1498 2081; x_wconf 85' lang='lat' dir='ltr'>sanctam</span> <span class='ocrx_word' id='word_1_448' title='bbox 1522 2049 1731 2090; x_wconf 87' lang='lat' dir='ltr'>scripturam,</span> <span class='ocrx_word' id='word_1_449' title='bbox 1756 2056 1788 2080; x_wconf 89' lang='lat' dir='ltr'>et</span> <span class='ocrx_word' id='word_1_450' title='bbox 1810 2055 2003 2081; x_wconf 86' lang='lat' dir='ltr'>sanctorum</span> <span class='ocrx_word' id='word_1_451' title='bbox 2017 2049 2151 2080; x_wconf 73' lang='lat' dir='ltr'>Petrum</span> <span class='ocrx_word' id='word_1_452' title='bbox 2173 2058 2250 2080; x_wconf 87' lang='lat' dir='ltr'>sen-</span> 
     </span>
     <span class='ocr_line' id='line_1_45' title="bbox 230 2093 1669 2136; baseline -0.002 -12"><span class='ocrx_word' id='word_1_453' title='bbox 230 2103 371 2135; x_wconf 71' lang='lat' dir='ltr'>prorsus</span> <span class='ocrx_word' id='word_1_454' title='bbox 395 2093 522 2124; x_wconf 86' lang='lat' dir='ltr'>alienas</span> <span class='ocrx_word' id='word_1_455' title='bbox 546 2095 755 2131; x_wconf 83' lang='lat' dir='ltr'>sentencias,</span> <span class='ocrx_word' id='word_1_456' title='bbox 787 2094 884 2130; x_wconf 88' lang='lat' dir='ltr'>Quod</span> <span class='ocrx_word' id='word_1_457' title='bbox 915 2100 1052 2136; x_wconf 80' lang='lat' dir='ltr'>propter</span> <span class='ocrx_word' id='word_1_458' title='bbox 1084 2095 1215 2135; x_wconf 83' lang='lat' dir='ltr'>passio·</span> <span class='ocrx_word' id='word_1_459' title='bbox 1267 2093 1392 2125; x_wconf 83' lang='lat' dir='ltr'>teneias</span> <span class='ocrx_word' id='word_1_460' title='bbox 1412 2098 1669 2133; x_wconf 86' lang='lat' dir='ltr'>proposuerunt.</span> 
     </span>
     <span class='ocr_line' id='line_1_46' title="bbox 231 2105 2250 2176; baseline -0.001 -9"><span class='ocrx_word' id='word_1_461' title='bbox 231 2146 291 2167; x_wconf 83' lang='lat' dir='ltr'>nes</span> <span class='ocrx_word' id='word_1_462' title='bbox 316 2146 377 2166; x_wconf 86' lang='lat' dir='ltr'>nec</span> <span class='ocrx_word' id='word_1_463' title='bbox 402 2137 490 2174; x_wconf 88' lang='lat' dir='ltr'>boni,</span> <span class='ocrx_word' id='word_1_464' title='bbox 516 2146 577 2167; x_wconf 90' lang='lat' dir='ltr'>nec</span> <span class='ocrx_word' id='word_1_465' title='bbox 601 2135 676 2168; x_wconf 85' lang='lat' dir='ltr'>mali</span> <span class='ocrx_word' id='word_1_466' title='bbox 700 2138 816 2176; x_wconf 90' lang='lat' dir='ltr'>simus,</span> <span class='ocrx_word' id='word_1_467' title='bbox 842 2146 903 2168; x_wconf 85' lang='lat' dir='ltr'>nec</span> <span class='ocrx_word' id='word_1_468' title='bbox 933 2137 1123 2175; x_wconf 89' lang='lat' dir='ltr'>laudemur,</span> <span class='ocrx_word' id='word_1_469' title='bbox 1153 2147 1216 2168; x_wconf 89' lang='lat' dir='ltr'>nec</span> <span class='ocrx_word' id='word_1_470' title='bbox 1240 2105 1244 2173; x_wconf 62' lang='grc'>1</span> <span class='ocrx_word' id='word_1_471' title='bbox 1354 2134 1447 2166; x_wconf 76' lang='lat' dir='ltr'>naec</span> <span class='ocrx_word' id='word_1_472' title='bbox 1469 2135 1667 2165; x_wconf 82' lang='lat' dir='ltr'>arbitramur</span> <span class='ocrx_word' id='word_1_473' title='bbox 1689 2133 1905 2166; x_wconf 79' lang='lat' dir='ltr'>satisfactura</span> <span class='ocrx_word' id='word_1_474' title='bbox 1927 2143 2004 2166; x_wconf 87' lang='lat' dir='ltr'>esse</span> <span class='ocrx_word' id='word_1_475' title='bbox 2023 2133 2124 2165; x_wconf 83' lang='lat' dir='ltr'>Caes.</span> <span class='ocrx_word' id='word_1_476' title='bbox 2148 2131 2250 2165; x_wconf 75' lang='lat' dir='ltr'>Mnie-</span> 
     </span>
     <span class='ocr_line' id='line_1_47' title="bbox 232 2175 2251 2222; baseline -0.001 -12"><span class='ocrx_word' id='word_1_477' title='bbox 232 2180 467 2220; x_wconf 80' lang='lat' dir='ltr'>vituperemur.</span> <span class='ocrx_word' id='word_1_478' title='bbox 515 2178 613 2217; x_wconf 80' lang='lat' dir='ltr'>Item,</span> <span class='ocrx_word' id='word_1_479' title='bbox 643 2178 721 2210; x_wconf 87' lang='lat' dir='ltr'>nihil</span> <span class='ocrx_word' id='word_1_480' title='bbox 741 2190 818 2211; x_wconf 83' lang='lat' dir='ltr'>esse</span> <span class='ocrx_word' id='word_1_481' title='bbox 843 2186 1036 2222; x_wconf 87' lang='lat' dir='ltr'>peccatum,</span> <span class='ocrx_word' id='word_1_482' title='bbox 1068 2180 1130 2211; x_wconf 87' lang='lat' dir='ltr'>nisi</span> <span class='ocrx_word' id='word_1_483' title='bbox 1159 2189 1216 2211; x_wconf 84' lang='lat' dir='ltr'>vo·</span> <span class='ocrx_word' id='word_1_484' title='bbox 1268 2179 1356 2218; x_wconf 83' lang='lat' dir='ltr'>stati,</span> <span class='ocrx_word' id='word_1_485' title='bbox 1380 2178 1422 2208; x_wconf 89' lang='lat' dir='ltr'>de</span> <span class='ocrx_word' id='word_1_486' title='bbox 1444 2175 1625 2218; x_wconf 86' lang='lat' dir='ltr'>puerilibus</span> <span class='ocrx_word' id='word_1_487' title='bbox 1649 2183 1681 2208; x_wconf 90' lang='lat' dir='ltr'>et</span> <span class='ocrx_word' id='word_1_488' title='bbox 1705 2176 1834 2219; x_wconf 83' lang='lat' dir='ltr'>frigidis</span> <span class='ocrx_word' id='word_1_489' title='bbox 1859 2175 2150 2213; x_wconf 82' lang='lat' dir='ltr'>cauillucionibus,</span> <span class='ocrx_word' id='word_1_490' title='bbox 2181 2176 2251 2218; x_wconf 82' lang='lat' dir='ltr'>qui·</span> 
     </span>
     <span class='ocr_line' id='line_1_48' title="bbox 231 2219 2251 2264; baseline -0.002 -12"><span class='ocrx_word' id='word_1_491' title='bbox 231 2219 418 2254; x_wconf 82' lang='lat' dir='ltr'>luntarium.</span> <span class='ocrx_word' id='word_1_492' title='bbox 472 2221 543 2253; x_wconf 86' lang='lat' dir='ltr'>Hae</span> <span class='ocrx_word' id='word_1_493' title='bbox 574 2223 767 2254; x_wconf 83' lang='lat' dir='ltr'>sentenciae</span> <span class='ocrx_word' id='word_1_494' title='bbox 801 2223 888 2264; x_wconf 83' lang='lat' dir='ltr'>apud</span> <span class='ocrx_word' id='word_1_495' title='bbox 919 2221 1144 2264; x_wconf 76' lang='lat' dir='ltr'>Pliilosophos</span> <span class='ocrx_word' id='word_1_496' title='bbox 1175 2223 1215 2254; x_wconf 89' lang='lat' dir='ltr'>de</span> <span class='ocrx_word' id='word_1_497' title='bbox 1271 2222 1334 2252; x_wconf 88' lang='lat' dir='ltr'>bus</span> <span class='ocrx_word' id='word_1_498' title='bbox 1356 2220 1542 2261; x_wconf 83' lang='lat' dir='ltr'>aduersarij</span> <span class='ocrx_word' id='word_1_499' title='bbox 1567 2219 1744 2252; x_wconf 89' lang='lat' dir='ltr'>articulum</span> <span class='ocrx_word' id='word_1_500' title='bbox 1768 2227 1918 2251; x_wconf 87' lang='lat' dir='ltr'>nostrum</span> <span class='ocrx_word' id='word_1_501' title='bbox 1950 2219 2139 2251; x_wconf 85' lang='lat' dir='ltr'>calumniati</span> <span class='ocrx_word' id='word_1_502' title='bbox 2163 2225 2251 2249; x_wconf 83' lang='lat' dir='ltr'>sunt.</span> 
     </span>
     <span class='ocr_line' id='line_1_49' title="bbox 233 2259 2254 2309; baseline -0.001 -14"><span class='ocrx_word' id='word_1_503' title='bbox 233 2264 322 2296; x_wconf 88' lang='lat' dir='ltr'>ciuili</span> <span class='ocrx_word' id='word_1_504' title='bbox 345 2265 466 2296; x_wconf 77' lang='lat' dir='ltr'>iudicio</span> <span class='ocrx_word' id='word_1_505' title='bbox 488 2265 596 2296; x_wconf 85' lang='lat' dir='ltr'>dictae</span> <span class='ocrx_word' id='word_1_506' title='bbox 617 2271 710 2303; x_wconf 79' lang='lat' dir='ltr'>sunt,</span> <span class='ocrx_word' id='word_1_507' title='bbox 735 2276 801 2296; x_wconf 92' lang='lat' dir='ltr'>non</span> <span class='ocrx_word' id='word_1_508' title='bbox 831 2266 871 2297; x_wconf 91' lang='lat' dir='ltr'>de</span> <span class='ocrx_word' id='word_1_509' title='bbox 895 2266 1014 2297; x_wconf 88' lang='lat' dir='ltr'>iudicio</span> <span class='ocrx_word' id='word_1_510' title='bbox 1038 2265 1111 2297; x_wconf 86' lang='lat' dir='ltr'>Dei.</span> <span class='ocrx_word' id='word_1_511' title='bbox 1160 2265 1216 2296; x_wconf 86' lang='lat' dir='ltr'>Ni·</span> <span class='ocrx_word' id='word_1_512' title='bbox 1242 2291 1246 2309; x_wconf 63' lang='grc'>,</span> <span class='ocrx_word' id='word_1_513' title='bbox 1270 2264 1402 2295; x_wconf 88' lang='lat' dir='ltr'>Scimus</span> <span class='ocrx_word' id='word_1_514' title='bbox 1426 2264 1511 2294; x_wconf 76' lang='lat' dir='ltr'>cuim</span> <span class='ocrx_word' id='word_1_515' title='bbox 1536 2272 1598 2294; x_wconf 91' lang='lat' dir='ltr'>nos</span> <span class='ocrx_word' id='word_1_516' title='bbox 1622 2269 1714 2294; x_wconf 86' lang='lat' dir='ltr'>recte</span> <span class='ocrx_word' id='word_1_517' title='bbox 1734 2269 1767 2294; x_wconf 85' lang='lat' dir='ltr'>et</span> <span class='ocrx_word' id='word_1_518' title='bbox 1795 2273 1869 2295; x_wconf 87' lang='lat' dir='ltr'>cum</span> <span class='ocrx_word' id='word_1_519' title='bbox 1900 2260 2068 2294; x_wconf 79' lang='lat' dir='ltr'>catholica</span> <span class='ocrx_word' id='word_1_520' title='bbox 2099 2259 2254 2292; x_wconf 67' lang='lat' dir='ltr'>Ecclesia</span> 
     </span>
     <span class='ocr_line' id='line_1_50' title="bbox 232 2304 2252 2349; baseline -0.001 -11"><span class='ocrx_word' id='word_1_521' title='bbox 232 2306 300 2339; x_wconf 88' lang='lat' dir='ltr'>hilo</span> <span class='ocrx_word' id='word_1_522' title='bbox 325 2308 526 2349; x_wconf 86' lang='lat' dir='ltr'>prudeucius</span> <span class='ocrx_word' id='word_1_523' title='bbox 549 2315 689 2339; x_wconf 86' lang='lat' dir='ltr'>assuunt</span> <span class='ocrx_word' id='word_1_524' title='bbox 712 2314 745 2339; x_wconf 85' lang='lat' dir='ltr'>et</span> <span class='ocrx_word' id='word_1_525' title='bbox 767 2307 851 2339; x_wconf 78' lang='lat' dir='ltr'>alias</span> <span class='ocrx_word' id='word_1_526' title='bbox 882 2309 1090 2347; x_wconf 81' lang='lat' dir='ltr'>sentencias,</span> <span class='ocrx_word' id='word_1_527' title='bbox 1123 2313 1216 2340; x_wconf 86' lang='lat' dir='ltr'>natu·</span> <span class='ocrx_word' id='word_1_528' title='bbox 1270 2306 1393 2338; x_wconf 87' lang='lat' dir='ltr'>Christi</span> <span class='ocrx_word' id='word_1_529' title='bbox 1416 2306 1552 2343; x_wconf 72' lang='lat' dir='ltr'>sentire,</span> <span class='ocrx_word' id='word_1_530' title='bbox 1575 2305 1643 2337; x_wconf 83' lang='lat' dir='ltr'>Sed</span> <span class='ocrx_word' id='word_1_531' title='bbox 1666 2306 1695 2337; x_wconf 90' lang='lat' dir='ltr'>si</span> <span class='ocrx_word' id='word_1_532' title='bbox 1719 2306 1929 2337; x_wconf 80' lang='lat' dir='ltr'>renouabunt</span> <span class='ocrx_word' id='word_1_533' title='bbox 1952 2304 2038 2336; x_wconf 85' lang='lat' dir='ltr'>hauc</span> <span class='ocrx_word' id='word_1_534' title='bbox 2058 2310 2252 2336; x_wconf 77' lang='lat' dir='ltr'>controuer-</span> 
     </span>
     <span class='ocr_line' id='line_1_51' title="bbox 233 2346 2253 2389; baseline -0.002 -8"><span class='ocrx_word' id='word_1_535' title='bbox 233 2360 302 2381; x_wconf 86' lang='lat' dir='ltr'>ram</span> <span class='ocrx_word' id='word_1_536' title='bbox 327 2361 391 2382; x_wconf 89' lang='lat' dir='ltr'>uon</span> <span class='ocrx_word' id='word_1_537' title='bbox 416 2361 492 2381; x_wconf 81' lang='lat' dir='ltr'>esse</span> <span class='ocrx_word' id='word_1_538' title='bbox 514 2349 650 2389; x_wconf 88' lang='lat' dir='ltr'>malam,</span> <span class='ocrx_word' id='word_1_539' title='bbox 681 2351 714 2382; x_wconf 86' lang='lat' dir='ltr'>ld</span> <span class='ocrx_word' id='word_1_540' title='bbox 749 2351 780 2382; x_wconf 88' lang='lat' dir='ltr'>in</span> <span class='ocrx_word' id='word_1_541' title='bbox 815 2350 892 2383; x_wconf 91' lang='lat' dir='ltr'>loco</span> <span class='ocrx_word' id='word_1_542' title='bbox 921 2352 1043 2383; x_wconf 86' lang='lat' dir='ltr'>dictum</span> <span class='ocrx_word' id='word_1_543' title='bbox 1070 2361 1135 2383; x_wconf 86' lang='lat' dir='ltr'>non</span> <span class='ocrx_word' id='word_1_544' title='bbox 1169 2361 1216 2382; x_wconf 88' lang='lat' dir='ltr'>re-</span> <span class='ocrx_word' id='word_1_545' title='bbox 1270 2349 1352 2380; x_wconf 81' lang='lat' dir='ltr'>siam</span> <span class='ocrx_word' id='word_1_546' title='bbox 1378 2349 1583 2389; x_wconf 87' lang='lat' dir='ltr'>aduersarij,</span> <span class='ocrx_word' id='word_1_547' title='bbox 1613 2358 1679 2379; x_wconf 92' lang='lat' dir='ltr'>non</span> <span class='ocrx_word' id='word_1_548' title='bbox 1714 2348 1858 2380; x_wconf 82' lang='lat' dir='ltr'>defuturi</span> <span class='ocrx_word' id='word_1_549' title='bbox 1881 2354 1958 2378; x_wconf 86' lang='lat' dir='ltr'>sunt</span> <span class='ocrx_word' id='word_1_550' title='bbox 1989 2347 2075 2388; x_wconf 86' lang='lat' dir='ltr'>apud</span> <span class='ocrx_word' id='word_1_551' title='bbox 2106 2356 2168 2378; x_wconf 88' lang='lat' dir='ltr'>nos</span> <span class='ocrx_word' id='word_1_552' title='bbox 2197 2346 2253 2388; x_wconf 87' lang='lat' dir='ltr'>qui</span> 
     </span>
     <span class='ocr_line' id='line_1_52' title="bbox 1270 2388 2253 2433; baseline -0.003 -10"><span class='ocrx_word' id='word_1_553' title='bbox 1270 2392 1512 2433; x_wconf 82' lang='lat' dir='ltr'>respondeant,</span> <span class='ocrx_word' id='word_1_554' title='bbox 1546 2398 1576 2422; x_wconf 88' lang='lat' dir='ltr'>et</span> <span class='ocrx_word' id='word_1_555' title='bbox 1612 2391 1738 2423; x_wconf 82' lang='lat' dir='ltr'>veritati</span> <span class='ocrx_word' id='word_1_556' title='bbox 1774 2391 2033 2432; x_wconf 80' lang='lat' dir='ltr'>patrocinentur.</span> <span class='ocrx_word' id='word_1_557' title='bbox 2079 2389 2163 2421; x_wconf 81' lang='lat' dir='ltr'>Nam</span> <span class='ocrx_word' id='word_1_558' title='bbox 2196 2388 2253 2421; x_wconf 82' lang='lat' dir='ltr'>ad-</span> 
     </span>
     <span class='ocr_line' id='line_1_53' title="bbox 1270 2430 2252 2477; baseline -0.004 -11"><span class='ocrx_word' id='word_1_559' title='bbox 1270 2435 1412 2477; x_wconf 84' lang='lat' dir='ltr'>uersarij</span> <span class='ocrx_word' id='word_1_560' title='bbox 1436 2435 1467 2465; x_wconf 90' lang='lat' dir='ltr'>iu</span> <span class='ocrx_word' id='word_1_561' title='bbox 1489 2434 1553 2465; x_wconf 87' lang='lat' dir='ltr'>hac</span> <span class='ocrx_word' id='word_1_562' title='bbox 1575 2444 1678 2466; x_wconf 80' lang='lat' dir='ltr'>causa</span> <span class='ocrx_word' id='word_1_563' title='bbox 1701 2444 1822 2475; x_wconf 83' lang='lat' dir='ltr'>magna</span> <span class='ocrx_word' id='word_1_564' title='bbox 1846 2443 1886 2464; x_wconf 86' lang='lat' dir='ltr'>ex</span> <span class='ocrx_word' id='word_1_565' title='bbox 1909 2432 2094 2474; x_wconf 63' lang='grc' dir='ltr'><strong>ραι-1111111111</strong></span> <span class='ocrx_word' id='word_1_566' title='bbox 2114 2430 2252 2474; x_wconf 80' lang='lat' dir='ltr'>loquan-</span> 
     </span>
     <span class='ocr_line' id='line_1_54' title="bbox 241 2474 2254 2520; baseline -0.002 -9"><span class='ocrx_word' id='word_1_567' title='bbox 241 2488 285 2519; x_wconf 76' lang='lat'>15)</span> <span class='ocrx_word' id='word_1_568' title='bbox 305 2487 514 2519; x_wconf 63' lang='lat' dir='ltr'>pom-rioribusJ</span> <span class='ocrx_word' id='word_1_569' title='bbox 534 2489 570 2511; x_wconf 69' lang='lat' dir='ltr'>ute</span> <span class='ocrx_word' id='word_1_570' title='bbox 589 2488 670 2512; x_wconf 73' lang='lat' dir='ltr'>Eum.</span> <span class='ocrx_word' id='word_1_571' title='bbox 694 2487 781 2518; x_wconf 79' lang='grc'><strong>1-3.;</strong></span> <span class='ocrx_word' id='word_1_572' title='bbox 801 2487 848 2512; x_wconf 76' lang='lat' dir='ltr'>Ed.</span> <span class='ocrx_word' id='word_1_573' title='bbox 870 2489 907 2513; x_wconf 77' lang='lat'>⁴.2</span> <span class='ocrx_word' id='word_1_574' title='bbox 927 2488 1113 2520; x_wconf 68' lang='lat' dir='ltr'>-nportoritnn,</span> <span class='ocrx_word' id='word_1_575' title='bbox 1236 2506 1239 2509; x_wconf 83' lang='lat'>.</span> <span class='ocrx_word' id='word_1_576' title='bbox 1270 2484 1323 2509; x_wconf 90' lang='lat' dir='ltr'>tur</span> <span class='ocrx_word' id='word_1_577' title='bbox 1347 2488 1412 2509; x_wconf 90' lang='lat' dir='ltr'>uon</span> <span class='ocrx_word' id='word_1_578' title='bbox 1435 2475 1637 2519; x_wconf 77' lang='lat' dir='ltr'>intellig-unt,</span> <span class='ocrx_word' id='word_1_579' title='bbox 1667 2477 1777 2518; x_wconf 84' lang='lat' dir='ltr'>Saepe</span> <span class='ocrx_word' id='word_1_580' title='bbox 1808 2477 1920 2507; x_wconf 88' lang='lat' dir='ltr'>dicunt</span> <span class='ocrx_word' id='word_1_581' title='bbox 1946 2475 2154 2518; x_wconf 78' lang='lat' dir='ltr'>puguancia,</span> <span class='ocrx_word' id='word_1_582' title='bbox 2182 2474 2254 2507; x_wconf 79' lang='lat' dir='ltr'>Neo</span> 
     </span>
     <span class='ocr_line' id='line_1_55' title="bbox 244 2531 747 2562; baseline 0 -8"><span class='ocrx_word' id='word_1_583' title='bbox 244 2531 287 2561; x_wconf 77' lang='lat'>16)</span> <span class='ocrx_word' id='word_1_584' title='bbox 307 2531 458 2562; x_wconf 55' lang='lat' dir='ltr'>paccatum]</span> <span class='ocrx_word' id='word_1_585' title='bbox 481 2531 527 2554; x_wconf 79' lang='lat' dir='ltr'>Ed.</span> <span class='ocrx_word' id='word_1_586' title='bbox 549 2531 587 2554; x_wconf 80' lang='grc'>3.;</span> <span class='ocrx_word' id='word_1_587' title='bbox 607 2534 747 2562; x_wconf 73' lang='lat' dir='ltr'>paccatum.</span> 
     </span>
     <span class='ocr_line' id='line_1_56' title="bbox 242 2573 674 2606; baseline 0 -9"><span class='ocrx_word' id='word_1_588' title='bbox 242 2575 285 2603; x_wconf 77' lang='grc'>17)</span> <span class='ocrx_word' id='word_1_589' title='bbox 305 2573 423 2606; x_wconf 54' lang='lat' dir='ltr'>‹licen-ct]</span> <span class='ocrx_word' id='word_1_590' title='bbox 445 2575 490 2598; x_wconf 75' lang='lat' dir='ltr'>Ed.</span> <span class='ocrx_word' id='word_1_591' title='bbox 512 2574 548 2597; x_wconf 79' lang='lat'>³.:</span> <span class='ocrx_word' id='word_1_592' title='bbox 569 2574 674 2602; x_wconf 70' lang='lat' dir='ltr'>diceret.</span> 
     </span>
     <span class='ocr_line' id='line_1_57' title="bbox 242 2611 1978 2647; baseline -0.002 -7"><span class='ocrx_word' id='word_1_593' title='bbox 242 2617 302 2647; x_wconf 77' lang='grc'><strong>1711)</strong></span> <span class='ocrx_word' id='word_1_594' title='bbox 321 2617 396 2647; x_wconf 69' lang='lat' dir='ltr'>Item]</span> <span class='ocrx_word' id='word_1_595' title='bbox 416 2617 494 2640; x_wconf 61' lang='lat' dir='ltr'>adite.</span> <span class='ocrx_word' id='word_1_596' title='bbox 517 2617 540 2640; x_wconf 75' lang='grc'>3.</span> <span class='ocrx_word' id='word_1_597' title='bbox 561 2617 600 2641; x_wconf 58' lang='lat'>§.2</span> <span class='ocrx_word' id='word_1_598' title='bbox 620 2617 694 2644; x_wconf 74' lang='lat' dir='ltr'>Iton.</span> <span class='ocrx_word' id='word_1_599' title='bbox 1245 2621 1248 2635; x_wconf 74' lang='grc' dir='ltr'>Ι</span> <span class='ocrx_word' id='word_1_600' title='bbox 1276 2617 1318 2645; x_wconf 83' lang='grc'>18)</span> <span class='ocrx_word' id='word_1_601' title='bbox 1337 2614 1448 2646; x_wconf 68' lang='lat' dir='ltr'>poenae!</span> <span class='ocrx_word' id='word_1_602' title='bbox 1466 2616 1501 2639; x_wconf 70' lang='lat' dir='ltr'>n&#39;a</span> <span class='ocrx_word' id='word_1_603' title='bbox 1520 2614 1599 2638; x_wconf 65' lang='lat' dir='ltr'>ttdtet.</span> <span class='ocrx_word' id='word_1_604' title='bbox 1622 2615 1644 2638; x_wconf 92' lang='grc'>1.</span> <span class='ocrx_word' id='word_1_605' title='bbox 1665 2613 1687 2637; x_wconf 71' lang='lat'>8.</span> <span class='ocrx_word' id='word_1_606' title='bbox 1708 2614 1746 2640; x_wconf 70' lang='lat'>⁴.;</span> <span class='ocrx_word' id='word_1_607' title='bbox 1767 2611 1814 2637; x_wconf 75' lang='lat' dir='ltr'>ssd.</span> <span class='ocrx_word' id='word_1_608' title='bbox 1835 2612 1877 2637; x_wconf 66' lang='lat' dir='ltr'>&amp;z</span> <span class='ocrx_word' id='word_1_609' title='bbox 1895 2618 1978 2643; x_wconf 69' lang='lat' dir='ltr'>pon-</span> 
     </span>
    </p>
   </div>
   <div class='ocr_carea' id='block_1_3' title="bbox 1262 639 2253 1663">
    <p class='ocr_par' dir='ltr' id='par_1_5' title="bbox 1262 639 2253 1663">
     <span class='ocr_line' id='line_1_58' title="bbox 1263 639 2242 685; baseline 0.004 -14"><span class='ocrx_word' id='word_1_610' title='bbox 1263 649 1327 680; x_wconf 85' lang='lat' dir='ltr'>que</span> <span class='ocrx_word' id='word_1_611' title='bbox 1353 639 1522 672; x_wconf 79' lang='lat' dir='ltr'>Luthems</span> <span class='ocrx_word' id='word_1_612' title='bbox 1552 640 1670 671; x_wconf 90' lang='lat' dir='ltr'>volens</span> <span class='ocrx_word' id='word_1_613' title='bbox 1702 642 1960 683; x_wconf 82' lang='lat' dir='ltr'>magnitudinem</span> <span class='ocrx_word' id='word_1_614' title='bbox 1988 644 2115 683; x_wconf 88' lang='lat' dir='ltr'>peccati</span> <span class='ocrx_word' id='word_1_615' title='bbox 2143 644 2242 685; x_wconf 58' lang='lat' dir='ltr'>origi-</span> 
     </span>
     <span class='ocr_line' id='line_1_59' title="bbox 1262 670 2243 722; baseline 0.005 -9"><span class='ocrx_word' id='word_1_616' title='bbox 1262 681 1348 713; x_wconf 89' lang='lat' dir='ltr'>nalis</span> <span class='ocrx_word' id='word_1_617' title='bbox 1370 688 1403 714; x_wconf 88' lang='lat' dir='ltr'>et</span> <span class='ocrx_word' id='word_1_618' title='bbox 1425 683 1588 714; x_wconf 87' lang='lat' dir='ltr'>humanae</span> <span class='ocrx_word' id='word_1_619' title='bbox 1610 683 1805 715; x_wconf 85' lang='lat' dir='ltr'>infirmitatis</span> <span class='ocrx_word' id='word_1_620' title='bbox 1827 684 2012 722; x_wconf 83' lang='lat' dir='ltr'>declarare,</span> <span class='ocrx_word' id='word_1_621' title='bbox 2033 686 2145 717; x_wconf 85' lang='lat' dir='ltr'>docuit</span> <span class='ocrx_word' id='word_1_622' title='bbox 2165 670 2243 718; x_wconf 73' lang='lat' dir='ltr'>reli-</span> 
     </span>
     <span class='ocr_line' id='line_1_60' title="bbox 1263 723 2240 767; baseline 0.005 -12"><span class='ocrx_word' id='word_1_623' title='bbox 1263 725 1359 766; x_wconf 78' lang='lat' dir='ltr'>quias</span> <span class='ocrx_word' id='word_1_624' title='bbox 1382 723 1457 756; x_wconf 87' lang='lat' dir='ltr'>illas</span> <span class='ocrx_word' id='word_1_625' title='bbox 1479 727 1608 766; x_wconf 87' lang='lat' dir='ltr'>peccati</span> <span class='ocrx_word' id='word_1_626' title='bbox 1632 725 1822 767; x_wconf 77' lang='lat' dir='ltr'>originalis.</span> <span class='ocrx_word' id='word_1_627' title='bbox 1853 737 1918 758; x_wconf 86' lang='lat' dir='ltr'>non</span> <span class='ocrx_word' id='word_1_628' title='bbox 1942 737 2019 759; x_wconf 90' lang='lat' dir='ltr'>esse</span> <span class='ocrx_word' id='word_1_629' title='bbox 2041 738 2102 760; x_wconf 84' lang='lat' dir='ltr'>sua</span> <span class='ocrx_word' id='word_1_630' title='bbox 2124 735 2240 760; x_wconf 88' lang='lat' dir='ltr'>natura</span> 
     </span>
     <span class='ocr_line' id='line_1_61' title="bbox 1264 764 2244 811; baseline 0.004 -13"><span class='ocrx_word' id='word_1_631' title='bbox 1264 768 1296 798; x_wconf 89' lang='lat' dir='ltr'>in</span> <span class='ocrx_word' id='word_1_632' title='bbox 1319 767 1452 799; x_wconf 88' lang='lat' dir='ltr'>homine</span> <span class='ocrx_word' id='word_1_633' title='bbox 1474 764 1641 810; x_wconf 73' lang='grc' dir='ltr'><em>ἀδιάφορα,</em></span> <span class='ocrx_word' id='word_1_634' title='bbox 1666 770 1726 801; x_wconf 86' lang='lat' dir='ltr'>sed</span> <span class='ocrx_word' id='word_1_635' title='bbox 1749 770 1899 810; x_wconf 79' lang='lat' dir='ltr'>indigere</span> <span class='ocrx_word' id='word_1_636' title='bbox 1921 771 2028 811; x_wconf 86' lang='lat' dir='ltr'>gratia</span> <span class='ocrx_word' id='word_1_637' title='bbox 2052 770 2189 809; x_wconf 83' lang='lat' dir='ltr'>Christi,</span> <span class='ocrx_word' id='word_1_638' title='bbox 2201 781 2244 803; x_wconf 87' lang='lat' dir='ltr'>ne</span> 
     </span>
     <span class='ocr_line' id='line_1_62' title="bbox 1262 810 2199 852; baseline 0.002 -11"><span class='ocrx_word' id='word_1_639' title='bbox 1262 810 1477 851; x_wconf 83' lang='lat' dir='ltr'>imputentur,</span> <span class='ocrx_word' id='word_1_640' title='bbox 1500 811 1576 842; x_wconf 87' lang='lat' dir='ltr'>item</span> <span class='ocrx_word' id='word_1_641' title='bbox 1601 812 1719 852; x_wconf 76' lang='lat' dir='ltr'>spiritu</span> <span class='ocrx_word' id='word_1_642' title='bbox 1742 819 1871 850; x_wconf 76' lang='lat' dir='ltr'>sancto,</span> <span class='ocrx_word' id='word_1_643' title='bbox 1893 819 1929 844; x_wconf 88' lang='lat' dir='ltr'>vt</span> <span class='ocrx_word' id='word_1_644' title='bbox 1951 813 2199 845; x_wconf 86' lang='lat' dir='ltr'>mortificentur.</span> 
     </span>
     <span class='ocr_line' id='line_1_63' title="bbox 1349 852 2244 897; baseline 0 -10"><span class='ocrx_word' id='word_1_645' title='bbox 1349 852 1547 894; x_wconf 85' lang='lat' dir='ltr'>Quanquam</span> <span class='ocrx_word' id='word_1_646' title='bbox 1564 853 1764 886; x_wconf 70' lang='lat' dir='ltr'>scholastici</span> <span class='ocrx_word' id='word_1_647' title='bbox 1786 863 1949 897; x_wconf 64' lang='lat' dir='ltr'>xtrunque</span> <span class='ocrx_word' id='word_1_648' title='bbox 1967 861 2158 894; x_wconf 80' lang='lat' dir='ltr'>extenuant,</span> <span class='ocrx_word' id='word_1_649' title='bbox 2170 865 2244 897; x_wconf 90' lang='lat' dir='ltr'>pec·</span> 
     </span>
     <span class='ocr_line' id='line_1_64' title="bbox 1264 897 2244 941; baseline 0.003 -16"><span class='ocrx_word' id='word_1_650' title='bbox 1264 900 1372 926; x_wconf 84' lang='lat' dir='ltr'>catum</span> <span class='ocrx_word' id='word_1_651' title='bbox 1401 902 1434 927; x_wconf 88' lang='lat' dir='ltr'>et</span> <span class='ocrx_word' id='word_1_652' title='bbox 1461 905 1621 936; x_wconf 84' lang='lat' dir='ltr'>poenam,</span> <span class='ocrx_word' id='word_1_653' title='bbox 1649 908 1722 928; x_wconf 86' lang='lat' dir='ltr'>cum</span> <span class='ocrx_word' id='word_1_654' title='bbox 1756 898 1877 939; x_wconf 65' lang='lat' dir='ltr'>dor-eut</span> <span class='ocrx_word' id='word_1_655' title='bbox 1905 897 2071 929; x_wconf 89' lang='lat' dir='ltr'>hominem</span> <span class='ocrx_word' id='word_1_656' title='bbox 2098 898 2244 941; x_wconf 85' lang='lat' dir='ltr'>proprijs</span> 
     </span>
     <span class='ocr_line' id='line_1_65' title="bbox 1264 937 2244 978; baseline 0.004 -10"><span class='ocrx_word' id='word_1_657' title='bbox 1264 937 1389 969; x_wconf 90' lang='lat' dir='ltr'>viribus</span> <span class='ocrx_word' id='word_1_658' title='bbox 1411 947 1515 978; x_wconf 86' lang='lat' dir='ltr'>posse</span> <span class='ocrx_word' id='word_1_659' title='bbox 1538 939 1692 970; x_wconf 86' lang='lat' dir='ltr'>mandata</span> <span class='ocrx_word' id='word_1_660' title='bbox 1715 939 1778 971; x_wconf 92' lang='lat' dir='ltr'>Dei</span> <span class='ocrx_word' id='word_1_661' title='bbox 1803 939 1927 972; x_wconf 82' lang='lat' dir='ltr'>facere.</span> <span class='ocrx_word' id='word_1_662' title='bbox 1973 941 2008 972; x_wconf 93' lang='lat' dir='ltr'>ln</span> <span class='ocrx_word' id='word_1_663' title='bbox 2038 941 2162 972; x_wconf 80' lang='lat' dir='ltr'>Genesi</span> <span class='ocrx_word' id='word_1_664' title='bbox 2184 942 2244 972; x_wconf 84' lang='lat' dir='ltr'>ali—</span> 
     </span>
     <span class='ocr_line' id='line_1_66' title="bbox 1263 980 2245 1025; baseline 0.003 -14"><span class='ocrx_word' id='word_1_665' title='bbox 1263 986 1313 1011; x_wconf 89' lang='lat' dir='ltr'>ter</span> <span class='ocrx_word' id='word_1_666' title='bbox 1336 980 1535 1012; x_wconf 89' lang='lat' dir='ltr'>describitur</span> <span class='ocrx_word' id='word_1_667' title='bbox 1564 991 1673 1020; x_wconf 79' lang='lat' dir='ltr'>poena</span> <span class='ocrx_word' id='word_1_668' title='bbox 1701 984 1854 1024; x_wconf 72' lang='lat' dir='ltr'>imposita</span> <span class='ocrx_word' id='word_1_669' title='bbox 1885 993 1945 1025; x_wconf 84' lang='lat' dir='ltr'>pro</span> <span class='ocrx_word' id='word_1_670' title='bbox 1977 990 2117 1024; x_wconf 84' lang='lat' dir='ltr'>peccato</span> <span class='ocrx_word' id='word_1_671' title='bbox 2145 984 2245 1025; x_wconf 84' lang='lat' dir='ltr'>origi-</span> 
     </span>
     <span class='ocr_line' id='line_1_67' title="bbox 1263 1023 2246 1068; baseline 0.005 -15"><span class='ocrx_word' id='word_1_672' title='bbox 1263 1023 1326 1054; x_wconf 92' lang='lat' dir='ltr'>nis.</span> <span class='ocrx_word' id='word_1_673' title='bbox 1372 1023 1419 1054; x_wconf 90' lang='lat' dir='ltr'>lbi</span> <span class='ocrx_word' id='word_1_674' title='bbox 1443 1023 1528 1054; x_wconf 84' lang='lat' dir='ltr'>enim</span> <span class='ocrx_word' id='word_1_675' title='bbox 1552 1033 1618 1054; x_wconf 90' lang='lat' dir='ltr'>non</span> <span class='ocrx_word' id='word_1_676' title='bbox 1637 1023 1745 1055; x_wconf 85' lang='lat' dir='ltr'>solum</span> <span class='ocrx_word' id='word_1_677' title='bbox 1774 1027 1870 1056; x_wconf 85' lang='lat' dir='ltr'>morti</span> <span class='ocrx_word' id='word_1_678' title='bbox 1901 1033 1933 1058; x_wconf 87' lang='lat' dir='ltr'>et.</span> <span class='ocrx_word' id='word_1_679' title='bbox 1958 1025 2034 1068; x_wconf 88' lang='lat' dir='ltr'>alijs</span> <span class='ocrx_word' id='word_1_680' title='bbox 2064 1026 2246 1068; x_wconf 87' lang='lat' dir='ltr'>corporali·</span> 
     </span>
     <span class='ocr_line' id='line_1_68' title="bbox 1264 1064 2246 1107; baseline 0.005 -12"><span class='ocrx_word' id='word_1_681' title='bbox 1264 1065 1327 1096; x_wconf 75' lang='lat' dir='ltr'>bus</span> <span class='ocrx_word' id='word_1_682' title='bbox 1362 1064 1458 1096; x_wconf 82' lang='lat' dir='ltr'>malis</span> <span class='ocrx_word' id='word_1_683' title='bbox 1498 1066 1672 1107; x_wconf 84' lang='lat' dir='ltr'>subijcitur</span> <span class='ocrx_word' id='word_1_684' title='bbox 1709 1066 1850 1098; x_wconf 86' lang='lat' dir='ltr'>humana</span> <span class='ocrx_word' id='word_1_685' title='bbox 1885 1075 2022 1106; x_wconf 87' lang='lat' dir='ltr'>natura,</span> <span class='ocrx_word' id='word_1_686' title='bbox 2056 1069 2117 1100; x_wconf 89' lang='lat' dir='ltr'>sed</span> <span class='ocrx_word' id='word_1_687' title='bbox 2148 1070 2246 1100; x_wconf 86' lang='lat' dir='ltr'>etiam</span> 
     </span>
     <span class='ocr_line' id='line_1_69' title="bbox 1264 1106 2246 1149; baseline 0.004 -11"><span class='ocrx_word' id='word_1_688' title='bbox 1264 1117 1369 1149; x_wconf 71' lang='lat' dir='ltr'>regno</span> <span class='ocrx_word' id='word_1_689' title='bbox 1393 1106 1526 1139; x_wconf 84' lang='lat' dir='ltr'>diaboli.</span> <span class='ocrx_word' id='word_1_690' title='bbox 1571 1108 1656 1139; x_wconf 86' lang='lat' dir='ltr'>Nam</span> <span class='ocrx_word' id='word_1_691' title='bbox 1679 1110 1722 1140; x_wconf 89' lang='lat' dir='ltr'>ibi</span> <span class='ocrx_word' id='word_1_692' title='bbox 1746 1108 1850 1140; x_wconf 80' lang='lat' dir='ltr'>fertur</span> <span class='ocrx_word' id='word_1_693' title='bbox 1873 1111 1957 1141; x_wconf 85' lang='lat' dir='ltr'>haec</span> <span class='ocrx_word' id='word_1_694' title='bbox 1979 1110 2148 1142; x_wconf 88' lang='lat' dir='ltr'>horribilis</span> <span class='ocrx_word' id='word_1_695' title='bbox 2170 1121 2246 1142; x_wconf 83' lang='lat' dir='ltr'>sen-</span> 
     </span>
     <span class='ocr_line' id='line_1_70' title="bbox 1263 1151 2249 1192; baseline 0.003 -11"><span class='ocrx_word' id='word_1_696' title='bbox 1263 1151 1384 1188; x_wconf 87' lang='lat' dir='ltr'>tencia,</span> <span class='ocrx_word' id='word_1_697' title='bbox 1408 1151 1596 1182; x_wconf 86' lang='lat' dir='ltr'>lnimicitias</span> <span class='ocrx_word' id='word_1_698' title='bbox 1618 1161 1737 1192; x_wconf 75' lang='lat' dir='ltr'>ponam</span> <span class='ocrx_word' id='word_1_699' title='bbox 1765 1153 1851 1184; x_wconf 86' lang='lat' dir='ltr'>inter</span> <span class='ocrx_word' id='word_1_700' title='bbox 1875 1159 1907 1183; x_wconf 89' lang='lat' dir='ltr'>te</span> <span class='ocrx_word' id='word_1_701' title='bbox 1936 1159 1969 1184; x_wconf 89' lang='lat' dir='ltr'>et</span> <span class='ocrx_word' id='word_1_702' title='bbox 1999 1152 2185 1191; x_wconf 84' lang='lat' dir='ltr'>mulierem,</span> <span class='ocrx_word' id='word_1_703' title='bbox 2215 1158 2249 1184; x_wconf 87' lang='lat' dir='ltr'>et</span> 
     </span>
     <span class='ocr_line' id='line_1_71' title="bbox 1265 1193 2249 1234; baseline 0.003 -10"><span class='ocrx_word' id='word_1_704' title='bbox 1265 1193 1350 1224; x_wconf 85' lang='lat' dir='ltr'>inter</span> <span class='ocrx_word' id='word_1_705' title='bbox 1372 1202 1486 1224; x_wconf 89' lang='lat' dir='ltr'>semen</span> <span class='ocrx_word' id='word_1_706' title='bbox 1509 1199 1617 1232; x_wconf 87' lang='lat' dir='ltr'>tuum,</span> <span class='ocrx_word' id='word_1_707' title='bbox 1649 1200 1682 1226; x_wconf 86' lang='lat' dir='ltr'>et</span> <span class='ocrx_word' id='word_1_708' title='bbox 1713 1204 1827 1226; x_wconf 88' lang='lat' dir='ltr'>semen</span> <span class='ocrx_word' id='word_1_709' title='bbox 1856 1194 1965 1232; x_wconf 88' lang='lat' dir='ltr'>illius,</span> <span class='ocrx_word' id='word_1_710' title='bbox 1998 1195 2181 1234; x_wconf 80' lang='lat' dir='ltr'>Defectus,</span> <span class='ocrx_word' id='word_1_711' title='bbox 2214 1201 2249 1227; x_wconf 82' lang='lat' dir='ltr'>et</span> 
     </span>
     <span class='ocr_line' id='line_1_72' title="bbox 1264 1236 2248 1278; baseline 0.003 -11"><span class='ocrx_word' id='word_1_712' title='bbox 1264 1236 1537 1277; x_wconf 86' lang='lat' dir='ltr'>concupiscentia</span> <span class='ocrx_word' id='word_1_713' title='bbox 1563 1242 1642 1267; x_wconf 88' lang='lat' dir='ltr'>sunt</span> <span class='ocrx_word' id='word_1_714' title='bbox 1695 1247 1801 1269; x_wconf 89' lang='lat' dir='ltr'>oenae</span> <span class='ocrx_word' id='word_1_715' title='bbox 1820 1240 1869 1276; x_wconf 73' lang='lat'>¹⁵)</span> <span class='ocrx_word' id='word_1_716' title='bbox 1901 1244 1934 1269; x_wconf 86' lang='lat' dir='ltr'>et</span> <span class='ocrx_word' id='word_1_717' title='bbox 1964 1244 2120 1278; x_wconf 83' lang='lat' dir='ltr'>peccata,</span> <span class='ocrx_word' id='word_1_718' title='bbox 2153 1238 2248 1270; x_wconf 85' lang='lat' dir='ltr'>Mors</span> 
     </span>
     <span class='ocr_line' id='line_1_73' title="bbox 1265 1277 2250 1322; baseline 0.002 -12"><span class='ocrx_word' id='word_1_719' title='bbox 1265 1285 1297 1310; x_wconf 90' lang='lat' dir='ltr'>et</span> <span class='ocrx_word' id='word_1_720' title='bbox 1318 1277 1384 1310; x_wconf 79' lang='lat' dir='ltr'>alia</span> <span class='ocrx_word' id='word_1_721' title='bbox 1402 1277 1592 1320; x_wconf 86' lang='lat' dir='ltr'>corporalia</span> <span class='ocrx_word' id='word_1_722' title='bbox 1615 1290 1665 1310; x_wconf 86' lang='lat' dir='ltr'>ma</span> <span class='ocrx_word' id='word_1_723' title='bbox 1682 1290 1719 1317; x_wconf 82' lang='lat' dir='ltr'>a,</span> <span class='ocrx_word' id='word_1_724' title='bbox 1743 1286 1775 1310; x_wconf 85' lang='lat' dir='ltr'>et</span> <span class='ocrx_word' id='word_1_725' title='bbox 1794 1282 1946 1322; x_wconf 56' lang='lat' dir='ltr'>tyrannis</span> <span class='ocrx_word' id='word_1_726' title='bbox 1968 1279 2092 1312; x_wconf 83' lang='lat' dir='ltr'>diaboli</span> <span class='ocrx_word' id='word_1_727' title='bbox 2115 1282 2250 1322; x_wconf 83' lang='lat' dir='ltr'>proprie</span> 
     </span>
     <span class='ocr_line' id='line_1_74' title="bbox 1264 1321 2250 1363; baseline 0.003 -11"><span class='ocrx_word' id='word_1_728' title='bbox 1264 1331 1393 1363; x_wconf 88' lang='lat' dir='ltr'>poenae</span> <span class='ocrx_word' id='word_1_729' title='bbox 1415 1328 1502 1353; x_wconf 90' lang='lat' dir='ltr'>sunt.</span> <span class='ocrx_word' id='word_1_730' title='bbox 1548 1321 1608 1352; x_wconf 84' lang='lat' dir='ltr'>Est</span> <span class='ocrx_word' id='word_1_731' title='bbox 1631 1323 1717 1353; x_wconf 87' lang='lat' dir='ltr'>enim</span> <span class='ocrx_word' id='word_1_732' title='bbox 1740 1329 1856 1354; x_wconf 80' lang='lat' dir='ltr'>natura</span> <span class='ocrx_word' id='word_1_733' title='bbox 1881 1323 2024 1355; x_wconf 77' lang='lat' dir='ltr'>humana</span> <span class='ocrx_word' id='word_1_734' title='bbox 2052 1324 2086 1355; x_wconf 86' lang='lat' dir='ltr'>in</span> <span class='ocrx_word' id='word_1_735' title='bbox 2107 1326 2250 1356; x_wconf 86' lang='lat' dir='ltr'>seruitu-</span> 
     </span>
     <span class='ocr_line' id='line_1_75' title="bbox 1265 1365 2250 1408; baseline 0.001 -12"><span class='ocrx_word' id='word_1_736' title='bbox 1265 1370 1331 1396; x_wconf 88' lang='lat' dir='ltr'>tem</span> <span class='ocrx_word' id='word_1_737' title='bbox 1354 1365 1486 1402; x_wconf 84' lang='lat' dir='ltr'>tradita‚</span> <span class='ocrx_word' id='word_1_738' title='bbox 1504 1370 1537 1396; x_wconf 88' lang='lat' dir='ltr'>et</span> <span class='ocrx_word' id='word_1_739' title='bbox 1559 1366 1691 1406; x_wconf 86' lang='lat' dir='ltr'>captiua</span> <span class='ocrx_word' id='word_1_740' title='bbox 1713 1376 1733 1396; x_wconf 86' lang='lat' dir='ltr'>a</span> <span class='ocrx_word' id='word_1_741' title='bbox 1757 1365 1890 1397; x_wconf 75' lang='lat' dir='ltr'>diabolo</span> <span class='ocrx_word' id='word_1_742' title='bbox 1916 1372 2062 1403; x_wconf 83' lang='lat' dir='ltr'>tenetur,</span> <span class='ocrx_word' id='word_1_743' title='bbox 2089 1367 2145 1408; x_wconf 87' lang='lat' dir='ltr'>qui</span> <span class='ocrx_word' id='word_1_744' title='bbox 2176 1376 2250 1397; x_wconf 83' lang='lat' dir='ltr'>eam</span> 
     </span>
     <span class='ocr_line' id='line_1_76' title="bbox 1264 1407 2250 1450; baseline 0.002 -12"><span class='ocrx_word' id='word_1_745' title='bbox 1264 1407 1375 1448; x_wconf 89' lang='lat' dir='ltr'>impijs</span> <span class='ocrx_word' id='word_1_746' title='bbox 1398 1407 1610 1449; x_wconf 83' lang='lat' dir='ltr'>opinionibus</span> <span class='ocrx_word' id='word_1_747' title='bbox 1633 1414 1667 1439; x_wconf 90' lang='lat' dir='ltr'>et</span> <span class='ocrx_word' id='word_1_748' title='bbox 1690 1410 1860 1440; x_wconf 81' lang='lat' dir='ltr'>erroribus</span> <span class='ocrx_word' id='word_1_749' title='bbox 1884 1409 2062 1447; x_wconf 83' lang='lat' dir='ltr'>dementat,</span> <span class='ocrx_word' id='word_1_750' title='bbox 2081 1414 2113 1440; x_wconf 90' lang='lat' dir='ltr'>ct</span> <span class='ocrx_word' id='word_1_751' title='bbox 2137 1407 2250 1450; x_wconf 79' lang='lat' dir='ltr'>impel-</span> 
     </span>
     <span class='ocr_line' id='line_1_77' title="bbox 1264 1449 2251 1492; baseline 0.002 -11"><span class='ocrx_word' id='word_1_752' title='bbox 1264 1449 1302 1481; x_wconf 86' lang='lat' dir='ltr'>lit</span> <span class='ocrx_word' id='word_1_753' title='bbox 1324 1450 1368 1481; x_wconf 90' lang='lat' dir='ltr'>ad</span> <span class='ocrx_word' id='word_1_754' title='bbox 1391 1451 1498 1482; x_wconf 88' lang='lat' dir='ltr'>omnis</span> <span class='ocrx_word' id='word_1_755' title='bbox 1522 1451 1655 1492; x_wconf 86' lang='lat' dir='ltr'>generis</span> <span class='ocrx_word' id='word_1_756' title='bbox 1678 1458 1828 1491; x_wconf 85' lang='lat' dir='ltr'>peccata.</span> <span class='ocrx_word' id='word_1_757' title='bbox 1875 1451 1970 1483; x_wconf 89' lang='lat' dir='ltr'>Sicut</span> <span class='ocrx_word' id='word_1_758' title='bbox 1999 1457 2108 1483; x_wconf 80' lang='lat' dir='ltr'>autem</span> <span class='ocrx_word' id='word_1_759' title='bbox 2137 1452 2251 1483; x_wconf 86' lang='lat' dir='ltr'>diabo-</span> 
     </span>
     <span class='ocr_line' id='line_1_78' title="bbox 1265 1491 2252 1533; baseline 0.002 -10"><span class='ocrx_word' id='word_1_760' title='bbox 1265 1491 1318 1524; x_wconf 92' lang='lat' dir='ltr'>lus</span> <span class='ocrx_word' id='word_1_761' title='bbox 1343 1493 1429 1524; x_wconf 88' lang='lat' dir='ltr'>vinci</span> <span class='ocrx_word' id='word_1_762' title='bbox 1452 1502 1520 1524; x_wconf 89' lang='lat' dir='ltr'>non</span> <span class='ocrx_word' id='word_1_763' title='bbox 1543 1499 1672 1533; x_wconf 87' lang='lat' dir='ltr'>potest,</span> <span class='ocrx_word' id='word_1_764' title='bbox 1697 1495 1759 1525; x_wconf 86' lang='lat' dir='ltr'>nisi</span> <span class='ocrx_word' id='word_1_765' title='bbox 1789 1493 1915 1525; x_wconf 73' lang='lat' dir='ltr'>auxilio</span> <span class='ocrx_word' id='word_1_766' title='bbox 1937 1493 2082 1532; x_wconf 82' lang='lat' dir='ltr'>Christi,</span> <span class='ocrx_word' id='word_1_767' title='bbox 2106 1493 2156 1525; x_wconf 88' lang='lat' dir='ltr'>lta</span> <span class='ocrx_word' id='word_1_768' title='bbox 2183 1504 2252 1526; x_wconf 89' lang='lat' dir='ltr'>non</span> 
     </span>
     <span class='ocr_line' id='line_1_79' title="bbox 1266 1537 2252 1577; baseline 0.002 -11"><span class='ocrx_word' id='word_1_769' title='bbox 1266 1545 1447 1576; x_wconf 85' lang='lat' dir='ltr'>possumus</span> <span class='ocrx_word' id='word_1_770' title='bbox 1480 1545 1544 1567; x_wconf 90' lang='lat' dir='ltr'>nos</span> <span class='ocrx_word' id='word_1_771' title='bbox 1578 1537 1727 1577; x_wconf 85' lang='lat' dir='ltr'>proprijs</span> <span class='ocrx_word' id='word_1_772' title='bbox 1759 1538 1886 1568; x_wconf 67' lang='lat' dir='ltr'>viribus</span> <span class='ocrx_word' id='word_1_773' title='bbox 1920 1547 1962 1569; x_wconf 81' lang='lat' dir='ltr'>ex</span> <span class='ocrx_word' id='word_1_774' title='bbox 1996 1537 2061 1568; x_wconf 86' lang='lat' dir='ltr'>ista</span> <span class='ocrx_word' id='word_1_775' title='bbox 2091 1537 2252 1568; x_wconf 85' lang='lat' dir='ltr'>seruitute</span> 
     </span>
     <span class='ocr_line' id='line_1_80' title="bbox 1265 1577 2253 1621; baseline 0.001 -11"><span class='ocrx_word' id='word_1_776' title='bbox 1265 1579 1420 1610; x_wconf 86' lang='lat' dir='ltr'>eximere.</span> <span class='ocrx_word' id='word_1_777' title='bbox 1466 1577 1544 1619; x_wconf 86' lang='lat' dir='ltr'>lpsa</span> <span class='ocrx_word' id='word_1_778' title='bbox 1564 1579 1676 1609; x_wconf 86' lang='lat' dir='ltr'>mundi</span> <span class='ocrx_word' id='word_1_779' title='bbox 1701 1579 1840 1611; x_wconf 85' lang='lat' dir='ltr'>historia</span> <span class='ocrx_word' id='word_1_780' title='bbox 1863 1580 2026 1618; x_wconf 90' lang='lat' dir='ltr'>ostendit,</span> <span class='ocrx_word' id='word_1_781' title='bbox 2055 1586 2179 1621; x_wconf 82' lang='lat' dir='ltr'>quanta</span> <span class='ocrx_word' id='word_1_782' title='bbox 2207 1580 2253 1611; x_wconf 87' lang='lat' dir='ltr'>sit</span> 
     </span>
     <span class='ocr_line' id='line_1_81' title="bbox 1266 1620 2253 1663; baseline 0.001 -11"><span class='ocrx_word' id='word_1_783' title='bbox 1266 1621 1421 1662; x_wconf 89' lang='lat' dir='ltr'>potencia</span> <span class='ocrx_word' id='word_1_784' title='bbox 1454 1623 1548 1663; x_wconf 82' lang='lat' dir='ltr'>regni</span> <span class='ocrx_word' id='word_1_785' title='bbox 1578 1621 1712 1653; x_wconf 76' lang='lat' dir='ltr'>diaboli.</span> <span class='ocrx_word' id='word_1_786' title='bbox 1760 1621 1885 1655; x_wconf 86' lang='lat' dir='ltr'>Plenus</span> <span class='ocrx_word' id='word_1_787' title='bbox 1914 1628 1966 1654; x_wconf 86' lang='lat' dir='ltr'>est</span> <span class='ocrx_word' id='word_1_788' title='bbox 1994 1622 2138 1653; x_wconf 87' lang='lat' dir='ltr'>mundus</span> <span class='ocrx_word' id='word_1_789' title='bbox 2166 1620 2253 1653; x_wconf 79' lang='lat' dir='ltr'>blas·</span> 
     </span>
    </p>
   </div>
   <div class='ocr_carea' id='block_1_4' title="bbox 1238 1750 1242 1875">
    <p class='ocr_par' dir='ltr' id='par_1_6' title="bbox 1238 1750 1242 1875">
     <span class='ocr_line' id='line_1_82' title="bbox 1238 1750 1242 1875; baseline 0 1083"><span class='ocrx_word' id='word_1_790' title='bbox 1238 1750 1242 1875; x_wconf 95' lang='lat' dir='ltr'> </span> 
     </span>
    </p>
   </div>
   <div class='ocr_carea' id='block_1_5' title="bbox 1237 1920 1242 2009">
    <p class='ocr_par' dir='ltr' id='par_1_7' title="bbox 1237 1920 1242 2009">
     <span class='ocr_line' id='line_1_83' title="bbox 1237 1920 1242 2009; baseline 0 949"><span class='ocrx_word' id='word_1_791' title='bbox 1237 1920 1242 2009; x_wconf 95' lang='lat' dir='ltr'> </span> 
     </span>
    </p>
   </div>
   <div class='ocr_carea' id='block_1_6' title="bbox 1241 2174 1246 2287">
    <p class='ocr_par' dir='ltr' id='par_1_8' title="bbox 1241 2174 1246 2287">
     <span class='ocr_line' id='line_1_84' title="bbox 1241 2174 1246 2287; baseline 0 671"><span class='ocrx_word' id='word_1_792' title='bbox 1241 2174 1246 2287; x_wconf 95' lang='lat' dir='ltr'> </span> 
     </span>
    </p>
   </div>
   <div class='ocr_carea' id='block_1_7' title="bbox 237 2436 430 2443">
    <p class='ocr_par' dir='ltr' id='par_1_9' title="bbox 237 2436 430 2443">
     <span class='ocr_line' id='line_1_85' title="bbox 237 2436 430 2443; baseline 0 515"><span class='ocrx_word' id='word_1_793' title='bbox 237 2436 430 2443; x_wconf 95' lang='lat' dir='ltr'> </span> 
     </span>
    </p>
   </div>
   <div class='ocr_carea' id='block_1_8' title="bbox 1273 2563 1475 2570">
    <p class='ocr_par' dir='ltr' id='par_1_10' title="bbox 1273 2563 1475 2570">
     <span class='ocr_line' id='line_1_86' title="bbox 1273 2563 1475 2570; baseline 0 388"><span class='ocrx_word' id='word_1_794' title='bbox 1273 2563 1475 2570; x_wconf 95' lang='lat' dir='ltr'> </span> 
     </span>
    </p>
   </div>
  </div>
 </body>
</html>
