2366 2958
161 154 226 186 497
507 152 546 185 ll.

591 150 820 183 APOLOGIA
841 150 1156 184 CONFESSIONIS
1178 151 1495 185 AUGUSTANAE.
1539 152 1579 184 Β.
1624 152 1815 185 ALTERA.

2096 157 2164 189 498

162 247 285 279 Verum
308 253 361 278 est
389 247 474 278 enim
497 246 587 288 quod
608 246 640 277 in
670 245 821 277 doctrina
843 244 1064 286 poenitentiae
1087 254 1137 275 re·
1188 244 1263 276 fidei
1287 252 1337 276 est
1373 244 1479 285 illius,
1507 247 1548 277 de
1577 257 1642 288 qun
1664 256 1726 277 nos
1749 246 1927 288 loquimur,
1957 258 2041 289 quae
2064 250 2164 281 sentit

161 291 334 331 quiruntur
360 299 482 330 opera,
516 289 592 330 quia
621 294 711 319 certe
740 298 827 319 noua
855 288 922 318 vita
950 287 1137 328 requiritur,
1162 307 1164 328 ἰ

161 334 228 365 Sed
252 332 305 364 hic
328 331 412 363 male
434 337 575 363 assuunt
596 332 794 370 aduersarij,
817 330 906 372 quod
927 328 1049 361 talibus
1061 339 1137 371 ope·
1162 339 1164 354 Ι
1189 331 1353 368 cordiam,
1381 337 1414 362 et
1437 331 1505 363 vult
1529 342 1549 363 a
1571 331 1645 363 Deo
1673 332 1863 371 iustificari,
1890 333 2108 372 sanctificari,
2131 341 2164 367 et

160 376 253 407 ribus
281 385 464 406 mereamur
497 375 722 405 remissionem
755 380 987 415 peccatorum,
1013 379 1071 404 aut
1092 373 1138 403 iu-

159 418 400 450 stificationem.
435 417 478 448 Et
498 423 605 448 tamen
618 416 770 448 Christus
787 426 890 456 saepe
908 415 1051 446 annectit
1064 424 1137 455 pro-

159 462 350 493 missionem
379 460 582 491 remissionis
605 466 818 501 peccatorum
850 458 946 489 bonis
969 458 1138 497 operibus,

161 513 228 535 non
262 503 350 544 quod
383 501 463 534 velit
491 503 580 534 bona
609 513 728 543 opera,
754 493 1137 542 propiciationem'esse,

160 553 342 588 sequuntur
365 546 450 577 enim
474 544 788 582 reconciliationem,
812 545 870 575 sed
895 548 1030 583 propter
1054 543 1136 573 duas

160 599 292 622 causas.
341 588 459 620 Altera
481 594 550 626 est,
582 590 658 630 quia
681 587 872 619 necessario
895 585 990 627 sequi
1013 585 1135 616 debent

159 632 237 663 boni
270 630 414 670 fructus,
454 632 567 663 Monet
601 632 698 673 igitur
733 629 926 671 hypocrisin
959 633 991 659 et
1025 627 1136 659 fictam

158 675 391 716 poenitentiam
420 684 514 712 esse,
543 675 571 704 si
603 684 667 705 non
690 677 870 714 sequantur
896 671 972 702 boni
996 668 1135 702 fructus.

158 715 273 748 Altera
303 727 407 748 causa
429 724 497 755 est,
527 718 602 758 quia
630 717 726 747 nobis
755 724 839 756 opus
863 720 914 745 est
936 713 1060 744 habere
1083 724 1135 745 ex-

157 766 252 791 terna
276 760 414 801 signa*)
439 765 549 791 tantae
571 759 813 800 promissionis,
838 758 914 799 quia
933 757 1136 788 conscientia

157 804 289 844 pauida,
311 801 480 844 multiplici
504 801 733 833 consolatione
753 810 837 842 opus
862 800 970 831 habet.
1015 799 1059 830 Vt
1079 800 1135 841 igi-

157 851 211 876 tur
233 845 442 885 Baptismus,
473 851 509 876 vt
533 854 637 876 coena
658 842 791 875 Domini
815 849 891 874 sunt
914 843 1026 884 signa,
1052 852 1136 883 quae

157 889 298 919 subinde
325 888 518 926 admonent,
547 888 678 928 erigunt
708 892 740 917 et
769 885 966 917 confirmant
997 886 1135 926 pauidas

155 937 296 967 mentes,
319 937 354 961 vt
377 930 513 962 credant
530 929 668 967 firmius,
691 929 808 960 remitti
826 933 976 969 peccata,
999 930 1045 960 lta
1057 929 1137 959 scri-

155 979 213 1015 pta
233 979 265 1004 et
287 973 375 1014 picta
398 979 448 1004 est
471 974 586 1004 eadem
609 972 785 1013 promissio
808 972 840 1002 in
860 971 955 1002 bonis
967 971 1136 1012 operibus,

155 1021 190 1047 vt
223 1014 307 1046 haec
339 1025 441 1056 opera
466 1016 666 1046 admoneant.
694 1023 773 1049 nos,
803 1021 839 1045 vt
870 1014 996 1045 firmius
1021 1014 1135 1045 creda-

154 1067 245 1096 mus,
278 1058 319 1089 Et
343 1059 397 1100 qui
425 1068 491 1089 non
522 1056 748 1097 benefaciunt,
777 1067 843 1088 non
867 1057 1012 1090 excitant
1033 1066 1070 1087 se
1092 1056 1135 1087 ad

155 1102 367 1138 credendum,
392 1100 453 1131 sed
472 1106 684 1132 contemnunt
702 1100 941 1141 promissiones
959 1098 1046 1137 illas,
1069 1099 1135 1130 Sed

153 1143 199 1185 pij
233 1142 478 1184 amplectuutur
510 1153 588 1180 eas,
629 1150 662 1174 et
702 1143 847 1185 gaudent
881 1142 1004 1173 habere
1039 1142 1136 1183 signa

154 1192 187 1217 et
215 1186 402 1217 testimonia
436 1192 546 1217 tantae
578 1186 822 1226 promissionis.
872 1185 950 1216 ldeo
980 1190 1135 1215 exercent

154 1238 194 1260 se
217 1229 248 1259 in
271 1227 337 1259 illis
360 1228 465 1270 signis
489 1235 521 1259 et
544 1228 752 1268 testimontjs.
792 1228 885 1259 Sicut
902 1228 1003 1270 igitur
1022 1226 1135 1258 Coena

153 1269 286 1302 Domini
319 1280 385 1302 non
414 1270 568 1302 iustificat
592 1280 633 1302 ex
657 1280 759 1312 opere
782 1276 936 1311 operato,
965 1270 1037 1301 sine
1060 1269 1135 1307 fide,

154 1313 203 1344 lta
225 1313 439 1354 elemosynae
467 1323 534 1344 non
559 1313 737 1345 iustificant
761 1313 832 1343 sine
856 1312 939 1350 fide,
970 1323 1012 1344 ex
1035 1322 1136 1353 opere

154 1361 304 1396 operato.
354 1356 411 1387 Sic
444 1361 478 1386 et
517 1355 641 1387 Tobiae
673 1356 782 1387 contio
823 1354 902 1396 Cap⁴
929 1356 986 1395 iiij.
1027 1355 1135 1395 accipi

154 1398 265 1436 debet,
287 1396 488 1440 Elemosyna
517 1399 560 1429 ab
583 1399 669 1430 omni
692 1403 848 1439 peccato,
871 1405 904 1429 et
924 1408 946 1429 a
968 1403 1074 1429 morte
1096 1396 1134 1427 li-

153 1441 256 1473 berat.
300 1440 376 1471 Non
401 1441 548 1472 dicemus
579 1440 785 1483 hyperbolen
814 1449 909 1477 esse,
938 1439 1134 1481 Quanquam

153 1483 198 1515 ita
220 1483 329 1524 accipi
351 1483 470 1522 debet,
503 1493 545 1514 ne
576 1483 727 1515 detrahat
756 1484 797 1515 de
820 1481 973 1515 laudibus
997 1482 1133 1520 Christi,

155 1527 249 1558 cuius
271 1526 407 1567 propria
428 1532 506 1557 sunt
529 1524 658 1564 ostieia,
688 1525 831 1558 liberare
854 1536 874 1557 a
895 1532 1035 1567 peccato
1059 1531 1093 1556 et
1115 1535 1135 1556 a

154 1574 271 1602 morte,
295 1568 363 1600 Sed
385 1569 621 1601 recurrendum
644 1575 696 1600 est
718 1570 761 1600 ad
785 1567 946 1611 regulam,
969 1569 1058 1609 quod
1077 1568 1135 1598 do-

106 1640 110 1641 .
156 1612 263 1643 ctrina
278 1609 376 1652 legis,
397 1612 469 1643 sine
481 1610 616 1643 Christo
629 1622 695 1643 non
713 1612 862 1652 prodest.
886 1610 1025 1642 Placent
1036 1611 1135 1652 igitur

155 1653 368 1695 elemosynae.
396 1653 487 1691 Deo,
517 1664 604 1695 quae
625 1660 808 1695 sequuntur
830 1654 1135 1685 reconciliationem

155 1706 217 1728 seu
247 1697 534 1734 iustificationem,
564 1706 632 1728 non
655 1707 741 1738 quae
763 1697 976 1738 praecedunt.
1021 1696 1136 1738 ltaque

101 1773 106 1776 ,
154 1738 297 1770 liberant
320 1749 341 1770 a
363 1746 503 1780 peccato
525 1745 557 1770 et
579 1745 698 1776 morte,
721 1750 787 1771 non
811 1750 853 1771 ex
875 1749 976 1781 opere
988 1745 1136 1780 operato,

155 1783 217 1813 sed
247 1787 281 1813 vt
310 1782 350 1812 de
378 1782 581 1822 poenitentia
609 1793 711 1823 supra
734 1783 894 1820 diximus,
927 1783 1016 1824 quod
1039 1782 1136 1813 fidem

156 1831 190 1856 et
211 1823 341 1856 fructus
370 1823 545 1866 complecti
567 1825 757 1856 debeamus.
801 1825 849 1856 lta
876 1825 931 1857 hic
954 1826 995 1856 de
1017 1824 1138 1856 elemo-

156 1877 241 1910 syna
271 1867 446 1898 dicendum
478 1874 544 1907 est,
579 1868 668 1909 quod
699 1874 769 1899 tota
797 1866 854 1899 illa
886 1869 1020 1899 nouitas
1050 1869 1138 1899 vitae

156 1909 276 1941 saluet·
328 1909 370 1940 Et
403 1909 616 1952 elemosynae
644 1917 720 1941 sunt
750 1911 908 1942 exercitia
930 1910 1022 1944 fidei,
1052 1920 1138 1952 quae

157 1952 277 1994 accipit
304 1953 533 1984 remissionem
562 1959 790 1994 peccatorum,
820 1963 907 1995 quae
929 1954 1029 1985 vincit
1051 1963 1136 1984 mor-

157 2002 241 2033 tem,
273 1995 350 2026 dum
374 2005 412 2026 se
432 1996 557 2037 magis,
590 1997 760 2038 magisque
784 2002 935 2034 exercet,
970 2003 1003 2027 et
1022 1997 1053 2027 in
1072 1995 1136 2027 illis

157 2038 326 2078 exercitijs
348 2039 436 2069 vires
460 2039 593 2078 accipit.
639 2039 862 2071 concedimus
886 2045 917 2070 et
941 2039 1023 2078 hoe,
1048 2039 1137 2081 quod

158 2080 372 2122 elemosynae
400 2087 586 2112 mereantur
614 2080 717 2113 multa
749 2082 911 2114 beneficia
942 2081 1021 2120 Dei,
1056 2082 1137 2113 miti-

159 2130 239 2166 gent
271 2133 416 2164 poenaS‚
444 2124 533 2165 quod
563 2130 751 2155 mereantur
780 2130 815 2155 vt
838 2124 1071 2163 defendamur,
1104 2125 1137 2155 in

157 2166 314 2209 perieulis
337 2174 549 2207 peccatorum
573 2172 606 2197 et
627 2167 754 2205 mortis,
775 2168 858 2199 sicut
878 2167 978 2209 paulo
998 2174 1075 2199 ante
1098 2169 1138 2199 de

160 2216 231 2241 tota
261 2209 463 2251 poenitentia
490 2209 644 2241 diximus.
694 2209 746 2241 Ae
775 2216 845 2241 tota
874 2211 990 2242 concio
1015 2210 1138 2242 Tobiae

159 2253 321 2294 inspecta,
350 2252 510 2290 ostendit,
539 2258 615 2283 ante
643 2252 855 2295 elemosynas
883 2254 1005 2295 requiri
1029 2254 1137 2285 iidem.

161 2295 321 2326 Omnibus
345 2295 461 2326 diebus
482 2295 566 2326 vitae
589 2301 666 2327 tuae
688 2296 721 2325 in
745 2302 851 2327 mente
873 2296 994 2328 habeto
1019 2295 1138 2328 Deum.

160 2337 203 2369 Et
225 2344 361 2379 postea,
392 2337 488 2369 Omni
518 2343 666 2379 tempore
690 2339 828 2370 benedic
853 2338 975 2377 Deutn,
1008 2345 1041 2371 et
1063 2345 1140 2381 pete

161 2381 203 2412 ab
235 2390 293 2418 eo,
326 2386 362 2410 vt
395 2381 467 2411 vias
497 2387 572 2412 tuas
600 2381 731 2424 dirigat.
784 2380 855 2412 Hoc
877 2387 985 2413 autem
1006 2383 1139 2424 proprie

183 2534 209 2567 ⁸)
230 2534 277 2559 His
294 2533 375 2559 verbis
393 2534 418 2557 in
432 2533 478 2565 sol.
498 2533 517 2559 S
539 2536 565 2558 1⁸
584 2534 667 2558 Luth
677 2541 749 2558 erus
769 2534 828 2559 haec
846 2534 987 2559 adnotavit:
1009 2535 1080 2565 ¹,Imo
1099 2538 1137 2561 in·

232 2574 455 2628 ggptigffin‘cor
473 2572 589 2593 nostrum
607 2577 659 2593 non
678 2570 798 2600 coarguit
816 2576 872 2599 nce,
891 2571 984 2594 seimus
1003 2571 1072 2601 qnod
1091 2571 1139 2595 filii

369 2660 517 2681 nunu.
531 2661 612 2682 orm.
627 2662 692 2684 vot..
705 2662 797 2682 xxvll·

1162 366 1167 395 i

1159 569 1163 601 ι

1159 615 1163 657 i

1158 749 1164 819 1

1189 297 1227 318 se
1257 287 1380 319 habere
1404 289 1510 320 Deum
1538 288 1724 330 placatum,
1753 296 1889 330 propter
1911 291 2014 331 ipsius
2037 293 2163 324 miseri-

1190 373 1378 414 gubernari.
1425 374 1491 405 scd
1515 375 1698 416 aduersarij
1722 376 1840 413 nostri,
1862 385 1984 406 suaues
2003 375 2163 417 homines,

1189 422 1370 455 excerpunt
1397 416 1563 447 mutilatas
1592 418 1798 456 sentencias,
1820 424 1853 449 vt
1877 419 2032 460 imperitis
2053 419 2164 451 sucum

1189 456 1326 495 saciant,
1349 457 1468 489 Postea
1482 457 1645 500 affingunt
1663 459 1785 501 aliquid
1808 462 1848 491 de
1860 462 1929 492 suis
1942 462 2161 502 opinionibus.

1188 499 1388 542 Requirendi
1411 502 1509 543 igitur
1537 508 1614 533 sunt
1636 503 1753 544 integri
1780 502 1860 542 loci,
1884 505 1959 545 quia
1981 505 2069 535 iuxta
2093 504 2164 536 vul·

1188 553 1269 585 gare
1297 552 1527 584 praeceptum,
1555 544 1688 576 lucit-ile
1712 554 1778 583 est,
1809 547 1871 577 nisi
1901 553 1970 578 tota
1993 545 2068 589 lege
2090 558 2163 588 per-

1187 592 1323 626 specta,
1351 596 1416 617 vna
1450 585 1559 627 aliqua
1589 587 1748 627 particula
1777 590 1846 620 eius
1869 591 2055 630 proposita,
2084 591 2164 621 iudi—

1188 639 1265 660 care
1288 627 1342 659 vel
1371 630 1584 670 respondere.
1634 629 1673 660 Et
1704 630 1768 662 loci
1793 633 1908 673 integri
1933 631 2052 672 prolati
2074 632 2164 674 plae-

1186 681 1324 713 rumque
1347 681 1461 703 secum
1484 671 1624 703 afferunt
1646 673 1956 714 interpretationem.

1274 714 1402 745 Citatur
1423 712 1591 746 mutilatus
1615 721 1644 745 et
1668 715 1722 746 hic
1744 715 1838 748 locus
1862 717 1973 748 Lucae
1992 718 2034 748 xi.
2076 717 2164 750 Date

1188 755 1430 798 elemosynam,
1471 762 1503 788 et
1538 767 1617 799 ecce
1651 759 1758 789 omnia
1792 760 1911 791 munda
1944 766 2022 791 sunt
2056 762 2163 793 vobis.

1189 798 1292 831 Plane
1314 800 1407 831 surdi
1430 806 1505 831 sunt
1527 800 1724 842 aduersarij,
1747 801 1858 832 Totins
1881 803 1943 833 iam
1963 803 2101 834 dicimus
2120 805 2165 835 ad

1188 842 1465 883 praedicationem
1488 841 1585 884 legiS‚
1609 850 1763 884 oportere
1783 845 1859 875 addi
1881 844 2096 886 Euangelium
2123 847 2165 878 de

1189 884 1334 923 Christo,
1354 892 1490 926 propter
1513 895 1609 926 quem
1632 885 1766 926 placent
1790 888 1875 918 bona
1900 898 2014 928 opera,
2037 889 2096 919 sed
2120 888 2163 920 illi

1188 928 1308 969 vbique
1337 927 1475 959 excluso
1500 927 1651 966 Christo,
1682 929 1803 960 docent
1828 931 1944 961 mereri
1967 930 2165 963 iustificatio-

1188 980 1261 1001 nem
1285 980 1342 1011 per
1372 980 1474 1012 opera
1503 969 1598 1012 legis.
1645 970 1706 1002 Hie
1735 970 1830 1003 locus
1853 974 1980 1014 integer
2003 973 2164 1014 prolatus,

1188 1015 1343 1044 ostendet
1371 1013 1468 1045 fidem
1497 1014 1628 1055 requiri.
1681 1013 1835 1046 Christus
1864 1016 2017 1057 obiurgat
2051 1015 2164 1048 Phari·

1188 1066 1286 1093 seos,
1313 1057 1502 1087 sencientes
1525 1066 1562 1087 se
1590 1066 1702 1087 coram
1726 1056 1799 1089 Deo
1829 1058 1992 1093 mundari,
2026 1057 2091 1089 hoc
2114 1066 2165 1091 est

1187 1099 1359 1130 iustificari
1393 1100 1519 1130 crebris
1552 1098 1793 1138 ablutionibus,
1823 1101 1915 1131 Sicut
1939 1101 2029 1141 Papa
2052 1104 2165 1134 neseio

1188 1142 1261 1182 quis
1285 1142 1326 1173 de
1348 1152 1451 1182 aqua,
1485 1141 1557 1173 sale
1581 1151 1777 1183 conspersa,
1803 1143 1923 1185 inquit,
1952 1144 2039 1185 quod
2063 1155 2165 1185 popu-

1187 1182 1254 1215 lum
1274 1184 1468 1216 sanctificet.
1491 1195 1531 1215 ac
1550 1185 1696 1222 mundet,
1714 1185 1754 1216 Et
1777 1185 1875 1227 glosa
1893 1187 1948 1223 ait,
1968 1187 2055 1227 quod
2075 1198 2166 1219 mun-

1188 1227 1243 1258 det
1266 1237 1286 1258 a
1308 1226 1503 1258 venialibus.
1548 1226 1646 1259 Tales
1671 1234 1764 1258 erant
1789 1234 1821 1259 et
1844 1228 2077 1261 phariseorum
2100 1231 2167 1271 opi·

1188 1270 1317 1308 niones,
1340 1280 1422 1311 quas
1447 1270 1658 1310 reprehendit
1681 1269 1851 1309 Christus,
1876 1278 1909 1302 et
1931 1273 2067 1313 opponit
2090 1273 2166 1305 huic

1188 1312 1285 1343 fictae
1309 1313 1512 1354 purgationi,
1536 1311 1699 1354 duplicem
1722 1314 1936 1352 mundiciam,
1961 1314 2097 1346 alteram
2119 1316 2165 1347 in·

1187 1360 1323 1390 ternam,
1346 1354 1485 1386 alteram
1508 1361 1686 1387 externam.
1728 1355 1820 1387 lubet
1843 1362 1877 1388 vt
1900 1358 1986 1388 intus
2010 1359 2165 1389 munden-

1188 1403 1251 1436 tur,
1276 1404 1308 1429 et
1330 1398 1422 1429 addit
1444 1398 1484 1429 de
1508 1399 1671 1429 mundicie
1698 1405 1846 1431 externa.
1892 1399 1980 1431 Date
2004 1399 2165 1443 elemosy-

1187 1450 1274 1479 nam,
1297 1441 1338 1472 de
1361 1451 1401 1472 eo
1425 1441 1513 1482 quod
1536 1447 1704 1481 superest,
1733 1447 1766 1473 et
1787 1442 1837 1474 sie
1860 1443 1969 1474 omnia
1991 1449 2088 1475 erunt
2109 1454 2166 1476 vo-

1187 1483 1238 1513 bis
1272 1484 1403 1515 munda.
1462 1483 1654 1525 Aduersarij
1689 1494 1756 1515 non
1791 1491 1880 1516 recte
1913 1487 2166 1519 accommodant

1186 1525 1381 1566 particulam
1404 1525 1623 1557 vniuersalem
1648 1528 1767 1566 omnia,
1792 1527 1946 1560 Christus
1970 1530 2053 1560 enirn
2076 1530 2167 1561 addit

1186 1569 1275 1600 hanc
1309 1568 1559 1600 conclusionem
1587 1570 1714 1611 vtrique
1744 1571 1907 1609 membro,
1941 1570 2035 1602 Tunc
2058 1574 2167 1604 omnia

1188 1617 1283 1642 erunt
1304 1612 1443 1650 munda,
1474 1612 1509 1643 Si
1531 1613 1618 1644 intus
1642 1613 1732 1644 eritis
1754 1614 1876 1652 mundi,
1900 1620 1931 1645 et
1957 1612 2038 1645 foris
2069 1616 2167 1647 dede-

1187 1655 1259 1685 ritis
1293 1653 1531 1697 elemosynam.
1587 1654 1761 1697 Significat
1795 1657 1880 1688 enim
1914 1657 2002 1698 quod
2031 1664 2167 1690 externa

1188 1697 1370 1729 mundicies
1401 1697 1602 1729 collocanda
1628 1699 1670 1729 sit
1698 1699 1730 1729 in
1755 1700 1911 1740 operibus
1934 1709 1953 1730 a
1976 1699 2049 1732 Deo
2072 1711 2166 1742 prae-

1190 1741 1306 1781 ceptis,
1327 1751 1394 1772 non
1416 1741 1449 1771 in
1472 1741 1702 1772 traditionibus
1726 1740 1888 1780 humanis,
1911 1745 1948 1773 vt
1971 1749 2049 1774 tuuc
2072 1749 2166 1775 erant

1189 1781 1265 1814 illae
1292 1782 1496 1821 ablutiones,
1524 1789 1557 1814 et
1578 1794 1666 1815 nunc
1690 1790 1741 1815 est
1766 1785 1955 1826 quotidiana
1976 1784 2033 1817 illa
2056 1796 2166 1828 asper-

1190 1826 1241 1857 sio
1263 1836 1389 1867 aquae,
1414 1827 1556 1857 vestitus
1579 1826 1836 1866 Monachorum,
1859 1828 2048 1859 discrimina
2078 1831 2167 1861 cibo-

1190 1879 1274 1907 rum,
1308 1874 1341 1899 et
1374 1867 1499 1899 similes
1530 1879 1689 1910 pompae,
1718 1869 1785 1900 Sed
1812 1870 1995 1913 aduersarij
2021 1882 2167 1903 corrum-

1189 1917 1271 1953 punt
1315 1911 1538 1950 sentenciam,
1583 1912 1772 1953 Sophistice
1811 1912 1972 1945 translata
2006 1914 2168 1954 particula

1190 1952 1387 1991 vniuersali,
1419 1955 1461 1985 ad
1484 1964 1581 1985 vnam
1605 1962 1750 1996 partem,
1775 1955 1893 1987 Omnia
1918 1963 2013 1987 erunt
2035 1958 2167 1997 munda,

1191 1998 1278 2028 datis
1305 1995 1524 2038 elemosynis,
1542 1997 1652 2039 'Atqui
1683 1997 1801 2029 Petrus
1831 1999 1927 2037 dixit,
1956 1999 2036 2030 Pide
2057 2000 2167 2042 purifi-

1191 2041 1259 2071 cari
1282 2040 1398 2071 corda.
1444 2040 1512 2071 Sed
1536 2046 1624 2071 totus
1648 2039 1742 2072 locus
1764 2041 1946 2082 inspectus,
1971 2044 2167 2075 sententiam

1190 2082 1285 2114 offert
1313 2084 1581 2115 consencientem
1611 2093 1685 2114 eum
1714 2083 1841 2125 reliqua
1870 2086 2050 2125 scriptura,
2079 2087 2167 2127 quod

1190 2126 1218 2156 si
1247 2126 1351 2157 corda
1379 2126 1444 2156 sint
1477 2127 1651 2164 mundata,
1684 2132 1717 2157 et
1746 2128 1865 2158 deinde
1893 2126 1974 2159 soris
2007 2129 2168 2160 accedunt

1191 2167 1423 2210 elemosynae,
1457 2168 1522 2199 hoc
1556 2176 1624 2207 est,
1659 2171 1768 2201 onmia
1801 2180 1902 2211 opera
1931 2171 2091 2210 caritatis,
2120 2171 2165 2203 lta

1191 2217 1278 2242 totos
1302 2221 1378 2242 esse
1401 2211 1559 2250 mundOS,
1584 2211 1648 2243 hoe
1671 2218 1734 2250 est,
1758 2223 1824 2244 non
1849 2213 1936 2244 intus
1958 2213 2083 2252 solum,
2106 2215 2166 2246 sed

1190 2253 1273 2285 foris
1297 2255 1403 2285 etiam.
1455 2253 1584 2286 Deinde
1607 2265 1667 2286 cur
1690 2265 1753 2286 non
1778 2261 1847 2287 tota
1869 2255 1925 2286 illa
1948 2257 2065 2287 concio
2089 2268 2167 2289 con-

1191 2297 1344 2339 iungitur.
1378 2296 1503 2328 Multae
1523 2303 1601 2329 sunt
1621 2304 1734 2338 partes
1755 2299 2005 2340 obiurgationis‚
2029 2310 2167 2340 quarum

1192 2340 1277 2371 aliae
1308 2341 1349 2370 de
1377 2340 1458 2377 fide,
1485 2339 1570 2371 allae
1598 2341 1638 2371 de
1662 2342 1818 2381 operibns
1845 2342 2067 2382 praecipiunt,
2095 2343 2168 2374 Nec

1193 2390 1243 2414 est
1271 2383 1401 2414 candidi
1435 2382 1570 2414 lectoris
1603 2393 1783 2425 excerpere
1811 2392 1988 2425 praecepta
2018 2395 2167 2427 operum,

1193 2426 1325 2457 omissis
1347 2424 1432 2458 locis
1453 2426 1494 2457 ‹le
1518 2426 1593 2457 fide.

1279 2468 1470 2507 Postremo,
1501 2468 1567 2500 hoc
1595 2469 1748 2500 monendi
1775 2475 1852 2500 sunt
1880 2468 2041 2507 lectores,
2077 2472 2166 2512 quod

1192 2512 1376 2552 aduersari-j
1401 2512 1543 2553 pessime
1566 2510 1743 2542 consulunt
1764 2512 1827 2553 pijs
1844 2513 2070 2554 conscientiis,
2093 2524 2165 2546 cum

1193 2555 1315 2586 docent
1341 2565 1402 2595 per
1424 2564 1526 2595 opera
1549 2555 1666 2585 mereri
1694 2555 1919 2586 remissionem
1941 2562 2166 2597 peecatorum,

1192 2598 1269 2639 quia
1292 2598 1495 2629 conscientia
1524 2595 1687 2639 colligens
1715 2607 1776 2638 per
1802 2607 1904 2639 opera
1926 2599 2166 2638 remissionem,

1926 2658 1961 2684 82
