<?xml version="1.0" encoding="UTF-8"?>
<!DOCTYPE html PUBLIC "-//W3C//DTD XHTML 1.0 Transitional//EN"
    "http://www.w3.org/TR/xhtml1/DTD/xhtml1-transitional.dtd">
<html xmlns="http://www.w3.org/1999/xhtml" xml:lang="en" lang="en">
 <head>
  <title>
</title>
<meta http-equiv="Content-Type" content="text/html;charset=utf-8" />
  <meta name='ocr-system' content='tesseract 3.04.00' />
  <meta name='ocr-capabilities' content='ocr_page ocr_carea ocr_par ocr_line ocrx_word'/>
</head>
<body>
  <div class='ocr_page' id='page_1' title='image "./operaquaesupersu27melauoft_0250.png"; bbox 0 0 2366 2958; ppageno 0'>
   <div class='ocr_carea' id='block_1_1' title="bbox 265 164 331 197">
    <p class='ocr_par' dir='ltr' id='par_1_1' title="bbox 265 164 331 197">
     <span class='ocr_line' id='line_1_1' title="bbox 265 164 331 197; baseline -0.015 0"><span class='ocrx_word' id='word_1_1' title='bbox 265 164 331 197; x_wconf 75' lang='lat'><strong>⁴⁷1</strong></span> 
     </span>
    </p>
   </div>
   <div class='ocr_carea' id='block_1_2' title="bbox 265 257 1246 460">
    <p class='ocr_par' dir='ltr' id='par_1_2' title="bbox 265 257 1246 460">
     <span class='ocr_line' id='line_1_2' title="bbox 267 257 1246 290; baseline -0.001 -8"><span class='ocrx_word' id='word_1_2' title='bbox 267 259 323 290; x_wconf 84' lang='grc'>8311</span> <span class='ocrx_word' id='word_1_3' title='bbox 341 258 449 289; x_wconf 61' lang='lat' dir='ltr'><strong>gratias,</strong></span> <span class='ocrx_word' id='word_1_4' title='bbox 467 262 493 282; x_wconf 83' lang='lat' dir='ltr'><strong>et</strong></span> <span class='ocrx_word' id='word_1_5' title='bbox 509 258 626 282; x_wconf 80' lang='lat' dir='ltr'><strong>vicissim</strong></span> <span class='ocrx_word' id='word_1_6' title='bbox 645 258 731 289; x_wconf 77' lang='lat' dir='ltr'><strong>diligit</strong></span> <span class='ocrx_word' id='word_1_7' title='bbox 748 257 841 287; x_wconf 84' lang='lat' dir='ltr'><strong>Deum,</strong></span> <span class='ocrx_word' id='word_1_8' title='bbox 860 261 886 280; x_wconf 83' lang='lat' dir='ltr'><strong>et</strong></span> <span class='ocrx_word' id='word_1_9' title='bbox 903 257 962 288; x_wconf 82' lang='lat' dir='ltr'><strong>quia</strong></span> <span class='ocrx_word' id='word_1_10' title='bbox 986 257 1106 288; x_wconf 82' lang='lat' dir='ltr'><strong>concepit</strong></span> <span class='ocrx_word' id='word_1_11' title='bbox 1128 257 1246 289; x_wconf 83' lang='lat' dir='ltr'><strong>spiritum</strong></span> 
     </span>
     <span class='ocr_line' id='line_1_3' title="bbox 267 291 1246 322; baseline 0 -6"><span class='ocrx_word' id='word_1_12' title='bbox 267 296 393 322; x_wconf 82' lang='lat' dir='ltr'><strong>sanctum,</strong></span> <span class='ocrx_word' id='word_1_13' title='bbox 412 292 490 316; x_wconf 80' lang='lat' dir='ltr'><strong>habet</strong></span> <span class='ocrx_word' id='word_1_14' title='bbox 507 293 557 317; x_wconf 84' lang='lat' dir='ltr'><strong>iam</strong></span> <span class='ocrx_word' id='word_1_15' title='bbox 576 300 659 316; x_wconf 82' lang='lat' dir='ltr'><strong>nouos</strong></span> <span class='ocrx_word' id='word_1_16' title='bbox 677 297 760 316; x_wconf 86' lang='lat' dir='ltr'><strong>motus</strong></span> <span class='ocrx_word' id='word_1_17' title='bbox 781 296 806 315; x_wconf 84' lang='lat' dir='ltr'><strong>et</strong></span> <span class='ocrx_word' id='word_1_18' title='bbox 821 291 886 315; x_wconf 71' lang='lat' dir='ltr'><strong>{scit</strong></span> <span class='ocrx_word' id='word_1_19' title='bbox 902 291 986 322; x_wconf 82' lang='lat' dir='ltr'><strong>legem</strong></span> <span class='ocrx_word' id='word_1_20' title='bbox 1004 291 1069 322; x_wconf 87' lang='lat' dir='ltr'><strong>Dei,</strong></span> <span class='ocrx_word' id='word_1_21' title='bbox 1089 291 1162 317; x_wconf 85' lang='lat' dir='ltr'><strong>Sient</strong></span> <span class='ocrx_word' id='word_1_22' title='bbox 1179 291 1246 316; x_wconf 76' lang='lat' dir='ltr'><strong>Pnu-</strong></span> 
     </span>
     <span class='ocr_line' id='line_1_4' title="bbox 265 325 1246 358; baseline 0 -8"><span class='ocrx_word' id='word_1_23' title='bbox 265 326 307 350; x_wconf 87' lang='lat' dir='ltr'><strong>lus</strong></span> <span class='ocrx_word' id='word_1_24' title='bbox 325 327 371 357; x_wconf 87' lang='lat' dir='ltr'><strong>ait,</strong></span> <span class='ocrx_word' id='word_1_25' title='bbox 390 326 500 350; x_wconf 79' lang='lat' dir='ltr'>Fructus</span> <span class='ocrx_word' id='word_1_26' title='bbox 518 327 630 358; x_wconf 88' lang='lat' dir='ltr'><strong>spiritus,</strong></span> <span class='ocrx_word' id='word_1_27' title='bbox 649 326 764 355; x_wconf 86' lang='lat' dir='ltr'><strong>dilectio,</strong></span> <span class='ocrx_word' id='word_1_28' title='bbox 782 326 847 349; x_wconf 85' lang='lat' dir='ltr'><strong>Item</strong></span> <span class='ocrx_word' id='word_1_29' title='bbox 866 325 973 349; x_wconf 81' lang='lat' dir='ltr'><strong>dilectio</strong></span> <span class='ocrx_word' id='word_1_30' title='bbox 994 325 1045 350; x_wconf 87' lang='lat' dir='ltr'><strong>Dei</strong></span> <span class='ocrx_word' id='word_1_31' title='bbox 1064 325 1146 350; x_wconf 73' lang='lat' dir='ltr'><strong>effusa</strong></span> <span class='ocrx_word' id='word_1_32' title='bbox 1163 329 1202 350; x_wconf 87' lang='lat' dir='ltr'><strong>est</strong></span> <span class='ocrx_word' id='word_1_33' title='bbox 1219 326 1246 350; x_wconf 89' lang='lat' dir='ltr'><strong>in</strong></span> 
     </span>
     <span class='ocr_line' id='line_1_5' title="bbox 267 360 1246 392; baseline -0.001 -8"><span class='ocrx_word' id='word_1_34' title='bbox 267 360 389 385; x_wconf 81' lang='lat' dir='ltr'><strong>cordibus</strong></span> <span class='ocrx_word' id='word_1_35' title='bbox 407 362 511 385; x_wconf 79' lang='lat' dir='ltr'><strong>nostris.</strong></span> <span class='ocrx_word' id='word_1_36' title='bbox 547 361 589 385; x_wconf 77' lang='lat' dir='ltr'><strong>Ita</strong></span> <span class='ocrx_word' id='word_1_37' title='bbox 607 362 736 392; x_wconf 88' lang='lat' dir='ltr'><strong>loquimur</strong></span> <span class='ocrx_word' id='word_1_38' title='bbox 753 367 806 384; x_wconf 91' lang='lat' dir='ltr'><strong>non</strong></span> <span class='ocrx_word' id='word_1_39' title='bbox 826 360 859 383; x_wconf 87' lang='lat' dir='ltr'><strong>de</strong></span> <span class='ocrx_word' id='word_1_40' title='bbox 877 364 989 390; x_wconf 82' lang='lat' dir='ltr'><strong>mortua,</strong></span> <span class='ocrx_word' id='word_1_41' title='bbox 1008 365 1054 384; x_wconf 79' lang='lat' dir='ltr'><strong>aut</strong></span> <span class='ocrx_word' id='word_1_42' title='bbox 1070 360 1163 385; x_wconf 85' lang='lat' dir='ltr'><strong>ociosa</strong></span> <span class='ocrx_word' id='word_1_43' title='bbox 1185 360 1246 389; x_wconf 79' lang='lat' dir='ltr'><strong>lide,</strong></span> 
     </span>
     <span class='ocr_line' id='line_1_6' title="bbox 267 395 1246 426; baseline -0.001 -7"><span class='ocrx_word' id='word_1_44' title='bbox 267 396 313 419; x_wconf 91' lang='lat' dir='ltr'><strong>sed</strong></span> <span class='ocrx_word' id='word_1_45' title='bbox 332 396 365 419; x_wconf 89' lang='lat' dir='ltr'><strong>de</strong></span> <span class='ocrx_word' id='word_1_46' title='bbox 383 395 427 419; x_wconf 81' lang='grc'>1118</span> <span class='ocrx_word' id='word_1_47' title='bbox 446 396 506 424; x_wconf 82' lang='lat' dir='ltr'><strong>fide,</strong></span> <span class='ocrx_word' id='word_1_48' title='bbox 525 402 591 426; x_wconf 80' lang='lat' dir='ltr'><strong>quae</strong></span> <span class='ocrx_word' id='word_1_49' title='bbox 608 395 689 418; x_wconf 78' lang='lat' dir='ltr'><strong>vincit</strong></span> <span class='ocrx_word' id='word_1_50' title='bbox 708 400 820 418; x_wconf 85' lang='lat' dir='ltr'><strong>terrores</strong></span> <span class='ocrx_word' id='word_1_51' title='bbox 843 395 956 425; x_wconf 79' lang='lat' dir='ltr'><strong>peccati,</strong></span> <span class='ocrx_word' id='word_1_52' title='bbox 981 397 1008 418; x_wconf 84' lang='lat' dir='ltr'><strong>et</strong></span> <span class='ocrx_word' id='word_1_53' title='bbox 1029 399 1168 426; x_wconf 75' lang='lat' dir='ltr'><strong>regenerat</strong></span> <span class='ocrx_word' id='word_1_54' title='bbox 1190 401 1246 418; x_wconf 87' lang='lat' dir='ltr'><strong>cor-</strong></span> 
     </span>
     <span class='ocr_line' id='line_1_7' title="bbox 267 429 786 460; baseline -0.004 -6"><span class='ocrx_word' id='word_1_55' title='bbox 267 429 312 460; x_wconf 79' lang='lat' dir='ltr'><strong>da,</strong></span> <span class='ocrx_word' id='word_1_56' title='bbox 331 429 396 453; x_wconf 84' lang='grc'>11800</span> <span class='ocrx_word' id='word_1_57' title='bbox 414 434 453 453; x_wconf 84' lang='grc'><strong>031</strong></span> <span class='ocrx_word' id='word_1_58' title='bbox 472 429 563 453; x_wconf 81' lang='lat' dir='ltr'><strong>efficax</strong></span> <span class='ocrx_word' id='word_1_59' title='bbox 581 436 627 460; x_wconf 90' lang='lat' dir='ltr'><strong>per</strong></span> <span class='ocrx_word' id='word_1_60' title='bbox 646 429 786 452; x_wconf 83' lang='lat' dir='ltr'><strong>caritatem.</strong></span> 
     </span>
    </p>
   </div>
   <div class='ocr_carea' id='block_1_3' title="bbox 258 479 1246 1222">
    <p class='ocr_par' dir='ltr' id='par_1_3' title="bbox 258 479 1246 1222">
     <span class='ocr_line' id='line_1_8' title="bbox 337 479 1246 512; baseline 0.002 -10"><span class='ocrx_word' id='word_1_61' title='bbox 337 480 432 504; x_wconf 86' lang='lat' dir='ltr'><strong>Verum</strong></span> <span class='ocrx_word' id='word_1_62' title='bbox 451 481 494 512; x_wconf 91' lang='lat' dir='ltr'><strong>qui</strong></span> <span class='ocrx_word' id='word_1_63' title='bbox 514 479 631 503; x_wconf 79' lang='lat' dir='ltr'><strong>tribuunt</strong></span> <span class='ocrx_word' id='word_1_64' title='bbox 648 479 859 505; x_wconf 79' lang='lat' dir='ltr'><strong>iustificationem</strong></span> <span class='ocrx_word' id='word_1_65' title='bbox 877 479 996 510; x_wconf 74' lang='lat' dir='ltr'><strong>caritati,</strong></span> <span class='ocrx_word' id='word_1_66' title='bbox 1015 484 1041 504; x_wconf 88' lang='lat' dir='ltr'><strong>et</strong></span> <span class='ocrx_word' id='word_1_67' title='bbox 1065 480 1163 504; x_wconf 81' lang='lat' dir='ltr'><strong>nullam</strong></span> <span class='ocrx_word' id='word_1_68' title='bbox 1185 480 1246 504; x_wconf 87' lang='lat' dir='ltr'><strong>fidei</strong></span> 
     </span>
     <span class='ocr_line' id='line_1_9' title="bbox 266 514 1246 544; baseline 0 -6"><span class='ocrx_word' id='word_1_69' title='bbox 266 516 429 538; x_wconf 78' lang='lat' dir='ltr'><strong>mencionem</strong></span> <span class='ocrx_word' id='word_1_70' title='bbox 448 515 556 543; x_wconf 75' lang='lat' dir='ltr'><strong>faciunt,</strong></span> <span class='ocrx_word' id='word_1_71' title='bbox 575 514 717 538; x_wconf 82' lang='lat' dir='ltr'><strong>excludunt</strong></span> <span class='ocrx_word' id='word_1_72' title='bbox 741 514 888 544; x_wconf 79' lang='lat' dir='ltr'><strong>Christum,</strong></span> <span class='ocrx_word' id='word_1_73' title='bbox 906 521 937 538; x_wconf 84' lang='grc'><strong>80</strong></span> <span class='ocrx_word' id='word_1_74' title='bbox 959 515 1092 538; x_wconf 84' lang='lat' dir='ltr'><strong>somniant</strong></span> <span class='ocrx_word' id='word_1_75' title='bbox 1114 514 1246 539; x_wconf 86' lang='lat' dir='ltr'><strong>hominem</strong></span> 
     </span>
     <span class='ocr_line' id='line_1_10' title="bbox 265 547 1246 580; baseline 0.003 -9"><span class='ocrx_word' id='word_1_76' title='bbox 265 549 379 580; x_wconf 71' lang='lat' dir='ltr'><strong>reputari</strong></span> <span class='ocrx_word' id='word_1_77' title='bbox 399 549 493 572; x_wconf 79' lang='lat' dir='ltr'><strong>iustum</strong></span> <span class='ocrx_word' id='word_1_78' title='bbox 511 555 526 571; x_wconf 88' lang='lat' dir='ltr'><strong>a</strong></span> <span class='ocrx_word' id='word_1_79' title='bbox 544 547 612 578; x_wconf 89' lang='lat' dir='ltr'><strong>Deo,</strong></span> <span class='ocrx_word' id='word_1_80' title='bbox 630 555 674 571; x_wconf 84' lang='lat' dir='ltr'><strong>seu</strong></span> <span class='ocrx_word' id='word_1_81' title='bbox 693 553 828 580; x_wconf 76' lang='lat' dir='ltr'><strong>acceptum</strong></span> <span class='ocrx_word' id='word_1_82' title='bbox 847 556 906 573; x_wconf 88' lang='lat' dir='ltr'><strong>esse</strong></span> <span class='ocrx_word' id='word_1_83' title='bbox 929 548 985 573; x_wconf 86' lang='lat' dir='ltr'><strong>sine</strong></span> <span class='ocrx_word' id='word_1_84' title='bbox 1003 549 1145 573; x_wconf 78' lang='lat' dir='ltr'><strong>mediatore</strong></span> <span class='ocrx_word' id='word_1_85' title='bbox 1171 549 1246 574; x_wconf 88' lang='lat' dir='ltr'><strong>Chri-</strong></span> 
     </span>
     <span class='ocr_line' id='line_1_11' title="bbox 265 581 1245 614; baseline 0 -8"><span class='ocrx_word' id='word_1_86' title='bbox 265 585 316 611; x_wconf 83' lang='lat' dir='ltr'><strong>sto,</strong></span> <span class='ocrx_word' id='word_1_87' title='bbox 333 582 364 606; x_wconf 88' lang='lat' dir='ltr'><strong>Id</strong></span> <span class='ocrx_word' id='word_1_88' title='bbox 384 587 422 611; x_wconf 83' lang='lat' dir='ltr'><strong>est</strong></span> <span class='ocrx_word' id='word_1_89' title='bbox 440 582 569 606; x_wconf 77' lang='lat' dir='ltr'><strong>Christum</strong></span> <span class='ocrx_word' id='word_1_90' title='bbox 590 582 745 607; x_wconf 82' lang='lat' dir='ltr'><strong>contumelia</strong></span> <span class='ocrx_word' id='word_1_91' title='bbox 768 583 880 607; x_wconf 84' lang='lat' dir='ltr'><strong>afficere.</strong></span> <span class='ocrx_word' id='word_1_92' title='bbox 918 581 1072 614; x_wconf 74' lang='lat' dir='ltr'><strong>Quanquam</strong></span> <span class='ocrx_word' id='word_1_93' title='bbox 1096 583 1165 607; x_wconf 90' lang='lat' dir='ltr'><strong>enim</strong></span> <span class='ocrx_word' id='word_1_94' title='bbox 1184 591 1245 607; x_wconf 89' lang='lat' dir='ltr'><strong>con-</strong></span> 
     </span>
     <span class='ocr_line' id='line_1_12' title="bbox 266 615 1245 648; baseline 0 -8"><span class='ocrx_word' id='word_1_95' title='bbox 266 616 361 640; x_wconf 76' lang='lat' dir='ltr'><strong>cedunt</strong></span> <span class='ocrx_word' id='word_1_96' title='bbox 379 616 442 648; x_wconf 80' lang='lat' dir='ltr'><strong>(fol.</strong></span> <span class='ocrx_word' id='word_1_97' title='bbox 462 624 486 639; x_wconf 69' lang='lat' dir='ltr'><strong>zu</strong></span> <span class='ocrx_word' id='word_1_98' title='bbox 505 617 554 648; x_wconf 71' lang='lat'><strong>4⁸)</strong></span> <span class='ocrx_word' id='word_1_99' title='bbox 582 615 715 641; x_wconf 74' lang='lat' dir='ltr'><strong>Christum</strong></span> <span class='ocrx_word' id='word_1_100' title='bbox 740 625 787 641; x_wconf 87' lang='grc'><strong>308</strong></span> <span class='ocrx_word' id='word_1_101' title='bbox 811 622 894 641; x_wconf 88' lang='lat' dir='ltr'><strong>morte</strong></span> <span class='ocrx_word' id='word_1_102' title='bbox 918 617 1040 641; x_wconf 83' lang='lat' dir='ltr'><strong>meruisse</strong></span> <span class='ocrx_word' id='word_1_103' title='bbox 1064 618 1188 648; x_wconf 81' lang='lat' dir='ltr'><strong>gratiam,</strong></span> <span class='ocrx_word' id='word_1_104' title='bbox 1207 622 1245 641; x_wconf 79' lang='grc'><strong>18-</strong></span> 
     </span>
     <span class='ocr_line' id='line_1_13' title="bbox 265 650 1244 683; baseline 0.002 -10"><span class='ocrx_word' id='word_1_105' title='bbox 265 658 324 674; x_wconf 86' lang='lat' dir='ltr'><strong>men</strong></span> <span class='ocrx_word' id='word_1_106' title='bbox 354 651 378 674; x_wconf 90' lang='grc'><strong>10</strong></span> <span class='ocrx_word' id='word_1_107' title='bbox 408 650 592 674; x_wconf 82' lang='lat' dir='ltr'><strong>iustificatione</strong></span> <span class='ocrx_word' id='word_1_108' title='bbox 620 658 673 674; x_wconf 92' lang='lat' dir='ltr'><strong>non</strong></span> <span class='ocrx_word' id='word_1_109' title='bbox 699 652 788 675; x_wconf 83' lang='lat' dir='ltr'><strong>iubent</strong></span> <span class='ocrx_word' id='word_1_110' title='bbox 812 653 849 676; x_wconf 82' lang='lat' dir='ltr'><strong>vti</strong></span> <span class='ocrx_word' id='word_1_111' title='bbox 868 651 1011 675; x_wconf 77' lang='lat' dir='ltr'><strong>mediatore</strong></span> <span class='ocrx_word' id='word_1_112' title='bbox 1030 651 1151 681; x_wconf 81' lang='lat' dir='ltr'><strong>Christo,</strong></span> <span class='ocrx_word' id='word_1_113' title='bbox 1169 652 1244 683; x_wconf 85' lang='lat' dir='ltr'><strong>quasi</strong></span> 
     </span>
     <span class='ocr_line' id='line_1_14' title="bbox 264 685 1244 717; baseline 0.001 -9"><span class='ocrx_word' id='word_1_114' title='bbox 264 692 332 708; x_wconf 89' lang='lat' dir='ltr'><strong>nunc</strong></span> <span class='ocrx_word' id='word_1_115' title='bbox 351 692 402 708; x_wconf 93' lang='lat' dir='ltr'><strong>non</strong></span> <span class='ocrx_word' id='word_1_116' title='bbox 420 689 542 708; x_wconf 81' lang='lat' dir='ltr'><strong>exerceat</strong></span> <span class='ocrx_word' id='word_1_117' title='bbox 559 685 674 708; x_wconf 82' lang='lat' dir='ltr'><strong>officium</strong></span> <span class='ocrx_word' id='word_1_118' title='bbox 692 685 845 710; x_wconf 86' lang='lat' dir='ltr'><strong>mediatoris</strong></span> <span class='ocrx_word' id='word_1_119' title='bbox 863 693 894 710; x_wconf 87' lang='lat' dir='ltr'><strong>ac</strong></span> <span class='ocrx_word' id='word_1_120' title='bbox 911 685 1106 717; x_wconf 54' lang='lat' dir='ltr'><strong>propinator-is,</strong></span> <span class='ocrx_word' id='word_1_121' title='bbox 1124 685 1178 710; x_wconf 89' lang='lat' dir='ltr'><strong>Sed</strong></span> <span class='ocrx_word' id='word_1_122' title='bbox 1197 686 1244 710; x_wconf 92' lang='lat' dir='ltr'><strong>do-</strong></span> 
     </span>
     <span class='ocr_line' id='line_1_15' title="bbox 267 719 1243 752; baseline 0.001 -10"><span class='ocrx_word' id='word_1_123' title='bbox 267 723 338 748; x_wconf 87' lang='lat' dir='ltr'><strong>cent,</strong></span> <span class='ocrx_word' id='word_1_124' title='bbox 363 719 433 750; x_wconf 87' lang='lat' dir='ltr'><strong>quud</strong></span> <span class='ocrx_word' id='word_1_125' title='bbox 457 726 502 750; x_wconf 89' lang='lat' dir='ltr'><strong>per</strong></span> <span class='ocrx_word' id='word_1_126' title='bbox 526 719 596 742; x_wconf 83' lang='lat' dir='ltr'><strong>illam</strong></span> <span class='ocrx_word' id='word_1_127' title='bbox 626 720 791 744; x_wconf 87' lang='lat' dir='ltr'><strong>dilectionem</strong></span> <span class='ocrx_word' id='word_1_128' title='bbox 817 724 841 743; x_wconf 89' lang='lat' dir='ltr'><strong>et</strong></span> <span class='ocrx_word' id='word_1_129' title='bbox 865 727 945 752; x_wconf 81' lang='lat' dir='ltr'><strong>opera</strong></span> <span class='ocrx_word' id='word_1_130' title='bbox 967 721 1046 743; x_wconf 87' lang='lat' dir='ltr'><strong>simus</strong></span> <span class='ocrx_word' id='word_1_131' title='bbox 1069 720 1130 744; x_wconf 89' lang='lat' dir='ltr'><strong>iusti</strong></span> <span class='ocrx_word' id='word_1_132' title='bbox 1153 723 1178 743; x_wconf 82' lang='grc'><strong>01</strong></span> <span class='ocrx_word' id='word_1_133' title='bbox 1201 727 1243 743; x_wconf 88' lang='grc'><strong>80-</strong></span> 
     </span>
     <span class='ocr_line' id='line_1_16' title="bbox 265 752 1242 784; baseline 0.002 -8"><span class='ocrx_word' id='word_1_134' title='bbox 265 753 331 784; x_wconf 87' lang='lat' dir='ltr'><strong>cepti</strong></span> <span class='ocrx_word' id='word_1_135' title='bbox 352 753 418 777; x_wconf 88' lang='lat' dir='ltr'><strong>Deo.</strong></span> <span class='ocrx_word' id='word_1_136' title='bbox 456 752 599 784; x_wconf 82' lang='lat' dir='ltr'><strong>opponunt</strong></span> <span class='ocrx_word' id='word_1_137' title='bbox 616 754 670 777; x_wconf 82' lang='lat' dir='ltr'><strong>irae</strong></span> <span class='ocrx_word' id='word_1_138' title='bbox 690 753 740 778; x_wconf 91' lang='lat' dir='ltr'><strong>Dei</strong></span> <span class='ocrx_word' id='word_1_139' title='bbox 759 758 785 778; x_wconf 89' lang='lat' dir='ltr'><strong>et</strong></span> <span class='ocrx_word' id='word_1_140' title='bbox 801 755 943 778; x_wconf 86' lang='lat' dir='ltr'><strong>terroribus</strong></span> <span class='ocrx_word' id='word_1_141' title='bbox 962 754 1076 784; x_wconf 84' lang='lat' dir='ltr'><strong>peccati,</strong></span> <span class='ocrx_word' id='word_1_142' title='bbox 1096 761 1147 777; x_wconf 91' lang='lat' dir='ltr'><strong>non</strong></span> <span class='ocrx_word' id='word_1_143' title='bbox 1167 753 1242 778; x_wconf 89' lang='lat' dir='ltr'><strong>Chri-</strong></span> 
     </span>
     <span class='ocr_line' id='line_1_17' title="bbox 263 787 1242 820; baseline 0.002 -10"><span class='ocrx_word' id='word_1_144' title='bbox 263 792 344 816; x_wconf 83' lang='lat' dir='ltr'><strong>stum,</strong></span> <span class='ocrx_word' id='word_1_145' title='bbox 363 787 410 810; x_wconf 89' lang='lat' dir='ltr'><strong>sed</strong></span> <span class='ocrx_word' id='word_1_146' title='bbox 428 795 500 811; x_wconf 85' lang='lat' dir='ltr'><strong>suam</strong></span> <span class='ocrx_word' id='word_1_147' title='bbox 525 788 691 812; x_wconf 86' lang='lat' dir='ltr'><strong>dilectionem</strong></span> <span class='ocrx_word' id='word_1_148' title='bbox 714 792 740 812; x_wconf 94' lang='lat' dir='ltr'><strong>et</strong></span> <span class='ocrx_word' id='word_1_149' title='bbox 762 796 855 820; x_wconf 87' lang='lat' dir='ltr'><strong>opera,</strong></span> <span class='ocrx_word' id='word_1_150' title='bbox 880 796 938 812; x_wconf 86' lang='lat' dir='ltr'><strong>cum</strong></span> <span class='ocrx_word' id='word_1_151' title='bbox 963 788 1087 811; x_wconf 84' lang='lat' dir='ltr'><strong>deberent</strong></span> <span class='ocrx_word' id='word_1_152' title='bbox 1109 795 1242 819; x_wconf 87' lang='lat' dir='ltr'><strong>opponere</strong></span> 
     </span>
     <span class='ocr_line' id='line_1_18' title="bbox 263 821 1242 854; baseline 0.001 -9"><span class='ocrx_word' id='word_1_153' title='bbox 263 821 431 845; x_wconf 75' lang='lat' dir='ltr'><strong>mediatorem</strong></span> <span class='ocrx_word' id='word_1_154' title='bbox 450 821 590 850; x_wconf 78' lang='lat' dir='ltr'><strong>Christum,</strong></span> <span class='ocrx_word' id='word_1_155' title='bbox 608 829 654 854; x_wconf 89' lang='lat' dir='ltr'><strong>per</strong></span> <span class='ocrx_word' id='word_1_156' title='bbox 672 822 758 846; x_wconf 87' lang='lat' dir='ltr'><strong>fidem.</strong></span> <span class='ocrx_word' id='word_1_157' title='bbox 787 822 943 851; x_wconf 83' lang='lat' dir='ltr'><strong>Quantulum</strong></span> <span class='ocrx_word' id='word_1_158' title='bbox 963 823 1060 846; x_wconf 77' lang='lat' dir='ltr'><strong>distant</strong></span> <span class='ocrx_word' id='word_1_159' title='bbox 1077 829 1093 846; x_wconf 82' lang='lat' dir='ltr'><strong>a</strong></span> <span class='ocrx_word' id='word_1_160' title='bbox 1110 822 1242 846; x_wconf 80' lang='lat' dir='ltr'><strong>Iudaismo</strong></span> 
     </span>
     <span class='ocr_line' id='line_1_19' title="bbox 264 856 1244 888; baseline 0.002 -10"><span class='ocrx_word' id='word_1_161' title='bbox 264 856 306 886; x_wconf 88' lang='lat' dir='ltr'><strong>qui</strong></span> <span class='ocrx_word' id='word_1_162' title='bbox 325 856 362 878; x_wconf 82' lang='lat' dir='ltr'><strong>sic</strong></span> <span class='ocrx_word' id='word_1_163' title='bbox 380 857 498 880; x_wconf 82' lang='lat' dir='ltr'><strong>senciant</strong></span> <span class='ocrx_word' id='word_1_164' title='bbox 516 864 542 879; x_wconf 73' lang='lat' dir='ltr'><strong>se</strong></span> <span class='ocrx_word' id='word_1_165' title='bbox 561 857 641 880; x_wconf 73' lang='lat' dir='ltr'><strong>iustos</strong></span> <span class='ocrx_word' id='word_1_166' title='bbox 661 864 747 881; x_wconf 81' lang='lat' dir='ltr'><strong>coram</strong></span> <span class='ocrx_word' id='word_1_167' title='bbox 767 857 824 881; x_wconf 83' lang='lat' dir='ltr'><strong>Deo</strong></span> <span class='ocrx_word' id='word_1_168' title='bbox 844 857 968 888; x_wconf 76' lang='lat' dir='ltr'><strong>reputari,</strong></span> <span class='ocrx_word' id='word_1_169' title='bbox 980 861 1086 888; x_wconf 87' lang='lat' dir='ltr'><strong>propter</strong></span> <span class='ocrx_word' id='word_1_170' title='bbox 1098 863 1145 880; x_wconf 90' lang='grc'><strong>308</strong></span> <span class='ocrx_word' id='word_1_171' title='bbox 1163 863 1244 887; x_wconf 81' lang='lat' dir='ltr'><strong>opera</strong></span> 
     </span>
     <span class='ocr_line' id='line_1_20' title="bbox 263 890 1244 922; baseline 0 -9"><span class='ocrx_word' id='word_1_172' title='bbox 263 893 378 918; x_wconf 75' lang='lat' dir='ltr'><strong>externa,</strong></span> <span class='ocrx_word' id='word_1_173' title='bbox 397 890 436 913; x_wconf 79' lang='lat' dir='ltr'><strong>vel</strong></span> <span class='ocrx_word' id='word_1_174' title='bbox 456 891 533 914; x_wconf 86' lang='grc'>0118111</span> <span class='ocrx_word' id='word_1_175' title='bbox 551 894 657 922; x_wconf 83' lang='lat' dir='ltr'><strong>propter</strong></span> <span class='ocrx_word' id='word_1_176' title='bbox 677 891 854 920; x_wconf 86' lang='lat' dir='ltr'><strong>dilectionem,</strong></span> <span class='ocrx_word' id='word_1_177' title='bbox 882 891 904 914; x_wconf 89' lang='lat' dir='ltr'><strong>si</strong></span> <span class='ocrx_word' id='word_1_178' title='bbox 931 897 981 920; x_wconf 82' lang='lat' dir='ltr'><strong>qua</strong></span> <span class='ocrx_word' id='word_1_179' title='bbox 1006 898 1062 914; x_wconf 87' lang='lat' dir='ltr'><strong>esse</strong></span> <span class='ocrx_word' id='word_1_180' title='bbox 1085 894 1189 922; x_wconf 89' lang='lat' dir='ltr'><strong>posset,</strong></span> <span class='ocrx_word' id='word_1_181' title='bbox 1217 894 1244 914; x_wconf 91' lang='lat' dir='ltr'><strong>et</strong></span> 
     </span>
     <span class='ocr_line' id='line_1_21' title="bbox 262 924 1240 956; baseline 0 -9"><span class='ocrx_word' id='word_1_182' title='bbox 262 930 315 947; x_wconf 89' lang='lat' dir='ltr'><strong>non</strong></span> <span class='ocrx_word' id='word_1_183' title='bbox 333 924 452 948; x_wconf 90' lang='lat' dir='ltr'><strong>senciunt</strong></span> <span class='ocrx_word' id='word_1_184' title='bbox 470 932 496 948; x_wconf 88' lang='lat' dir='ltr'><strong>se</strong></span> <span class='ocrx_word' id='word_1_185' title='bbox 520 925 601 948; x_wconf 84' lang='lat' dir='ltr'><strong>iustos</strong></span> <span class='ocrx_word' id='word_1_186' title='bbox 626 926 755 956; x_wconf 82' lang='lat' dir='ltr'><strong>reputari,</strong></span> <span class='ocrx_word' id='word_1_187' title='bbox 779 930 885 956; x_wconf 86' lang='lat' dir='ltr'><strong>propter</strong></span> <span class='ocrx_word' id='word_1_188' title='bbox 905 925 1074 948; x_wconf 85' lang='lat' dir='ltr'><strong>mediatorem</strong></span> <span class='ocrx_word' id='word_1_189' title='bbox 1100 924 1240 949; x_wconf 80' lang='lat' dir='ltr'><strong>Christum.</strong></span> 
     </span>
     <span class='ocr_line' id='line_1_22' title="bbox 262 957 1243 990; baseline 0.001 -9"><span class='ocrx_word' id='word_1_190' title='bbox 262 957 350 987; x_wconf 80' lang='lat' dir='ltr'><strong>Quare</strong></span> <span class='ocrx_word' id='word_1_191' title='bbox 369 959 413 990; x_wconf 87' lang='lat' dir='ltr'><strong>qui</strong></span> <span class='ocrx_word' id='word_1_192' title='bbox 431 959 466 982; x_wconf 83' lang='lat' dir='ltr'><strong>ita</strong></span> <span class='ocrx_word' id='word_1_193' title='bbox 485 959 602 983; x_wconf 89' lang='lat' dir='ltr'><strong>tribuunt</strong></span> <span class='ocrx_word' id='word_1_194' title='bbox 626 959 757 984; x_wconf 84' lang='lat' dir='ltr'><strong>dilectioni</strong></span> <span class='ocrx_word' id='word_1_195' title='bbox 781 959 1005 988; x_wconf 44' lang='lat' dir='ltr'><strong>institit-ationem,</strong></span> <span class='ocrx_word' id='word_1_196' title='bbox 1027 962 1055 982; x_wconf 88' lang='lat' dir='ltr'><strong>vt</strong></span> <span class='ocrx_word' id='word_1_197' title='bbox 1081 958 1112 982; x_wconf 91' lang='lat' dir='ltr'><strong>de</strong></span> <span class='ocrx_word' id='word_1_198' title='bbox 1137 958 1243 983; x_wconf 87' lang='lat' dir='ltr'><strong>iusticia</strong></span> 
     </span>
     <span class='ocr_line' id='line_1_23' title="bbox 260 991 1242 1023; baseline 0.001 -8"><span class='ocrx_word' id='word_1_199' title='bbox 260 991 323 1017; x_wconf 79' lang='lat' dir='ltr'><strong>fidei</strong></span> <span class='ocrx_word' id='word_1_200' title='bbox 341 1000 395 1016; x_wconf 90' lang='lat' dir='ltr'><strong>non</strong></span> <span class='ocrx_word' id='word_1_201' title='bbox 419 993 520 1023; x_wconf 77' lang='lat' dir='ltr'><strong>dicant,</strong></span> <span class='ocrx_word' id='word_1_202' title='bbox 546 997 574 1016; x_wconf 70' lang='lat' dir='ltr'><strong>vt</strong></span> <span class='ocrx_word' id='word_1_203' title='bbox 597 993 645 1016; x_wconf 86' lang='lat' dir='ltr'><strong>hoc</strong></span> <span class='ocrx_word' id='word_1_204' title='bbox 670 1001 722 1017; x_wconf 86' lang='lat' dir='ltr'><strong>non</strong></span> <span class='ocrx_word' id='word_1_205' title='bbox 747 994 865 1022; x_wconf 84' lang='lat' dir='ltr'><strong>tradant,</strong></span> <span class='ocrx_word' id='word_1_206' title='bbox 891 993 1058 1016; x_wconf 84' lang='lat' dir='ltr'><strong>senciendum</strong></span> <span class='ocrx_word' id='word_1_207' title='bbox 1078 999 1146 1021; x_wconf 86' lang='lat' dir='ltr'><strong>esse,</strong></span> <span class='ocrx_word' id='word_1_208' title='bbox 1171 993 1242 1023; x_wconf 83' lang='lat' dir='ltr'><strong>qnod</strong></span> 
     </span>
     <span class='ocr_line' id='line_1_24' title="bbox 260 1026 1242 1059; baseline 0.001 -10"><span class='ocrx_word' id='word_1_209' title='bbox 260 1032 368 1058; x_wconf 88' lang='lat' dir='ltr'><strong>propter</strong></span> <span class='ocrx_word' id='word_1_210' title='bbox 386 1026 517 1052; x_wconf 83' lang='lat' dir='ltr'><strong>Christum</strong></span> <span class='ocrx_word' id='word_1_211' title='bbox 536 1029 633 1059; x_wconf 80' lang='lat' dir='ltr'><strong>accepti</strong></span> <span class='ocrx_word' id='word_1_212' title='bbox 652 1028 744 1057; x_wconf 85' lang='lat' dir='ltr'><strong>simus,</strong></span> <span class='ocrx_word' id='word_1_213' title='bbox 772 1027 798 1051; x_wconf 90' lang='lat' dir='ltr'><strong>hi</strong></span> <span class='ocrx_word' id='word_1_214' title='bbox 819 1027 955 1051; x_wconf 84' lang='lat' dir='ltr'><strong>discedunt</strong></span> <span class='ocrx_word' id='word_1_215' title='bbox 971 1027 1003 1051; x_wconf 85' lang='grc'><strong>811</strong></span> <span class='ocrx_word' id='word_1_216' title='bbox 1028 1027 1192 1058; x_wconf 80' lang='grc' dir='ltr'>Εο81130110,</span> <span class='ocrx_word' id='word_1_217' title='bbox 1216 1030 1242 1050; x_wconf 86' lang='grc'><strong>01</strong></span> 
     </span>
     <span class='ocr_line' id='line_1_25' title="bbox 262 1060 1242 1093; baseline 0 -9"><span class='ocrx_word' id='word_1_218' title='bbox 262 1060 374 1085; x_wconf 83' lang='lat' dir='ltr'><strong>osticium</strong></span> <span class='ocrx_word' id='word_1_219' title='bbox 403 1061 498 1085; x_wconf 79' lang='lat' dir='ltr'><strong>Christi</strong></span> <span class='ocrx_word' id='word_1_220' title='bbox 524 1062 672 1086; x_wconf 77' lang='lat' dir='ltr'><strong>obscurant.</strong></span> <span class='ocrx_word' id='word_1_221' title='bbox 712 1062 769 1086; x_wconf 81' lang='lat' dir='ltr'><strong>Nos</strong></span> <span class='ocrx_word' id='word_1_222' title='bbox 797 1062 878 1092; x_wconf 90' lang='lat' dir='ltr'><strong>igitur</strong></span> <span class='ocrx_word' id='word_1_223' title='bbox 902 1065 1039 1093; x_wconf 80' lang='lat' dir='ltr'><strong>tantopere</strong></span> <span class='ocrx_word' id='word_1_224' title='bbox 1063 1061 1242 1085; x_wconf 85' lang='lat' dir='ltr'><strong>contendimus</strong></span> 
     </span>
     <span class='ocr_line' id='line_1_26' title="bbox 261 1094 1242 1126; baseline 0.001 -8"><span class='ocrx_word' id='word_1_225' title='bbox 261 1094 294 1118; x_wconf 92' lang='lat' dir='ltr'><strong>de</strong></span> <span class='ocrx_word' id='word_1_226' title='bbox 312 1096 415 1119; x_wconf 78' lang='lat' dir='ltr'><strong>iusticia</strong></span> <span class='ocrx_word' id='word_1_227' title='bbox 433 1095 501 1126; x_wconf 80' lang='lat' dir='ltr'><strong>fidei,</strong></span> <span class='ocrx_word' id='word_1_228' title='bbox 521 1100 546 1119; x_wconf 89' lang='lat' dir='ltr'><strong>et</strong></span> <span class='ocrx_word' id='word_1_229' title='bbox 565 1097 698 1120; x_wconf 83' lang='lat' dir='ltr'><strong>tribuimus</strong></span> <span class='ocrx_word' id='word_1_230' title='bbox 717 1096 777 1119; x_wconf 85' lang='lat' dir='ltr'><strong>fidei</strong></span> <span class='ocrx_word' id='word_1_231' title='bbox 797 1095 1016 1126; x_wconf 56' lang='lat' dir='ltr'><strong>iustitie-ationem,</strong></span> <span class='ocrx_word' id='word_1_232' title='bbox 1035 1096 1104 1119; x_wconf 85' lang='lat' dir='ltr'><strong>sicut</strong></span> <span class='ocrx_word' id='word_1_233' title='bbox 1121 1095 1242 1126; x_wconf 80' lang='lat' dir='ltr'><strong>Euange-</strong></span> 
     </span>
     <span class='ocr_line' id='line_1_27' title="bbox 259 1129 1242 1161; baseline 0.001 -9"><span class='ocrx_word' id='word_1_234' title='bbox 259 1129 323 1153; x_wconf 90' lang='lat' dir='ltr'><strong>lium</strong></span> <span class='ocrx_word' id='word_1_235' title='bbox 342 1129 427 1159; x_wconf 89' lang='lat' dir='ltr'><strong>docet,</strong></span> <span class='ocrx_word' id='word_1_236' title='bbox 445 1134 473 1153; x_wconf 86' lang='lat' dir='ltr'><strong>vt</strong></span> <span class='ocrx_word' id='word_1_237' title='bbox 491 1129 604 1154; x_wconf 85' lang='lat' dir='ltr'><strong>officium</strong></span> <span class='ocrx_word' id='word_1_238' title='bbox 624 1130 720 1154; x_wconf 84' lang='lat' dir='ltr'><strong>Christi</strong></span> <span class='ocrx_word' id='word_1_239' title='bbox 740 1131 856 1161; x_wconf 84' lang='lat' dir='ltr'><strong>conspici</strong></span> <span class='ocrx_word' id='word_1_240' title='bbox 876 1130 967 1161; x_wconf 84' lang='lat' dir='ltr'><strong>possit,</strong></span> <span class='ocrx_word' id='word_1_241' title='bbox 982 1134 1009 1153; x_wconf 84' lang='lat' dir='ltr'><strong>vt</strong></span> <span class='ocrx_word' id='word_1_242' title='bbox 1021 1129 1242 1154; x_wconf 80' lang='lat' dir='ltr'><strong>iniustificatione</strong></span> 
     </span>
     <span class='ocr_line' id='line_1_28' title="bbox 259 1163 1242 1196; baseline 0.001 -9"><span class='ocrx_word' id='word_1_243' title='bbox 259 1164 343 1187; x_wconf 81' lang='lat' dir='ltr'><strong>sciant</strong></span> <span class='ocrx_word' id='word_1_244' title='bbox 362 1163 487 1193; x_wconf 87' lang='lat' dir='ltr'><strong>homiues,</strong></span> <span class='ocrx_word' id='word_1_245' title='bbox 506 1165 568 1194; x_wconf 88' lang='lat' dir='ltr'><strong>quid</strong></span> <span class='ocrx_word' id='word_1_246' title='bbox 589 1163 707 1188; x_wconf 83' lang='lat' dir='ltr'><strong>conferat</strong></span> <span class='ocrx_word' id='word_1_247' title='bbox 725 1164 857 1195; x_wconf 79' lang='lat' dir='ltr'><strong>Christus,</strong></span> <span class='ocrx_word' id='word_1_248' title='bbox 884 1164 1016 1196; x_wconf 80' lang='lat' dir='ltr'><strong>quomodo</strong></span> <span class='ocrx_word' id='word_1_249' title='bbox 1043 1171 1073 1188; x_wconf 90' lang='lat' dir='ltr'><strong>eo</strong></span> <span class='ocrx_word' id='word_1_250' title='bbox 1099 1164 1242 1188; x_wconf 84' lang='lat' dir='ltr'><strong>mediatore</strong></span> 
     </span>
     <span class='ocr_line' id='line_1_29' title="bbox 258 1198 438 1222; baseline 0 -1"><span class='ocrx_word' id='word_1_251' title='bbox 258 1198 380 1221; x_wconf 69' lang='lat' dir='ltr'><strong>Vtendum</strong></span> <span class='ocrx_word' id='word_1_252' title='bbox 399 1198 438 1222; x_wconf 85' lang='lat' dir='ltr'><strong>sit.</strong></span> 
     </span>
    </p>
   </div>
   <div class='ocr_carea' id='block_1_4' title="bbox 254 1248 1242 2658">
    <p class='ocr_par' dir='ltr' id='par_1_4' title="bbox 254 1248 1242 2658">
     <span class='ocr_line' id='line_1_30' title="bbox 327 1248 1242 1281; baseline 0.001 -9"><span class='ocrx_word' id='word_1_253' title='bbox 327 1249 379 1273; x_wconf 89' lang='lat' dir='ltr'><strong>Sed</strong></span> <span class='ocrx_word' id='word_1_254' title='bbox 398 1248 515 1278; x_wconf 81' lang='lat' dir='ltr'><strong>offendit,</strong></span> <span class='ocrx_word' id='word_1_255' title='bbox 533 1249 660 1280; x_wconf 88' lang='lat' dir='ltr'><strong>inquiunt,</strong></span> <span class='ocrx_word' id='word_1_256' title='bbox 679 1249 743 1273; x_wconf 84' lang='lat' dir='ltr'><strong>haec</strong></span> <span class='ocrx_word' id='word_1_257' title='bbox 760 1249 895 1274; x_wconf 83' lang='lat' dir='ltr'><strong>exclusiua</strong></span> <span class='ocrx_word' id='word_1_258' title='bbox 908 1251 1002 1279; x_wconf 79' lang='lat' dir='ltr'><strong>oratio,</strong></span> <span class='ocrx_word' id='word_1_259' title='bbox 1014 1250 1085 1281; x_wconf 90' lang='lat' dir='ltr'><strong>quod</strong></span> <span class='ocrx_word' id='word_1_260' title='bbox 1103 1249 1161 1274; x_wconf 74' lang='lat' dir='ltr'><strong>sola</strong></span> <span class='ocrx_word' id='word_1_261' title='bbox 1177 1249 1242 1273; x_wconf 82' lang='lat' dir='ltr'><strong>fides</strong></span> 
     </span>
     <span class='ocr_line' id='line_1_31' title="bbox 259 1283 1241 1315; baseline 0 -8"><span class='ocrx_word' id='word_1_262' title='bbox 259 1283 389 1308; x_wconf 86' lang='lat' dir='ltr'><strong>iustificet.</strong></span> <span class='ocrx_word' id='word_1_263' title='bbox 430 1283 576 1307; x_wconf 81' lang='lat' dir='ltr'><strong>Excluditis</strong></span> <span class='ocrx_word' id='word_1_264' title='bbox 600 1284 721 1314; x_wconf 89' lang='lat' dir='ltr'><strong>inquiunt</strong></span> <span class='ocrx_word' id='word_1_265' title='bbox 744 1289 922 1313; x_wconf 81' lang='lat' dir='ltr'><strong>sacramenta,</strong></span> <span class='ocrx_word' id='word_1_266' title='bbox 946 1285 1071 1315; x_wconf 77' lang='lat' dir='ltr'><strong>gratiam,</strong></span> <span class='ocrx_word' id='word_1_267' title='bbox 1096 1285 1241 1313; x_wconf 76' lang='lat' dir='ltr'><strong>caritatem,</strong></span> 
     </span>
     <span class='ocr_line' id='line_1_32' title="bbox 260 1318 1241 1350; baseline 0 -9"><span class='ocrx_word' id='word_1_268' title='bbox 260 1318 331 1342; x_wconf 84' lang='lat' dir='ltr'><strong>hona</strong></span> <span class='ocrx_word' id='word_1_269' title='bbox 349 1325 438 1349; x_wconf 82' lang='lat' dir='ltr'><strong>opera.</strong></span> <span class='ocrx_word' id='word_1_270' title='bbox 475 1318 582 1341; x_wconf 75' lang='lat' dir='ltr'><strong>Talibus</strong></span> <span class='ocrx_word' id='word_1_271' title='bbox 601 1319 737 1342; x_wconf 84' lang='lat' dir='ltr'><strong>calumniis</strong></span> <span class='ocrx_word' id='word_1_272' title='bbox 762 1319 907 1350; x_wconf 69' lang='lat' dir='ltr'><strong>deprimant</strong></span> <span class='ocrx_word' id='word_1_273' title='bbox 928 1323 1044 1343; x_wconf 86' lang='lat' dir='ltr'><strong>nostram</strong></span> <span class='ocrx_word' id='word_1_274' title='bbox 1070 1318 1241 1347; x_wconf 78' lang='lat' dir='ltr'><strong>sentenciam,</strong></span> 
     </span>
     <span class='ocr_line' id='line_1_33' title="bbox 260 1352 1241 1384; baseline -0.001 -8"><span class='ocrx_word' id='word_1_275' title='bbox 260 1359 291 1376; x_wconf 83' lang='grc'><strong>80</strong></span> <span class='ocrx_word' id='word_1_276' title='bbox 310 1353 401 1376; x_wconf 81' lang='lat' dir='ltr'><strong>volunt</strong></span> <span class='ocrx_word' id='word_1_277' title='bbox 423 1353 500 1376; x_wconf 78' lang='lat' dir='ltr'><strong>etiarn</strong></span> <span class='ocrx_word' id='word_1_278' title='bbox 522 1353 598 1376; x_wconf 79' lang='lat' dir='ltr'><strong>faceti</strong></span> <span class='ocrx_word' id='word_1_279' title='bbox 622 1353 720 1382; x_wconf 76' lang='lat' dir='ltr'><strong>videri,</strong></span> <span class='ocrx_word' id='word_1_280' title='bbox 746 1352 849 1377; x_wconf 81' lang='lat' dir='ltr'><strong>Vocant</strong></span> <span class='ocrx_word' id='word_1_281' title='bbox 871 1360 919 1377; x_wconf 84' lang='grc'><strong>003</strong></span> <span class='ocrx_word' id='word_1_282' title='bbox 942 1353 1067 1383; x_wconf 82' lang='lat' dir='ltr'><strong>solarios,</strong></span> <span class='ocrx_word' id='word_1_283' title='bbox 1091 1353 1164 1384; x_wconf 77' lang='lat' dir='ltr'><strong>quasi</strong></span> <span class='ocrx_word' id='word_1_284' title='bbox 1189 1359 1241 1377; x_wconf 89' lang='lat' dir='ltr'><strong>non</strong></span> 
     </span>
     <span class='ocr_line' id='line_1_34' title="bbox 259 1385 1242 1419; baseline -0.001 -8"><span class='ocrx_word' id='word_1_285' title='bbox 259 1386 339 1411; x_wconf 76' lang='lat' dir='ltr'><strong>liceat</strong></span> <span class='ocrx_word' id='word_1_286' title='bbox 355 1393 476 1417; x_wconf 83' lang='lat' dir='ltr'><strong>regerere</strong></span> <span class='ocrx_word' id='word_1_287' title='bbox 493 1385 544 1410; x_wconf 84' lang='lat' dir='ltr'><strong>hoc</strong></span> <span class='ocrx_word' id='word_1_288' title='bbox 563 1387 709 1411; x_wconf 88' lang='lat' dir='ltr'><strong>conuicium</strong></span> <span class='ocrx_word' id='word_1_289' title='bbox 728 1387 753 1411; x_wconf 91' lang='lat' dir='ltr'><strong>in</strong></span> <span class='ocrx_word' id='word_1_290' title='bbox 773 1387 852 1419; x_wconf 88' lang='lat' dir='ltr'><strong>ipsos,</strong></span> <span class='ocrx_word' id='word_1_291' title='bbox 871 1387 915 1419; x_wconf 92' lang='lat' dir='ltr'><strong>qui</strong></span> <span class='ocrx_word' id='word_1_292' title='bbox 933 1387 1050 1411; x_wconf 88' lang='lat' dir='ltr'><strong>tribuunt</strong></span> <span class='ocrx_word' id='word_1_293' title='bbox 1072 1387 1122 1411; x_wconf 89' lang='lat' dir='ltr'><strong>soli</strong></span> <span class='ocrx_word' id='word_1_294' title='bbox 1141 1387 1242 1410; x_wconf 66' lang='lat' dir='ltr'><strong>caritati</strong></span> 
     </span>
     <span class='ocr_line' id='line_1_35' title="bbox 259 1421 1241 1452; baseline 0 -7"><span class='ocrx_word' id='word_1_295' title='bbox 259 1421 476 1446; x_wconf 78' lang='lat' dir='ltr'><strong>iustificationem.</strong></span> <span class='ocrx_word' id='word_1_296' title='bbox 512 1421 572 1445; x_wconf 88' lang='lat' dir='ltr'><strong>Non</strong></span> <span class='ocrx_word' id='word_1_297' title='bbox 591 1422 740 1452; x_wconf 77' lang='lat' dir='ltr'><strong>ignoramus</strong></span> <span class='ocrx_word' id='word_1_298' title='bbox 759 1429 848 1446; x_wconf 90' lang='lat' dir='ltr'><strong>omnes</strong></span> <span class='ocrx_word' id='word_1_299' title='bbox 867 1422 957 1446; x_wconf 89' lang='lat' dir='ltr'><strong>laudes</strong></span> <span class='ocrx_word' id='word_1_300' title='bbox 976 1422 1093 1446; x_wconf 74' lang='lat' dir='ltr'><strong>caritatis</strong></span> <span class='ocrx_word' id='word_1_301' title='bbox 1118 1421 1241 1452; x_wconf 76' lang='lat' dir='ltr'><strong>plausibi-</strong></span> 
     </span>
     <span class='ocr_line' id='line_1_36' title="bbox 259 1455 1242 1487; baseline 0.001 -8"><span class='ocrx_word' id='word_1_302' title='bbox 259 1455 297 1479; x_wconf 86' lang='lat' dir='ltr'><strong>les</strong></span> <span class='ocrx_word' id='word_1_303' title='bbox 315 1463 381 1486; x_wconf 86' lang='lat' dir='ltr'><strong>esse,</strong></span> <span class='ocrx_word' id='word_1_304' title='bbox 400 1456 461 1487; x_wconf 87' lang='lat' dir='ltr'><strong>quia</strong></span> <span class='ocrx_word' id='word_1_305' title='bbox 478 1455 600 1480; x_wconf 84' lang='lat' dir='ltr'><strong>videntur</strong></span> <span class='ocrx_word' id='word_1_306' title='bbox 618 1455 717 1480; x_wconf 86' lang='lat' dir='ltr'><strong>hortari</strong></span> <span class='ocrx_word' id='word_1_307' title='bbox 736 1456 770 1480; x_wconf 84' lang='lat' dir='ltr'><strong>ad</strong></span> <span class='ocrx_word' id='word_1_308' title='bbox 789 1456 876 1480; x_wconf 77' lang='lat' dir='ltr'><strong>officia</strong></span> <span class='ocrx_word' id='word_1_309' title='bbox 894 1455 1072 1480; x_wconf 82' lang='lat' dir='ltr'><strong>humanitatis.</strong></span> <span class='ocrx_word' id='word_1_310' title='bbox 1107 1456 1172 1480; x_wconf 89' lang='lat' dir='ltr'><strong>Ideo</strong></span> <span class='ocrx_word' id='word_1_311' title='bbox 1197 1463 1242 1487; x_wconf 84' lang='lat' dir='ltr'><strong>ap-</strong></span> 
     </span>
     <span class='ocr_line' id='line_1_37' title="bbox 258 1489 1241 1522; baseline 0 -9"><span class='ocrx_word' id='word_1_312' title='bbox 258 1490 386 1521; x_wconf 79' lang='lat' dir='ltr'><strong>plaudunt</strong></span> <span class='ocrx_word' id='word_1_313' title='bbox 404 1489 523 1513; x_wconf 88' lang='lat' dir='ltr'><strong>homines</strong></span> <span class='ocrx_word' id='word_1_314' title='bbox 543 1490 640 1520; x_wconf 78' lang='lat' dir='ltr'><strong>ciuiles,</strong></span> <span class='ocrx_word' id='word_1_315' title='bbox 660 1491 737 1515; x_wconf 89' lang='lat' dir='ltr'><strong>etiam</strong></span> <span class='ocrx_word' id='word_1_316' title='bbox 756 1498 814 1514; x_wconf 89' lang='lat' dir='ltr'><strong>cum</strong></span> <span class='ocrx_word' id='word_1_317' title='bbox 832 1491 969 1515; x_wconf 84' lang='lat' dir='ltr'><strong>immodice</strong></span> <span class='ocrx_word' id='word_1_318' title='bbox 988 1490 1152 1522; x_wconf 76' lang='lat' dir='ltr'><strong>praedicatur</strong></span> <span class='ocrx_word' id='word_1_319' title='bbox 1175 1490 1241 1514; x_wconf 87' lang='lat' dir='ltr'><strong>cari-</strong></span> 
     </span>
     <span class='ocr_line' id='line_1_38' title="bbox 258 1523 1241 1556; baseline -0.002 -7"><span class='ocrx_word' id='word_1_320' title='bbox 258 1528 308 1554; x_wconf 68' lang='lat' dir='ltr'><strong>tas,</strong></span> <span class='ocrx_word' id='word_1_321' title='bbox 326 1523 378 1549; x_wconf 87' lang='lat' dir='ltr'><strong>Sed</strong></span> <span class='ocrx_word' id='word_1_322' title='bbox 397 1525 455 1556; x_wconf 84' lang='lat' dir='ltr'><strong>piae</strong></span> <span class='ocrx_word' id='word_1_323' title='bbox 473 1525 568 1548; x_wconf 88' lang='lat' dir='ltr'><strong>mentis</strong></span> <span class='ocrx_word' id='word_1_324' title='bbox 586 1529 633 1555; x_wconf 84' lang='lat' dir='ltr'><strong>est,</strong></span> <span class='ocrx_word' id='word_1_325' title='bbox 653 1529 758 1549; x_wconf 83' lang='lat' dir='ltr'><strong>eatenus</strong></span> <span class='ocrx_word' id='word_1_326' title='bbox 777 1524 866 1549; x_wconf 77' lang='lat' dir='ltr'><strong>fauere</strong></span> <span class='ocrx_word' id='word_1_327' title='bbox 885 1526 1016 1556; x_wconf 79' lang='lat' dir='ltr'><strong>preconiis</strong></span> <span class='ocrx_word' id='word_1_328' title='bbox 1036 1524 1160 1554; x_wconf 82' lang='lat' dir='ltr'><strong>caritatis,</strong></span> <span class='ocrx_word' id='word_1_329' title='bbox 1180 1524 1241 1547; x_wconf 90' lang='lat' dir='ltr'><strong>dum</strong></span> 
     </span>
     <span class='ocr_line' id='line_1_39' title="bbox 260 1558 1241 1591; baseline 0 -10"><span class='ocrx_word' id='word_1_330' title='bbox 260 1558 326 1590; x_wconf 82' lang='lat' dir='ltr'><strong>(sol.</strong></span> <span class='ocrx_word' id='word_1_331' title='bbox 345 1566 371 1582; x_wconf 91' lang='lat' dir='ltr'><strong>m</strong></span> <span class='ocrx_word' id='word_1_332' title='bbox 389 1559 438 1591; x_wconf 68' lang='lat'><strong>4⁶)</strong></span> <span class='ocrx_word' id='word_1_333' title='bbox 458 1566 512 1583; x_wconf 92' lang='lat' dir='ltr'><strong>non</strong></span> <span class='ocrx_word' id='word_1_334' title='bbox 536 1559 689 1583; x_wconf 85' lang='lat' dir='ltr'><strong>obscuretur</strong></span> <span class='ocrx_word' id='word_1_335' title='bbox 712 1559 797 1590; x_wconf 75' lang='lat' dir='ltr'><strong>gloria</strong></span> <span class='ocrx_word' id='word_1_336' title='bbox 827 1558 932 1584; x_wconf 85' lang='lat' dir='ltr'><strong>Christi.</strong></span> <span class='ocrx_word' id='word_1_337' title='bbox 968 1559 1037 1583; x_wconf 84' lang='lat' dir='ltr'><strong>Nam</strong></span> <span class='ocrx_word' id='word_1_338' title='bbox 1061 1558 1112 1583; x_wconf 85' lang='lat' dir='ltr'><strong>hoc</strong></span> <span class='ocrx_word' id='word_1_339' title='bbox 1136 1558 1241 1589; x_wconf 86' lang='lat' dir='ltr'><strong>quidem</strong></span> 
     </span>
     <span class='ocr_line' id='line_1_40' title="bbox 257 1592 1241 1625; baseline -0.002 -8"><span class='ocrx_word' id='word_1_340' title='bbox 257 1600 363 1624; x_wconf 83' lang='lat' dir='ltr'><strong>prorsus</strong></span> <span class='ocrx_word' id='word_1_341' title='bbox 381 1593 537 1625; x_wconf 84' lang='lat' dir='ltr'><strong>Epicureum</strong></span> <span class='ocrx_word' id='word_1_342' title='bbox 557 1597 583 1617; x_wconf 90' lang='lat' dir='ltr'><strong>et</strong></span> <span class='ocrx_word' id='word_1_343' title='bbox 601 1593 801 1618; x_wconf 82' lang='lat' dir='ltr'><strong>Mahometicum</strong></span> <span class='ocrx_word' id='word_1_344' title='bbox 820 1593 916 1625; x_wconf 77' lang='lat' dir='ltr'><strong>dogma</strong></span> <span class='ocrx_word' id='word_1_345' title='bbox 933 1593 1028 1617; x_wconf 78' lang='lat' dir='ltr'><strong>fuerit?</strong></span> <span class='ocrx_word' id='word_1_346' title='bbox 1051 1592 1154 1618; x_wconf 77' lang='lat' dir='ltr'><strong>sentire</strong></span> <span class='ocrx_word' id='word_1_347' title='bbox 1170 1592 1241 1624; x_wconf 86' lang='lat' dir='ltr'><strong>quod</strong></span> 
     </span>
     <span class='ocr_line' id='line_1_41' title="bbox 258 1627 1241 1660; baseline -0.002 -8"><span class='ocrx_word' id='word_1_348' title='bbox 258 1627 316 1652; x_wconf 84' lang='lat' dir='ltr'><strong>sola</strong></span> <span class='ocrx_word' id='word_1_349' title='bbox 334 1628 429 1652; x_wconf 77' lang='lat' dir='ltr'><strong>caritas</strong></span> <span class='ocrx_word' id='word_1_350' title='bbox 449 1627 579 1658; x_wconf 83' lang='lat' dir='ltr'><strong>iustificet,</strong></span> <span class='ocrx_word' id='word_1_351' title='bbox 598 1633 624 1652; x_wconf 84' lang='lat' dir='ltr'><strong>et</strong></span> <span class='ocrx_word' id='word_1_352' title='bbox 642 1635 694 1652; x_wconf 92' lang='lat' dir='ltr'><strong>uon</strong></span> <span class='ocrx_word' id='word_1_353' title='bbox 713 1629 812 1653; x_wconf 83' lang='lat' dir='ltr'><strong>sentire</strong></span> <span class='ocrx_word' id='word_1_354' title='bbox 830 1628 900 1660; x_wconf 86' lang='lat' dir='ltr'><strong>quod</strong></span> <span class='ocrx_word' id='word_1_355' title='bbox 926 1627 990 1652; x_wconf 86' lang='lat' dir='ltr'><strong>fides</strong></span> <span class='ocrx_word' id='word_1_356' title='bbox 1014 1627 1152 1657; x_wconf 80' lang='lat' dir='ltr'><strong>iustificet,</strong></span> <span class='ocrx_word' id='word_1_357' title='bbox 1176 1633 1241 1658; x_wconf 76' lang='lat' dir='ltr'><strong>quae</strong></span> 
     </span>
     <span class='ocr_line' id='line_1_42' title="bbox 258 1661 1241 1694; baseline -0.002 -8"><span class='ocrx_word' id='word_1_358' title='bbox 258 1662 348 1687; x_wconf 81' lang='lat' dir='ltr'><strong>statuit</strong></span> <span class='ocrx_word' id='word_1_359' title='bbox 365 1669 412 1686; x_wconf 89' lang='lat' dir='ltr'><strong>nos</strong></span> <span class='ocrx_word' id='word_1_360' title='bbox 431 1666 538 1694; x_wconf 82' lang='lat' dir='ltr'><strong>propter</strong></span> <span class='ocrx_word' id='word_1_361' title='bbox 557 1662 688 1686; x_wconf 85' lang='lat' dir='ltr'><strong>Christum</strong></span> <span class='ocrx_word' id='word_1_362' title='bbox 705 1662 764 1687; x_wconf 85' lang='grc' dir='ltr'><strong>1)οο</strong></span> <span class='ocrx_word' id='word_1_363' title='bbox 783 1667 902 1694; x_wconf 85' lang='lat' dir='ltr'><strong>acceptos</strong></span> <span class='ocrx_word' id='word_1_364' title='bbox 923 1669 987 1686; x_wconf 84' lang='lat' dir='ltr'><strong>esse.</strong></span> <span class='ocrx_word' id='word_1_365' title='bbox 1024 1661 1093 1686; x_wconf 68' lang='lat' dir='ltr'><strong>Nam</strong></span> <span class='ocrx_word' id='word_1_366' title='bbox 1118 1661 1241 1693; x_wconf 77' lang='lat' dir='ltr'><strong>Epicurei</strong></span> 
     </span>
     <span class='ocr_line' id='line_1_43' title="bbox 257 1695 1241 1721; baseline -0.001 -1"><span class='ocrx_word' id='word_1_367' title='bbox 257 1695 343 1721; x_wconf 88' lang='lat' dir='ltr'><strong>Deum</strong></span> <span class='ocrx_word' id='word_1_368' title='bbox 363 1703 393 1721; x_wconf 89' lang='grc'><strong>80</strong></span> <span class='ocrx_word' id='word_1_369' title='bbox 410 1695 539 1721; x_wconf 82' lang='lat' dir='ltr'><strong>Christum</strong></span> <span class='ocrx_word' id='word_1_370' title='bbox 559 1696 697 1721; x_wconf 88' lang='lat' dir='ltr'><strong>irridentes</strong></span> <span class='ocrx_word' id='word_1_371' title='bbox 716 1700 814 1721; x_wconf 81' lang='lat' dir='ltr'><strong>tantum</strong></span> <span class='ocrx_word' id='word_1_372' title='bbox 833 1696 897 1721; x_wconf 84' lang='grc'>11800</span> <span class='ocrx_word' id='word_1_373' title='bbox 911 1695 998 1720; x_wconf 74' lang='lat' dir='ltr'><strong>officia</strong></span> <span class='ocrx_word' id='word_1_374' title='bbox 1016 1696 1182 1720; x_wconf 80' lang='lat' dir='ltr'><strong>humanitatis</strong></span> <span class='ocrx_word' id='word_1_375' title='bbox 1201 1702 1241 1719; x_wconf 88' lang='lat' dir='ltr'><strong>re-</strong></span> 
     </span>
     <span class='ocr_line' id='line_1_44' title="bbox 256 1729 1241 1763; baseline -0.001 -9"><span class='ocrx_word' id='word_1_376' title='bbox 256 1731 370 1763; x_wconf 89' lang='lat' dir='ltr'><strong>quirunt.</strong></span> <span class='ocrx_word' id='word_1_377' title='bbox 411 1730 467 1755; x_wconf 81' lang='lat' dir='ltr'><strong>Nec</strong></span> <span class='ocrx_word' id='word_1_378' title='bbox 499 1730 540 1754; x_wconf 90' lang='lat' dir='ltr'><strong>his</strong></span> <span class='ocrx_word' id='word_1_379' title='bbox 571 1731 677 1756; x_wconf 91' lang='lat' dir='ltr'><strong>multum</strong></span> <span class='ocrx_word' id='word_1_380' title='bbox 706 1731 844 1756; x_wconf 87' lang='lat' dir='ltr'><strong>dissimiles</strong></span> <span class='ocrx_word' id='word_1_381' title='bbox 879 1736 937 1755; x_wconf 86' lang='lat' dir='ltr'><strong>sunt</strong></span> <span class='ocrx_word' id='word_1_382' title='bbox 963 1730 1171 1760; x_wconf 76' lang='lat' dir='ltr'><strong>Mahomctistae,</strong></span> <span class='ocrx_word' id='word_1_383' title='bbox 1198 1729 1241 1760; x_wconf 88' lang='lat' dir='ltr'><strong>qui</strong></span> 
     </span>
     <span class='ocr_line' id='line_1_45' title="bbox 256 1765 1241 1794; baseline -0.001 -5"><span class='ocrx_word' id='word_1_384' title='bbox 256 1766 336 1790; x_wconf 79' lang='lat' dir='ltr'><strong>etium</strong></span> <span class='ocrx_word' id='word_1_385' title='bbox 355 1765 457 1789; x_wconf 82' lang='lat' dir='ltr'><strong>abiecto</strong></span> <span class='ocrx_word' id='word_1_386' title='bbox 477 1765 581 1790; x_wconf 85' lang='lat' dir='ltr'><strong>Christo</strong></span> <span class='ocrx_word' id='word_1_387' title='bbox 601 1766 784 1790; x_wconf 73' lang='lat' dir='ltr'><strong>commendant</strong></span> <span class='ocrx_word' id='word_1_388' title='bbox 801 1770 915 1790; x_wconf 89' lang='lat' dir='ltr'><strong>mutuam</strong></span> <span class='ocrx_word' id='word_1_389' title='bbox 935 1765 1140 1794; x_wconf 76' lang='lat' dir='ltr'><strong>beneficentiam,</strong></span> <span class='ocrx_word' id='word_1_390' title='bbox 1159 1768 1186 1788; x_wconf 83' lang='lat' dir='ltr'><strong>et</strong></span> <span class='ocrx_word' id='word_1_391' title='bbox 1203 1767 1241 1788; x_wconf 83' lang='lat' dir='ltr'><strong>ta-</strong></span> 
     </span>
     <span class='ocr_line' id='line_1_46' title="bbox 255 1798 1241 1831; baseline -0.002 -7"><span class='ocrx_word' id='word_1_392' title='bbox 255 1807 323 1830; x_wconf 85' lang='lat' dir='ltr'><strong>men,</strong></span> <span class='ocrx_word' id='word_1_393' title='bbox 341 1800 401 1831; x_wconf 82' lang='lat' dir='ltr'><strong>quia</strong></span> <span class='ocrx_word' id='word_1_394' title='bbox 420 1799 549 1831; x_wconf 84' lang='lat' dir='ltr'><strong>perhiberi</strong></span> <span class='ocrx_word' id='word_1_395' title='bbox 573 1800 688 1831; x_wconf 79' lang='lat' dir='ltr'><strong>religiosi</strong></span> <span class='ocrx_word' id='word_1_396' title='bbox 708 1801 814 1830; x_wconf 82' lang='lat' dir='ltr'><strong>volunt,</strong></span> <span class='ocrx_word' id='word_1_397' title='bbox 837 1800 887 1824; x_wconf 88' lang='lat' dir='ltr'><strong>hoc</strong></span> <span class='ocrx_word' id='word_1_398' title='bbox 911 1800 1010 1824; x_wconf 85' lang='lat' dir='ltr'><strong>addunt</strong></span> <span class='ocrx_word' id='word_1_399' title='bbox 1034 1807 1111 1831; x_wconf 80' lang='lat' dir='ltr'><strong>supra</strong></span> <span class='ocrx_word' id='word_1_400' title='bbox 1135 1798 1241 1830; x_wconf 79' lang='lat' dir='ltr'><strong>Epicuri</strong></span> 
     </span>
     <span class='ocr_line' id='line_1_47' title="bbox 256 1831 1241 1866; baseline -0.002 -8"><span class='ocrx_word' id='word_1_401' title='bbox 256 1831 429 1863; x_wconf 72' lang='lat' dir='ltr'><strong>sentenciam,</strong></span> <span class='ocrx_word' id='word_1_402' title='bbox 449 1835 537 1858; x_wconf 88' lang='lat' dir='ltr'><strong>iubent</strong></span> <span class='ocrx_word' id='word_1_403' title='bbox 563 1833 646 1858; x_wconf 88' lang='lat' dir='ltr'><strong>Deum</strong></span> <span class='ocrx_word' id='word_1_404' title='bbox 675 1835 792 1866; x_wconf 87' lang='lat' dir='ltr'><strong>diligere.</strong></span> <span class='ocrx_word' id='word_1_405' title='bbox 836 1834 925 1866; x_wconf 76' lang='lat' dir='ltr'><strong>Imque</strong></span> <span class='ocrx_word' id='word_1_406' title='bbox 951 1835 1056 1866; x_wconf 84' lang='lat' dir='ltr'><strong>copiose</strong></span> <span class='ocrx_word' id='word_1_407' title='bbox 1080 1833 1241 1857; x_wconf 85' lang='lat' dir='ltr'><strong>remunerari</strong></span> 
     </span>
     <span class='ocr_line' id='line_1_48' title="bbox 255 1867 1241 1900; baseline -0.002 -7"><span class='ocrx_word' id='word_1_408' title='bbox 255 1869 420 1893; x_wconf 72' lang='lat' dir='ltr'><strong>aduersarios</strong></span> <span class='ocrx_word' id='word_1_409' title='bbox 439 1868 490 1892; x_wconf 87' lang='lat' dir='ltr'><strong>hoc</strong></span> <span class='ocrx_word' id='word_1_410' title='bbox 509 1869 567 1893; x_wconf 89' lang='lat' dir='ltr'><strong>loco</strong></span> <span class='ocrx_word' id='word_1_411' title='bbox 586 1876 727 1900; x_wconf 81' lang='lat' dir='ltr'><strong>possemus,</strong></span> <span class='ocrx_word' id='word_1_412' title='bbox 745 1868 774 1893; x_wconf 93' lang='lat' dir='ltr'><strong>Si</strong></span> <span class='ocrx_word' id='word_1_413' title='bbox 793 1868 887 1893; x_wconf 88' lang='lat' dir='ltr'><strong>liberet</strong></span> <span class='ocrx_word' id='word_1_414' title='bbox 911 1876 966 1892; x_wconf 89' lang='grc'>01110</span> <span class='ocrx_word' id='word_1_415' title='bbox 989 1868 1138 1893; x_wconf 87' lang='lat' dir='ltr'><strong>hominibus</strong></span> <span class='ocrx_word' id='word_1_416' title='bbox 1163 1867 1241 1891; x_wconf 83' lang='lat' dir='ltr'><strong>male-</strong></span> 
     </span>
     <span class='ocr_line' id='line_1_49' title="bbox 256 1903 1241 1934; baseline -0.001 -8"><span class='ocrx_word' id='word_1_417' title='bbox 256 1903 335 1932; x_wconf 87' lang='lat' dir='ltr'><strong>dicis,</strong></span> <span class='ocrx_word' id='word_1_418' title='bbox 366 1906 392 1926; x_wconf 87' lang='lat' dir='ltr'><strong>ct</strong></span> <span class='ocrx_word' id='word_1_419' title='bbox 421 1903 524 1928; x_wconf 85' lang='lat' dir='ltr'><strong>insulsis</strong></span> <span class='ocrx_word' id='word_1_420' title='bbox 553 1908 652 1927; x_wconf 76' lang='lat' dir='ltr'><strong>certare</strong></span> <span class='ocrx_word' id='word_1_421' title='bbox 680 1904 812 1927; x_wconf 79' lang='lat' dir='ltr'><strong>conuiciis.</strong></span> <span class='ocrx_word' id='word_1_422' title='bbox 849 1903 902 1928; x_wconf 90' lang='lat' dir='ltr'><strong>Sed</strong></span> <span class='ocrx_word' id='word_1_423' title='bbox 929 1904 1013 1934; x_wconf 80' lang='lat' dir='ltr'><strong>magis</strong></span> <span class='ocrx_word' id='word_1_424' title='bbox 1036 1903 1176 1927; x_wconf 84' lang='lat' dir='ltr'><strong>videndum</strong></span> <span class='ocrx_word' id='word_1_425' title='bbox 1202 1905 1241 1925; x_wconf 90' lang='lat' dir='ltr'><strong>est</strong></span> 
     </span>
     <span class='ocr_line' id='line_1_50' title="bbox 254 1936 1239 1969; baseline 0 -9"><span class='ocrx_word' id='word_1_426' title='bbox 254 1937 330 1961; x_wconf 87' lang='lat' dir='ltr'><strong>nobis</strong></span> <span class='ocrx_word' id='word_1_427' title='bbox 349 1937 412 1968; x_wconf 88' lang='lat' dir='ltr'><strong>quid</strong></span> <span class='ocrx_word' id='word_1_428' title='bbox 430 1945 477 1961; x_wconf 90' lang='lat' dir='ltr'><strong>nos</strong></span> <span class='ocrx_word' id='word_1_429' title='bbox 496 1938 599 1966; x_wconf 82' lang='lat' dir='ltr'><strong>deceat,</strong></span> <span class='ocrx_word' id='word_1_430' title='bbox 623 1945 698 1969; x_wconf 80' lang='lat' dir='ltr'><strong>quam</strong></span> <span class='ocrx_word' id='word_1_431' title='bbox 718 1938 778 1968; x_wconf 89' lang='lat' dir='ltr'><strong>quid</strong></span> <span class='ocrx_word' id='word_1_432' title='bbox 798 1938 842 1962; x_wconf 83' lang='lat' dir='ltr'><strong>isti</strong></span> <span class='ocrx_word' id='word_1_433' title='bbox 867 1943 1027 1967; x_wconf 80' lang='lat' dir='ltr'><strong>mereantur,</strong></span> <span class='ocrx_word' id='word_1_434' title='bbox 1053 1937 1169 1961; x_wconf 84' lang='lat' dir='ltr'><strong>breuiter</strong></span> <span class='ocrx_word' id='word_1_435' title='bbox 1193 1936 1239 1967; x_wconf 82' lang='lat' dir='ltr'><strong>igi-</strong></span> 
     </span>
     <span class='ocr_line' id='line_1_51' title="bbox 255 1971 1240 2003; baseline -0.002 -8"><span class='ocrx_word' id='word_1_436' title='bbox 255 1976 296 1995; x_wconf 87' lang='lat' dir='ltr'><strong>tur</strong></span> <span class='ocrx_word' id='word_1_437' title='bbox 315 1972 469 1996; x_wconf 80' lang='lat' dir='ltr'><strong>reuellemus</strong></span> <span class='ocrx_word' id='word_1_438' title='bbox 488 1972 545 1996; x_wconf 83' lang='lat' dir='ltr'><strong>illas</strong></span> <span class='ocrx_word' id='word_1_439' title='bbox 571 1972 660 1996; x_wconf 78' lang='lat' dir='ltr'><strong>inanes</strong></span> <span class='ocrx_word' id='word_1_440' title='bbox 685 1972 836 1996; x_wconf 78' lang='lat' dir='ltr'><strong>calumnias.</strong></span> <span class='ocrx_word' id='word_1_441' title='bbox 873 1972 957 1996; x_wconf 83' lang='lat' dir='ltr'><strong>Nemo</strong></span> <span class='ocrx_word' id='word_1_442' title='bbox 984 1973 1015 1996; x_wconf 91' lang='lat' dir='ltr'><strong>de</strong></span> <span class='ocrx_word' id='word_1_443' title='bbox 1034 1971 1085 1995; x_wconf 84' lang='lat' dir='ltr'><strong>lide</strong></span> <span class='ocrx_word' id='word_1_444' title='bbox 1103 1971 1173 2003; x_wconf 73' lang='lat' dir='ltr'><strong>apud</strong></span> <span class='ocrx_word' id='word_1_445' title='bbox 1192 1977 1240 1994; x_wconf 91' lang='lat' dir='ltr'><strong>uos</strong></span> 
     </span>
     <span class='ocr_line' id='line_1_52' title="bbox 256 2006 1240 2038; baseline -0.001 -9"><span class='ocrx_word' id='word_1_446' title='bbox 256 2013 376 2037; x_wconf 81' lang='lat' dir='ltr'><strong>vnquam,</strong></span> <span class='ocrx_word' id='word_1_447' title='bbox 395 2010 440 2030; x_wconf 85' lang='grc'><strong>801</strong></span> <span class='ocrx_word' id='word_1_448' title='bbox 458 2007 569 2038; x_wconf 81' lang='lat' dir='ltr'><strong>scripsit,</strong></span> <span class='ocrx_word' id='word_1_449' title='bbox 588 2010 632 2030; x_wconf 81' lang='grc'>8111</span> <span class='ocrx_word' id='word_1_450' title='bbox 651 2007 725 2036; x_wconf 82' lang='lat' dir='ltr'><strong>dixit,</strong></span> <span class='ocrx_word' id='word_1_451' title='bbox 745 2007 805 2037; x_wconf 88' lang='lat' dir='ltr'><strong>quin</strong></span> <span class='ocrx_word' id='word_1_452' title='bbox 823 2007 898 2030; x_wconf 89' lang='lat' dir='ltr'><strong>simul</strong></span> <span class='ocrx_word' id='word_1_453' title='bbox 918 2006 1024 2030; x_wconf 84' lang='lat' dir='ltr'><strong>doceret</strong></span> <span class='ocrx_word' id='word_1_454' title='bbox 1043 2006 1075 2030; x_wconf 91' lang='lat' dir='ltr'><strong>de</strong></span> <span class='ocrx_word' id='word_1_455' title='bbox 1094 2012 1140 2029; x_wconf 82' lang='lat' dir='ltr'><strong>vsu</strong></span> <span class='ocrx_word' id='word_1_456' title='bbox 1155 2012 1240 2029; x_wconf 83' lang='lat' dir='ltr'><strong>sacra-</strong></span> 
     </span>
     <span class='ocr_line' id='line_1_53' title="bbox 255 2039 1239 2073; baseline -0.002 -9"><span class='ocrx_word' id='word_1_457' title='bbox 255 2044 418 2070; x_wconf 79' lang='lat' dir='ltr'><strong>mentorum,</strong></span> <span class='ocrx_word' id='word_1_458' title='bbox 437 2041 468 2064; x_wconf 89' lang='lat' dir='ltr'><strong>de</strong></span> <span class='ocrx_word' id='word_1_459' title='bbox 488 2042 586 2072; x_wconf 83' lang='lat' dir='ltr'><strong>gratia,</strong></span> <span class='ocrx_word' id='word_1_460' title='bbox 606 2045 632 2064; x_wconf 88' lang='lat' dir='ltr'><strong>et</strong></span> <span class='ocrx_word' id='word_1_461' title='bbox 650 2041 681 2065; x_wconf 92' lang='lat' dir='ltr'><strong>de</strong></span> <span class='ocrx_word' id='word_1_462' title='bbox 700 2041 775 2065; x_wconf 88' lang='lat' dir='ltr'><strong>bonis</strong></span> <span class='ocrx_word' id='word_1_463' title='bbox 801 2041 932 2073; x_wconf 85' lang='lat' dir='ltr'><strong>operibus.</strong></span> <span class='ocrx_word' id='word_1_464' title='bbox 969 2040 1064 2064; x_wconf 83' lang='lat' dir='ltr'><strong>&#39;rocies</strong></span> <span class='ocrx_word' id='word_1_465' title='bbox 1087 2039 1173 2064; x_wconf 49' lang='grc' dir='ltr'>ινδ-1811</span> <span class='ocrx_word' id='word_1_466' title='bbox 1198 2046 1239 2063; x_wconf 84' lang='grc'><strong>30-</strong></span> 
     </span>
     <span class='ocr_line' id='line_1_54' title="bbox 254 2074 1238 2107; baseline -0.001 -9"><span class='ocrx_word' id='word_1_467' title='bbox 254 2082 310 2099; x_wconf 91' lang='lat' dir='ltr'><strong>mus</strong></span> <span class='ocrx_word' id='word_1_468' title='bbox 339 2075 371 2098; x_wconf 86' lang='lat' dir='ltr'><strong>de</strong></span> <span class='ocrx_word' id='word_1_469' title='bbox 401 2074 451 2099; x_wconf 85' lang='grc'>1180</span> <span class='ocrx_word' id='word_1_470' title='bbox 478 2075 542 2104; x_wconf 81' lang='lat' dir='ltr'><strong>fide,</strong></span> <span class='ocrx_word' id='word_1_471' title='bbox 571 2076 602 2098; x_wconf 81' lang='lat' dir='ltr'><strong>de</strong></span> <span class='ocrx_word' id='word_1_472' title='bbox 625 2083 677 2106; x_wconf 80' lang='lat' dir='ltr'><strong>qua</strong></span> <span class='ocrx_word' id='word_1_473' title='bbox 702 2076 832 2107; x_wconf 89' lang='lat' dir='ltr'><strong>loquimur</strong></span> <span class='ocrx_word' id='word_1_474' title='bbox 857 2075 959 2107; x_wconf 82' lang='lat' dir='ltr'><strong>concipi</strong></span> <span class='ocrx_word' id='word_1_475' title='bbox 978 2075 1095 2106; x_wconf 87' lang='lat' dir='ltr'><strong>spiritum</strong></span> <span class='ocrx_word' id='word_1_476' title='bbox 1113 2078 1238 2098; x_wconf 86' lang='lat' dir='ltr'><strong>sanctum.</strong></span> 
     </span>
     <span class='ocr_line' id='line_1_55' title="bbox 254 2108 1239 2141; baseline -0.002 -8"><span class='ocrx_word' id='word_1_477' title='bbox 254 2109 421 2140; x_wconf 68' lang='lat' dir='ltr'><strong>Dignitatem</strong></span> <span class='ocrx_word' id='word_1_478' title='bbox 441 2114 663 2133; x_wconf 81' lang='lat' dir='ltr'><strong>sacramentorum</strong></span> <span class='ocrx_word' id='word_1_479' title='bbox 683 2110 801 2134; x_wconf 72' lang='lat' dir='ltr'><strong>unximus</strong></span> <span class='ocrx_word' id='word_1_480' title='bbox 822 2110 914 2139; x_wconf 83' lang='grc'>0118111,</span> <span class='ocrx_word' id='word_1_481' title='bbox 939 2110 1001 2141; x_wconf 77' lang='lat' dir='ltr'><strong>qnia</strong></span> <span class='ocrx_word' id='word_1_482' title='bbox 1025 2117 1098 2134; x_wconf 80' lang='lat' dir='ltr'><strong>vsum</strong></span> <span class='ocrx_word' id='word_1_483' title='bbox 1123 2108 1239 2133; x_wconf 86' lang='lat' dir='ltr'><strong>ostendi-</strong></span> 
     </span>
     <span class='ocr_line' id='line_1_56' title="bbox 255 2144 1240 2174; baseline -0.001 -7"><span class='ocrx_word' id='word_1_484' title='bbox 255 2151 324 2172; x_wconf 81' lang='lat' dir='ltr'><strong>mus,</strong></span> <span class='ocrx_word' id='word_1_485' title='bbox 343 2144 386 2174; x_wconf 90' lang='lat' dir='ltr'><strong>qui</strong></span> <span class='ocrx_word' id='word_1_486' title='bbox 413 2148 490 2167; x_wconf 87' lang='grc'>80108</span> <span class='ocrx_word' id='word_1_487' title='bbox 513 2145 694 2174; x_wconf 75' lang='lat' dir='ltr'><strong>ignorabatur,</strong></span> <span class='ocrx_word' id='word_1_488' title='bbox 720 2151 776 2167; x_wconf 90' lang='lat' dir='ltr'><strong>cum</strong></span> <span class='ocrx_word' id='word_1_489' title='bbox 804 2144 954 2168; x_wconf 68' lang='lat' dir='ltr'><strong>scholastici</strong></span> <span class='ocrx_word' id='word_1_490' title='bbox 982 2144 1090 2167; x_wconf 76' lang='lat' dir='ltr'><strong>sceleste</strong></span> <span class='ocrx_word' id='word_1_491' title='bbox 1115 2144 1240 2167; x_wconf 80' lang='lat' dir='ltr'><strong>docerent</strong></span> 
     </span>
     <span class='ocr_line' id='line_1_57' title="bbox 256 2174 1240 2209; baseline -0.001 -8"><span class='ocrx_word' id='word_1_492' title='bbox 256 2183 416 2202; x_wconf 74' lang='lat' dir='ltr'><strong>sacramenta</strong></span> <span class='ocrx_word' id='word_1_493' title='bbox 435 2185 466 2201; x_wconf 84' lang='lat' dir='ltr'><strong>ex</strong></span> <span class='ocrx_word' id='word_1_494' title='bbox 487 2185 565 2209; x_wconf 83' lang='lat' dir='ltr'><strong>opere</strong></span> <span class='ocrx_word' id='word_1_495' title='bbox 589 2183 712 2209; x_wconf 81' lang='lat' dir='ltr'><strong>operato,</strong></span> <span class='ocrx_word' id='word_1_496' title='bbox 735 2180 793 2202; x_wconf 85' lang='lat' dir='ltr'><strong>sino</strong></span> <span class='ocrx_word' id='word_1_497' title='bbox 812 2179 880 2202; x_wconf 90' lang='lat' dir='ltr'><strong>bono</strong></span> <span class='ocrx_word' id='word_1_498' title='bbox 905 2182 976 2202; x_wconf 81' lang='lat' dir='ltr'><strong>motu</strong></span> <span class='ocrx_word' id='word_1_499' title='bbox 1000 2180 1095 2203; x_wconf 84' lang='lat' dir='ltr'><strong>vtentis</strong></span> <span class='ocrx_word' id='word_1_500' title='bbox 1120 2174 1240 2202; x_wconf 77' lang='lat' dir='ltr'><strong>conferre</strong></span> 
     </span>
     <span class='ocr_line' id='line_1_58' title="bbox 256 2212 1239 2244; baseline 0 -9"><span class='ocrx_word' id='word_1_501' title='bbox 256 2214 374 2244; x_wconf 75' lang='grc'>31811801.</span> <span class='ocrx_word' id='word_1_502' title='bbox 413 2212 502 2236; x_wconf 80' lang='lat' dir='ltr'><strong>Nostri</strong></span> <span class='ocrx_word' id='word_1_503' title='bbox 522 2213 617 2236; x_wconf 88' lang='lat' dir='ltr'><strong>docent</strong></span> <span class='ocrx_word' id='word_1_504' title='bbox 636 2213 740 2236; x_wconf 85' lang='lat' dir='ltr'><strong>verbum</strong></span> <span class='ocrx_word' id='word_1_505' title='bbox 759 2217 785 2236; x_wconf 87' lang='lat' dir='ltr'><strong>et</strong></span> <span class='ocrx_word' id='word_1_506' title='bbox 803 2217 966 2237; x_wconf 74' lang='lat' dir='ltr'><strong>suc-ramenta</strong></span> <span class='ocrx_word' id='word_1_507' title='bbox 984 2213 1155 2237; x_wconf 77' lang='lat' dir='ltr'><strong>instrumenta</strong></span> <span class='ocrx_word' id='word_1_508' title='bbox 1174 2219 1239 2241; x_wconf 87' lang='lat' dir='ltr'><strong>esse,</strong></span> 
     </span>
     <span class='ocr_line' id='line_1_59' title="bbox 256 2247 1239 2279; baseline 0 -10"><span class='ocrx_word' id='word_1_509' title='bbox 256 2253 301 2279; x_wconf 83' lang='lat' dir='ltr'><strong>per</strong></span> <span class='ocrx_word' id='word_1_510' title='bbox 320 2253 386 2278; x_wconf 78' lang='lat' dir='ltr'><strong>quac</strong></span> <span class='ocrx_word' id='word_1_511' title='bbox 406 2251 511 2271; x_wconf 81' lang='grc'>11100081</span> <span class='ocrx_word' id='word_1_512' title='bbox 528 2247 599 2271; x_wconf 78' lang='lat' dir='ltr'><strong>Deus</strong></span> <span class='ocrx_word' id='word_1_513' title='bbox 618 2248 698 2270; x_wconf 80' lang='lat' dir='ltr'><strong>corda</strong></span> <span class='ocrx_word' id='word_1_514' title='bbox 717 2247 749 2271; x_wconf 77' lang='lat' dir='ltr'><strong>nd</strong></span> <span class='ocrx_word' id='word_1_515' title='bbox 769 2248 942 2277; x_wconf 86' lang='lat' dir='ltr'><strong>credendum,</strong></span> <span class='ocrx_word' id='word_1_516' title='bbox 962 2254 1007 2279; x_wconf 88' lang='lat' dir='ltr'><strong>per</strong></span> <span class='ocrx_word' id='word_1_517' title='bbox 1025 2255 1090 2278; x_wconf 78' lang='lat' dir='ltr'><strong>qnae</strong></span> <span class='ocrx_word' id='word_1_518' title='bbox 1109 2248 1194 2277; x_wconf 81' lang='lat' dir='ltr'><strong>erigit,</strong></span> <span class='ocrx_word' id='word_1_519' title='bbox 1213 2250 1239 2269; x_wconf 86' lang='lat' dir='ltr'><strong>et</strong></span> 
     </span>
     <span class='ocr_line' id='line_1_60' title="bbox 257 2280 1239 2313; baseline 0 -9"><span class='ocrx_word' id='word_1_520' title='bbox 257 2282 405 2305; x_wconf 69' lang='lat' dir='ltr'><strong>consolatur</strong></span> <span class='ocrx_word' id='word_1_521' title='bbox 433 2282 540 2313; x_wconf 78' lang='lat' dir='ltr'><strong>pauidas</strong></span> <span class='ocrx_word' id='word_1_522' title='bbox 569 2282 751 2306; x_wconf 80' lang='lat' dir='ltr'><strong>conscientias.</strong></span> <span class='ocrx_word' id='word_1_523' title='bbox 798 2281 854 2305; x_wconf 81' lang='lat' dir='ltr'><strong>Hoc</strong></span> <span class='ocrx_word' id='word_1_524' title='bbox 890 2282 1042 2305; x_wconf 77' lang='lat' dir='ltr'><strong>beneficium</strong></span> <span class='ocrx_word' id='word_1_525' title='bbox 1074 2280 1239 2305; x_wconf 73' lang='lat' dir='ltr'><strong>commendat</strong></span> 
     </span>
     <span class='ocr_line' id='line_1_61' title="bbox 256 2315 1237 2348; baseline -0.001 -9"><span class='ocrx_word' id='word_1_526' title='bbox 256 2323 328 2339; x_wconf 78' lang='lat' dir='ltr'><strong>vsnm</strong></span> <span class='ocrx_word' id='word_1_527' title='bbox 348 2321 576 2339; x_wconf 74' lang='lat' dir='ltr'><strong>sacramentorum.</strong></span> <span class='ocrx_word' id='word_1_528' title='bbox 613 2315 750 2347; x_wconf 73' lang='lat' dir='ltr'><strong>Nunquam</strong></span> <span class='ocrx_word' id='word_1_529' title='bbox 771 2316 802 2340; x_wconf 79' lang='lat' dir='ltr'><strong>de</strong></span> <span class='ocrx_word' id='word_1_530' title='bbox 821 2316 872 2339; x_wconf 77' lang='lat' dir='ltr'><strong>fido</strong></span> <span class='ocrx_word' id='word_1_531' title='bbox 892 2317 988 2340; x_wconf 89' lang='lat' dir='ltr'><strong>dictum</strong></span> <span class='ocrx_word' id='word_1_532' title='bbox 1009 2320 1063 2345; x_wconf 80' lang='lat' dir='ltr'><strong>est,</strong></span> <span class='ocrx_word' id='word_1_533' title='bbox 1081 2316 1142 2348; x_wconf 91' lang='lat' dir='ltr'><strong>quin</strong></span> <span class='ocrx_word' id='word_1_534' title='bbox 1162 2315 1237 2339; x_wconf 88' lang='lat' dir='ltr'><strong>simul</strong></span> 
     </span>
     <span class='ocr_line' id='line_1_62' title="bbox 257 2350 1237 2381; baseline -0.001 -8"><span class='ocrx_word' id='word_1_535' title='bbox 257 2351 413 2374; x_wconf 66' lang='lat' dir='ltr'><strong>docerentur</strong></span> <span class='ocrx_word' id='word_1_536' title='bbox 431 2350 565 2380; x_wconf 82' lang='lat' dir='ltr'><strong>homines,</strong></span> <span class='ocrx_word' id='word_1_537' title='bbox 585 2350 652 2374; x_wconf 82' lang='grc'>110118</span> <span class='ocrx_word' id='word_1_538' title='bbox 671 2357 750 2381; x_wconf 79' lang='lat' dir='ltr'><strong>opem</strong></span> <span class='ocrx_word' id='word_1_539' title='bbox 769 2352 916 2374; x_wconf 77' lang='lat' dir='ltr'><strong>necessario</strong></span> <span class='ocrx_word' id='word_1_540' title='bbox 936 2351 1058 2374; x_wconf 78' lang='lat' dir='ltr'><strong>facienda</strong></span> <span class='ocrx_word' id='word_1_541' title='bbox 1077 2358 1142 2379; x_wconf 78' lang='lat' dir='ltr'><strong>esse,</strong></span> <span class='ocrx_word' id='word_1_542' title='bbox 1161 2356 1237 2381; x_wconf 80' lang='lat' dir='ltr'><strong>opor-</strong></span> 
     </span>
     <span class='ocr_line' id='line_1_63' title="bbox 257 2384 1237 2415; baseline 0 -8"><span class='ocrx_word' id='word_1_543' title='bbox 257 2389 311 2408; x_wconf 84' lang='lat' dir='ltr'><strong>tere</strong></span> <span class='ocrx_word' id='word_1_544' title='bbox 337 2385 412 2408; x_wconf 80' lang='lat' dir='ltr'><strong>fldem</strong></span> <span class='ocrx_word' id='word_1_545' title='bbox 438 2384 569 2408; x_wconf 68' lang='lat' dir='ltr'><strong>efficacem</strong></span> <span class='ocrx_word' id='word_1_546' title='bbox 589 2391 645 2408; x_wconf 83' lang='lat' dir='ltr'><strong>esse</strong></span> <span class='ocrx_word' id='word_1_547' title='bbox 665 2391 710 2415; x_wconf 79' lang='lat' dir='ltr'><strong>per</strong></span> <span class='ocrx_word' id='word_1_548' title='bbox 728 2386 871 2413; x_wconf 75' lang='grc'>0811101010,</span> <span class='ocrx_word' id='word_1_549' title='bbox 890 2386 990 2408; x_wconf 73' lang='lat' dir='ltr'><strong>tumet-i</strong></span> <span class='ocrx_word' id='word_1_550' title='bbox 1010 2385 1176 2409; x_wconf 69' lang='lat' dir='ltr'><strong>senciendum</strong></span> <span class='ocrx_word' id='word_1_551' title='bbox 1196 2384 1237 2413; x_wconf 90' lang='lat' dir='ltr'><strong>sit,</strong></span> 
     </span>
     <span class='ocr_line' id='line_1_64' title="bbox 258 2419 1238 2451; baseline 0 -10"><span class='ocrx_word' id='word_1_552' title='bbox 258 2419 327 2450; x_wconf 80' lang='lat' dir='ltr'><strong>quod</strong></span> <span class='ocrx_word' id='word_1_553' title='bbox 347 2424 453 2450; x_wconf 79' lang='lat' dir='ltr'><strong>propter</strong></span> <span class='ocrx_word' id='word_1_554' title='bbox 471 2419 600 2443; x_wconf 62' lang='lat' dir='ltr'><strong>Christum</strong></span> <span class='ocrx_word' id='word_1_555' title='bbox 619 2419 758 2443; x_wconf 83' lang='lat' dir='ltr'><strong>hahenrnns</strong></span> <span class='ocrx_word' id='word_1_556' title='bbox 778 2419 906 2451; x_wconf 75' lang='lat' dir='ltr'><strong>placatum</strong></span> <span class='ocrx_word' id='word_1_557' title='bbox 932 2419 1031 2447; x_wconf 83' lang='lat' dir='ltr'><strong>Deum,</strong></span> <span class='ocrx_word' id='word_1_558' title='bbox 1056 2426 1109 2442; x_wconf 86' lang='lat' dir='ltr'><strong>non</strong></span> <span class='ocrx_word' id='word_1_559' title='bbox 1134 2422 1238 2449; x_wconf 78' lang='lat' dir='ltr'><strong>propter</strong></span> 
     </span>
     <span class='ocr_line' id='line_1_65' title="bbox 257 2452 1236 2485; baseline -0.001 -8"><span class='ocrx_word' id='word_1_560' title='bbox 257 2458 347 2477; x_wconf 74' lang='lat' dir='ltr'><strong>nostru</strong></span> <span class='ocrx_word' id='word_1_561' title='bbox 372 2461 458 2484; x_wconf 63' lang='lat' dir='ltr'><strong>operm.</strong></span> <span class='ocrx_word' id='word_1_562' title='bbox 502 2454 593 2485; x_wconf 73' lang='lat' dir='ltr'><strong>Itaque</strong></span> <span class='ocrx_word' id='word_1_563' title='bbox 618 2454 745 2485; x_wconf 73' lang='lat' dir='ltr'><strong>purticnln</strong></span> <span class='ocrx_word' id='word_1_564' title='bbox 769 2454 825 2477; x_wconf 76' lang='lat' dir='ltr'><strong>solu</strong></span> <span class='ocrx_word' id='word_1_565' title='bbox 849 2461 901 2478; x_wconf 85' lang='lat' dir='ltr'><strong>non</strong></span> <span class='ocrx_word' id='word_1_566' title='bbox 928 2454 1043 2477; x_wconf 77' lang='lat' dir='ltr'><strong>excludit</strong></span> <span class='ocrx_word' id='word_1_567' title='bbox 1067 2453 1133 2483; x_wconf 68' lang='lat' dir='ltr'><strong>(sul.</strong></span> <span class='ocrx_word' id='word_1_568' title='bbox 1153 2461 1169 2477; x_wconf 92' lang='lat' dir='ltr'><strong>n</strong></span> <span class='ocrx_word' id='word_1_569' title='bbox 1191 2452 1236 2485; x_wconf 64' lang='grc' dir='ltr'><strong>ΙΙ)</strong></span> 
     </span>
     <span class='ocr_line' id='line_1_66' title="bbox 258 2487 1236 2520; baseline -0.001 -9"><span class='ocrx_word' id='word_1_570' title='bbox 258 2489 381 2519; x_wconf 66' lang='lat' dir='ltr'><strong>gratiam.</strong></span> <span class='ocrx_word' id='word_1_571' title='bbox 402 2493 445 2511; x_wconf 88' lang='lat' dir='ltr'><strong>nut</strong></span> <span class='ocrx_word' id='word_1_572' title='bbox 463 2489 580 2520; x_wconf 77' lang='lat' dir='ltr'><strong>spiritum</strong></span> <span class='ocrx_word' id='word_1_573' title='bbox 600 2493 727 2518; x_wconf 77' lang='lat' dir='ltr'><strong>sanetum,</strong></span> <span class='ocrx_word' id='word_1_574' title='bbox 744 2492 789 2512; x_wconf 83' lang='grc'>8111</span> <span class='ocrx_word' id='word_1_575' title='bbox 799 2492 963 2512; x_wconf 73' lang='lat' dir='ltr'><strong>sacramenta</strong></span> <span class='ocrx_word' id='word_1_576' title='bbox 981 2493 1022 2511; x_wconf 80' lang='lat' dir='ltr'><strong>nut</strong></span> <span class='ocrx_word' id='word_1_577' title='bbox 1043 2488 1156 2516; x_wconf 79' lang='lat' dir='ltr'><strong>verbum,</strong></span> <span class='ocrx_word' id='word_1_578' title='bbox 1171 2487 1236 2511; x_wconf 75' lang='lat' dir='ltr'><strong>Num</strong></span> 
     </span>
     <span class='ocr_line' id='line_1_67' title="bbox 258 2522 1237 2555; baseline 0 -10"><span class='ocrx_word' id='word_1_579' title='bbox 258 2529 304 2554; x_wconf 76' lang='lat' dir='ltr'><strong>por</strong></span> <span class='ocrx_word' id='word_1_580' title='bbox 324 2523 428 2546; x_wconf 79' lang='lat' dir='ltr'><strong>verbnm</strong></span> <span class='ocrx_word' id='word_1_581' title='bbox 448 2528 473 2546; x_wconf 69' lang='lat' dir='ltr'><strong>ct</strong></span> <span class='ocrx_word' id='word_1_582' title='bbox 492 2526 652 2547; x_wconf 72' lang='lat' dir='ltr'><strong>sacramento</strong></span> <span class='ocrx_word' id='word_1_583' title='bbox 671 2527 757 2546; x_wconf 73' lang='lat' dir='ltr'><strong>monet</strong></span> <span class='ocrx_word' id='word_1_584' title='bbox 776 2523 881 2555; x_wconf 82' lang='lat' dir='ltr'><strong>spiritns</strong></span> <span class='ocrx_word' id='word_1_585' title='bbox 901 2527 1003 2546; x_wconf 77' lang='lat' dir='ltr'><strong>sanctus</strong></span> <span class='ocrx_word' id='word_1_586' title='bbox 1028 2523 1109 2546; x_wconf 65' lang='lat' dir='ltr'><strong>cordo</strong></span> <span class='ocrx_word' id='word_1_587' title='bbox 1131 2522 1163 2546; x_wconf 75' lang='lat' dir='ltr'><strong>nd</strong></span> <span class='ocrx_word' id='word_1_588' title='bbox 1182 2528 1237 2545; x_wconf 84' lang='lat' dir='ltr'><strong>ere-</strong></span> 
     </span>
     <span class='ocr_line' id='line_1_68' title="bbox 259 2557 1237 2589; baseline -0.001 -9"><span class='ocrx_word' id='word_1_589' title='bbox 259 2557 385 2585; x_wconf 80' lang='lat' dir='ltr'><strong>dendum,</strong></span> <span class='ocrx_word' id='word_1_590' title='bbox 414 2558 458 2580; x_wconf 71' lang='lat' dir='ltr'><strong>ned</strong></span> <span class='ocrx_word' id='word_1_591' title='bbox 493 2558 606 2581; x_wconf 79' lang='lat' dir='ltr'><strong>excludit</strong></span> <span class='ocrx_word' id='word_1_592' title='bbox 634 2558 749 2581; x_wconf 75' lang='lat' dir='ltr'><strong>moritum</strong></span> <span class='ocrx_word' id='word_1_593' title='bbox 777 2564 882 2589; x_wconf 80' lang='lat' dir='ltr'><strong>operum</strong></span> <span class='ocrx_word' id='word_1_594' title='bbox 913 2562 1076 2584; x_wconf 76' lang='lat' dir='ltr'><strong>nostrorum,</strong></span> <span class='ocrx_word' id='word_1_595' title='bbox 1105 2561 1130 2580; x_wconf 79' lang='lat' dir='ltr'><strong>ot</strong></span> <span class='ocrx_word' id='word_1_596' title='bbox 1158 2560 1237 2587; x_wconf 75' lang='lat' dir='ltr'><strong>negat</strong></span> 
     </span>
     <span class='ocr_line' id='line_1_69' title="bbox 260 2592 1236 2624; baseline -0.001 -10"><span class='ocrx_word' id='word_1_597' title='bbox 260 2597 340 2622; x_wconf 74' lang='lat' dir='ltr'><strong>opera</strong></span> <span class='ocrx_word' id='word_1_598' title='bbox 367 2596 454 2614; x_wconf 73' lang='lat' dir='ltr'><strong>nosvra</strong></span> <span class='ocrx_word' id='word_1_599' title='bbox 482 2594 595 2623; x_wconf 74' lang='lat' dir='ltr'><strong>precium</strong></span> <span class='ocrx_word' id='word_1_600' title='bbox 623 2600 693 2621; x_wconf 78' lang='lat' dir='ltr'><strong>esse,</strong></span> <span class='ocrx_word' id='word_1_601' title='bbox 721 2599 765 2615; x_wconf 81' lang='lat' dir='ltr'><strong>seu</strong></span> <span class='ocrx_word' id='word_1_602' title='bbox 791 2592 1004 2624; x_wconf 70' lang='lat' dir='ltr'><strong>propiciationem</strong></span> <span class='ocrx_word' id='word_1_603' title='bbox 1030 2596 1135 2623; x_wconf 87' lang='lat' dir='ltr'><strong>propter</strong></span> <span class='ocrx_word' id='word_1_604' title='bbox 1162 2598 1236 2622; x_wconf 74' lang='lat' dir='ltr'><strong>quum</strong></span> 
     </span>
     <span class='ocr_line' id='line_1_70' title="bbox 261 2624 1237 2658; baseline -0.001 -9"><span class='ocrx_word' id='word_1_605' title='bbox 261 2624 330 2649; x_wconf 85' lang='lat' dir='ltr'><strong>Deus</strong></span> <span class='ocrx_word' id='word_1_606' title='bbox 358 2627 544 2650; x_wconf 70' lang='lat' dir='ltr'><strong>reconcilietur.</strong></span> <span class='ocrx_word' id='word_1_607' title='bbox 589 2626 771 2658; x_wconf 72' lang='lat' dir='ltr'><strong>significamus</strong></span> <span class='ocrx_word' id='word_1_608' title='bbox 799 2627 867 2651; x_wconf 86' lang='lat' dir='ltr'><strong>enlm</strong></span> <span class='ocrx_word' id='word_1_609' title='bbox 895 2627 963 2657; x_wconf 86' lang='lat' dir='ltr'><strong>quod</strong></span> <span class='ocrx_word' id='word_1_610' title='bbox 991 2625 1040 2650; x_wconf 76' lang='lat' dir='ltr'><strong>tide</strong></span> <span class='ocrx_word' id='word_1_611' title='bbox 1068 2625 1237 2649; x_wconf 79' lang='lat' dir='ltr'><strong>institiccntur</strong></span> 
     </span>
    </p>
   </div>
   <div class='ocr_carea' id='block_1_5' title="bbox 712 161 1840 222">
    <p class='ocr_par' dir='ltr' id='par_1_5' title="bbox 712 161 1840 222">
     <span class='ocr_line' id='line_1_71' title="bbox 712 161 1840 222; baseline 0.001 -27"><span class='ocrx_word' id='word_1_612' title='bbox 712 162 830 197; x_wconf 55' lang='lat' dir='ltr'><strong>vnn„</strong></span> <span class='ocrx_word' id='word_1_613' title='bbox 851 162 956 196; x_wconf 76' lang='lat' dir='ltr'><strong>MEL.</strong></span> <span class='ocrx_word' id='word_1_614' title='bbox 979 161 1168 222; x_wconf 62' lang='lat' dir='ltr'><strong>sonn&#39;fA</strong></span> <span class='ocrx_word' id='word_1_615' title='bbox 1189 161 1458 196; x_wconf 71' lang='lat' dir='ltr'>DOGMATICA</span> <span class='ocrx_word' id='word_1_616' title='bbox 1478 162 1536 196; x_wconf 82' lang='lat' dir='ltr'><strong>ET</strong></span> <span class='ocrx_word' id='word_1_617' title='bbox 1557 162 1840 196; x_wconf 53' lang='lat' dir='ltr'><strong>SYMBOme</strong></span> 
     </span>
    </p>
   </div>
   <div class='ocr_carea' id='block_1_6' title="bbox 1268 258 1275 427">
    <p class='ocr_par' dir='ltr' id='par_1_6' title="bbox 1268 258 1275 427">
     <span class='ocr_line' id='line_1_72' title="bbox 1268 258 1275 427; baseline 0 0"><span class='ocrx_word' id='word_1_618' title='bbox 1268 258 1275 427; x_wconf 95' lang='lat' dir='ltr'><strong> </strong></span> 
     </span>
    </p>
   </div>
   <div class='ocr_carea' id='block_1_7' title="bbox 1266 577 1273 758">
    <p class='ocr_par' dir='ltr' id='par_1_7' title="bbox 1266 428 1274 905">
     <span class='ocr_line' id='line_1_73' title="bbox 1266 577 1273 758; baseline 0 147"><span class='ocrx_word' id='word_1_619' title='bbox 1266 577 1273 758; x_wconf 77' lang='lat'><strong>¹</strong></span> 
     </span>
    </p>
   </div>
   <div class='ocr_carea' id='block_1_8' title="bbox 2212 167 2278 199">
    <p class='ocr_par' dir='ltr' id='par_1_8' title="bbox 2212 167 2278 199">
     <span class='ocr_line' id='line_1_74' title="bbox 2212 167 2278 199; baseline 0 0"><span class='ocrx_word' id='word_1_620' title='bbox 2212 167 2278 199; x_wconf 75' lang='lat'><strong>4¹72</strong></span> 
     </span>
    </p>
   </div>
   <div class='ocr_carea' id='block_1_9' title="bbox 1297 245 2277 358">
    <p class='ocr_par' dir='ltr' id='par_1_9' title="bbox 1297 245 2277 358">
     <span class='ocr_line' id='line_1_75' title="bbox 1298 245 2277 293; baseline 0.005 -12"><span class='ocrx_word' id='word_1_621' title='bbox 1298 258 1415 282; x_wconf 84' lang='lat' dir='ltr'><strong>homines</strong></span> <span class='ocrx_word' id='word_1_622' title='bbox 1433 262 1541 290; x_wconf 83' lang='lat' dir='ltr'><strong>propter</strong></span> <span class='ocrx_word' id='word_1_623' title='bbox 1559 245 1706 289; x_wconf 82' lang='lat' dir='ltr'><strong>Christum,</strong></span> <span class='ocrx_word' id='word_1_624' title='bbox 1723 265 1777 283; x_wconf 88' lang='lat' dir='ltr'><strong>non</strong></span> <span class='ocrx_word' id='word_1_625' title='bbox 1801 263 1908 291; x_wconf 83' lang='lat' dir='ltr'><strong>propter</strong></span> <span class='ocrx_word' id='word_1_626' title='bbox 1929 260 2037 291; x_wconf 69' lang='lat' dir='ltr'><strong>merito,</strong></span> <span class='ocrx_word' id='word_1_627' title='bbox 2060 265 2106 285; x_wconf 78' lang='grc'>8111</span> <span class='ocrx_word' id='word_1_628' title='bbox 2127 268 2208 293; x_wconf 76' lang='lat' dir='ltr'><strong>opera</strong></span> <span class='ocrx_word' id='word_1_629' title='bbox 2229 261 2277 286; x_wconf 84' lang='grc'>1111·</span> 
     </span>
     <span class='ocr_line' id='line_1_76' title="bbox 1297 292 2277 327; baseline 0.005 -11"><span class='ocrx_word' id='word_1_630' title='bbox 1297 299 1382 322; x_wconf 69' lang='lat' dir='ltr'><strong>mano,</strong></span> <span class='ocrx_word' id='word_1_631' title='bbox 1402 292 1516 316; x_wconf 86' lang='lat' dir='ltr'><strong>Proinde</strong></span> <span class='ocrx_word' id='word_1_632' title='bbox 1533 299 1567 316; x_wconf 84' lang='lat' dir='ltr'><strong>ne</strong></span> <span class='ocrx_word' id='word_1_633' title='bbox 1585 299 1667 324; x_wconf 77' lang='lat' dir='ltr'><strong>opera</strong></span> <span class='ocrx_word' id='word_1_634' title='bbox 1683 293 1788 325; x_wconf 78' lang='lat' dir='ltr'><strong>quidem</strong></span> <span class='ocrx_word' id='word_1_635' title='bbox 1807 293 1991 324; x_wconf 82' lang='lat' dir='ltr'><strong>excluduntur,</strong></span> <span class='ocrx_word' id='word_1_636' title='bbox 2009 294 2056 319; x_wconf 85' lang='lat' dir='ltr'><strong>sed</strong></span> <span class='ocrx_word' id='word_1_637' title='bbox 2073 295 2164 327; x_wconf 83' lang='lat' dir='ltr'><strong>opinio</strong></span> <span class='ocrx_word' id='word_1_638' title='bbox 2182 297 2277 326; x_wconf 75' lang='lat' dir='ltr'><strong>meriti,</strong></span> 
     </span>
     <span class='ocr_line' id='line_1_77' title="bbox 1297 327 1744 358; baseline 0.002 -8"><span class='ocrx_word' id='word_1_639' title='bbox 1297 333 1344 350; x_wconf 83' lang='lat' dir='ltr'><strong>seu</strong></span> <span class='ocrx_word' id='word_1_640' title='bbox 1361 327 1443 358; x_wconf 86' lang='lat' dir='ltr'><strong>precii</strong></span> <span class='ocrx_word' id='word_1_641' title='bbox 1461 333 1570 358; x_wconf 85' lang='lat' dir='ltr'><strong>operum</strong></span> <span class='ocrx_word' id='word_1_642' title='bbox 1588 327 1744 352; x_wconf 84' lang='lat' dir='ltr'><strong>excluditur.</strong></span> 
     </span>
    </p>
   </div>
   <div class='ocr_carea' id='block_1_10' title="bbox 1293 377 2280 1642">
    <p class='ocr_par' dir='ltr' id='par_1_10' title="bbox 1293 377 2280 1642">
     <span class='ocr_line' id='line_1_78' title="bbox 1365 377 2278 409; baseline 0.004 -8"><span class='ocrx_word' id='word_1_643' title='bbox 1365 377 1400 401; x_wconf 89' lang='lat' dir='ltr'><strong>Et</strong></span> <span class='ocrx_word' id='word_1_644' title='bbox 1417 377 1478 408; x_wconf 80' lang='lat' dir='ltr'><strong>quia</strong></span> <span class='ocrx_word' id='word_1_645' title='bbox 1496 377 1638 402; x_wconf 77' lang='lat' dir='ltr'><strong>aduersarii</strong></span> <span class='ocrx_word' id='word_1_646' title='bbox 1655 381 1753 409; x_wconf 77' lang='lat' dir='ltr'><strong>negant</strong></span> <span class='ocrx_word' id='word_1_647' title='bbox 1775 378 1845 402; x_wconf 88' lang='grc'>11800</span> <span class='ocrx_word' id='word_1_648' title='bbox 1869 378 2026 403; x_wconf 77' lang='lat' dir='ltr'><strong>exclusium</strong></span> <span class='ocrx_word' id='word_1_649' title='bbox 2051 383 2141 404; x_wconf 81' lang='lat' dir='ltr'><strong>extare</strong></span> <span class='ocrx_word' id='word_1_650' title='bbox 2164 381 2192 404; x_wconf 89' lang='lat' dir='ltr'><strong>iu</strong></span> <span class='ocrx_word' id='word_1_651' title='bbox 2217 380 2278 405; x_wconf 81' lang='lat' dir='ltr'><strong>sert-</strong></span> 
     </span>
     <span class='ocr_line' id='line_1_79' title="bbox 1298 412 2278 445; baseline 0.003 -10"><span class='ocrx_word' id='word_1_652' title='bbox 1298 412 1388 443; x_wconf 87' lang='lat' dir='ltr'><strong>pturis,</strong></span> <span class='ocrx_word' id='word_1_653' title='bbox 1406 416 1432 436; x_wconf 85' lang='lat' dir='ltr'><strong>et</strong></span> <span class='ocrx_word' id='word_1_654' title='bbox 1449 412 1578 443; x_wconf 77' lang='lat' dir='ltr'><strong>quaedam</strong></span> <span class='ocrx_word' id='word_1_655' title='bbox 1596 413 1745 437; x_wconf 86' lang='lat' dir='ltr'><strong>testimonia</strong></span> <span class='ocrx_word' id='word_1_656' title='bbox 1763 413 1895 437; x_wconf 82' lang='lat' dir='ltr'><strong>contraria</strong></span> <span class='ocrx_word' id='word_1_657' title='bbox 1913 414 2009 443; x_wconf 78' lang='lat' dir='ltr'><strong>citant,</strong></span> <span class='ocrx_word' id='word_1_658' title='bbox 2027 413 2175 445; x_wconf 83' lang='lat' dir='ltr'><strong>priusquam</strong></span> <span class='ocrx_word' id='word_1_659' title='bbox 2194 413 2278 439; x_wconf 86' lang='lat' dir='ltr'><strong>dilua-</strong></span> 
     </span>
     <span class='ocr_line' id='line_1_80' title="bbox 1298 446 2278 478; baseline 0.003 -9"><span class='ocrx_word' id='word_1_660' title='bbox 1298 453 1353 470; x_wconf 88' lang='lat' dir='ltr'><strong>mus</strong></span> <span class='ocrx_word' id='word_1_661' title='bbox 1372 446 1431 475; x_wconf 86' lang='lat' dir='ltr'><strong>illa,</strong></span> <span class='ocrx_word' id='word_1_662' title='bbox 1450 453 1517 478; x_wconf 85' lang='lat' dir='ltr'><strong>quae</strong></span> <span class='ocrx_word' id='word_1_663' title='bbox 1535 450 1708 478; x_wconf 87' lang='lat' dir='ltr'><strong>opponuntur,</strong></span> <span class='ocrx_word' id='word_1_664' title='bbox 1726 447 1890 471; x_wconf 82' lang='lat' dir='ltr'><strong>ostendemus</strong></span> <span class='ocrx_word' id='word_1_665' title='bbox 1908 446 1977 472; x_wconf 86' lang='lat' dir='ltr'><strong>hanc</strong></span> <span class='ocrx_word' id='word_1_666' title='bbox 2000 447 2159 472; x_wconf 84' lang='lat' dir='ltr'><strong>exclusiuam</strong></span> <span class='ocrx_word' id='word_1_667' title='bbox 2182 447 2278 473; x_wconf 72' lang='lat' dir='ltr'><strong>habere</strong></span> 
     </span>
     <span class='ocr_line' id='line_1_81' title="bbox 1298 480 2278 514; baseline 0.002 -10"><span class='ocrx_word' id='word_1_668' title='bbox 1298 481 1448 504; x_wconf 83' lang='lat' dir='ltr'><strong>testimonia</strong></span> <span class='ocrx_word' id='word_1_669' title='bbox 1465 481 1618 512; x_wconf 69' lang='lat' dir='ltr'><strong>scripturae.</strong></span> <span class='ocrx_word' id='word_1_670' title='bbox 1637 480 1721 512; x_wconf 87' lang='lat' dir='ltr'><strong>Ephe.</strong></span> <span class='ocrx_word' id='word_1_671' title='bbox 1741 480 1770 512; x_wconf 85' lang='lat' dir='ltr'><strong>ij.</strong></span> <span class='ocrx_word' id='word_1_672' title='bbox 1789 482 1874 512; x_wconf 82' lang='grc'>318118</span> <span class='ocrx_word' id='word_1_673' title='bbox 1891 482 1984 506; x_wconf 78' lang='lat' dir='ltr'><strong>salusti</strong></span> <span class='ocrx_word' id='word_1_674' title='bbox 2003 483 2064 506; x_wconf 84' lang='lat' dir='ltr'><strong>estis</strong></span> <span class='ocrx_word' id='word_1_675' title='bbox 2082 490 2127 514; x_wconf 91' lang='lat' dir='ltr'><strong>per</strong></span> <span class='ocrx_word' id='word_1_676' title='bbox 2144 481 2232 513; x_wconf 85' lang='lat' dir='ltr'><strong>fidem,</strong></span> <span class='ocrx_word' id='word_1_677' title='bbox 2251 486 2278 506; x_wconf 84' lang='lat' dir='ltr'><strong>et</strong></span> 
     </span>
     <span class='ocr_line' id='line_1_82' title="bbox 1297 514 2278 549; baseline 0.003 -11"><span class='ocrx_word' id='word_1_678' title='bbox 1297 514 1348 538; x_wconf 89' lang='lat' dir='ltr'><strong>hoc</strong></span> <span class='ocrx_word' id='word_1_679' title='bbox 1374 522 1425 538; x_wconf 90' lang='grc'>0011</span> <span class='ocrx_word' id='word_1_680' title='bbox 1452 522 1483 538; x_wconf 85' lang='lat' dir='ltr'><strong>ex</strong></span> <span class='ocrx_word' id='word_1_681' title='bbox 1507 515 1595 544; x_wconf 83' lang='lat' dir='ltr'><strong>vobis,</strong></span> <span class='ocrx_word' id='word_1_682' title='bbox 1619 514 1670 539; x_wconf 79' lang='lat' dir='ltr'><strong>Dei</strong></span> <span class='ocrx_word' id='word_1_683' title='bbox 1694 515 1791 540; x_wconf 91' lang='lat' dir='ltr'><strong>donum</strong></span> <span class='ocrx_word' id='word_1_684' title='bbox 1813 520 1865 545; x_wconf 89' lang='lat' dir='ltr'><strong>est,</strong></span> <span class='ocrx_word' id='word_1_685' title='bbox 1885 523 1938 540; x_wconf 91' lang='lat' dir='ltr'><strong>non</strong></span> <span class='ocrx_word' id='word_1_686' title='bbox 1956 523 1988 540; x_wconf 85' lang='lat' dir='ltr'><strong>ex</strong></span> <span class='ocrx_word' id='word_1_687' title='bbox 2007 517 2142 548; x_wconf 83' lang='lat' dir='ltr'><strong>operibus,</strong></span> <span class='ocrx_word' id='word_1_688' title='bbox 2168 524 2202 540; x_wconf 92' lang='lat' dir='ltr'><strong>ne</strong></span> <span class='ocrx_word' id='word_1_689' title='bbox 2220 517 2278 549; x_wconf 87' lang='lat' dir='ltr'><strong>quis</strong></span> 
     </span>
     <span class='ocr_line' id='line_1_83' title="bbox 1297 549 2278 582; baseline 0.003 -10"><span class='ocrx_word' id='word_1_690' title='bbox 1297 549 1434 580; x_wconf 82' lang='lat' dir='ltr'><strong>glorietur.</strong></span> <span class='ocrx_word' id='word_1_691' title='bbox 1474 549 1525 573; x_wconf 85' lang='lat' dir='ltr'><strong>Hic</strong></span> <span class='ocrx_word' id='word_1_692' title='bbox 1550 550 1619 574; x_wconf 87' lang='lat' dir='ltr'><strong>enim</strong></span> <span class='ocrx_word' id='word_1_693' title='bbox 1643 556 1691 580; x_wconf 92' lang='lat' dir='ltr'><strong>pro</strong></span> <span class='ocrx_word' id='word_1_694' title='bbox 1710 557 1761 572; x_wconf 82' lang='lat' dir='ltr'><strong>vna</strong></span> <span class='ocrx_word' id='word_1_695' title='bbox 1785 549 1919 574; x_wconf 82' lang='lat' dir='ltr'><strong>exclusiua</strong></span> <span class='ocrx_word' id='word_1_696' title='bbox 1944 551 2070 582; x_wconf 82' lang='lat' dir='ltr'><strong>particula</strong></span> <span class='ocrx_word' id='word_1_697' title='bbox 2092 551 2188 574; x_wconf 77' lang='lat' dir='ltr'><strong>multae</strong></span> <span class='ocrx_word' id='word_1_698' title='bbox 2212 551 2278 575; x_wconf 87' lang='lat' dir='ltr'><strong>reci-</strong></span> 
     </span>
     <span class='ocr_line' id='line_1_84' title="bbox 1297 583 2278 615; baseline 0.002 -8"><span class='ocrx_word' id='word_1_699' title='bbox 1297 587 1394 607; x_wconf 80' lang='lat' dir='ltr'><strong>tantur.</strong></span> <span class='ocrx_word' id='word_1_700' title='bbox 1430 583 1544 608; x_wconf 87' lang='lat' dir='ltr'><strong>Primum</strong></span> <span class='ocrx_word' id='word_1_701' title='bbox 1564 585 1616 614; x_wconf 79' lang='lat' dir='ltr'><strong>ait,</strong></span> <span class='ocrx_word' id='word_1_702' title='bbox 1635 583 1721 614; x_wconf 79' lang='grc'>318118</span> <span class='ocrx_word' id='word_1_703' title='bbox 1737 583 1830 608; x_wconf 76' lang='lat' dir='ltr'><strong>salusti</strong></span> <span class='ocrx_word' id='word_1_704' title='bbox 1850 585 1925 615; x_wconf 68' lang='lat' dir='ltr'><strong>estis,</strong></span> <span class='ocrx_word' id='word_1_705' title='bbox 1948 584 1998 608; x_wconf 88' lang='lat' dir='ltr'><strong>hoc</strong></span> <span class='ocrx_word' id='word_1_706' title='bbox 2017 589 2057 608; x_wconf 84' lang='lat' dir='ltr'><strong>est</strong></span> <span class='ocrx_word' id='word_1_707' title='bbox 2079 585 2161 615; x_wconf 75' lang='lat' dir='ltr'><strong>gratis</strong></span> <span class='ocrx_word' id='word_1_708' title='bbox 2184 585 2278 609; x_wconf 72' lang='lat' dir='ltr'><strong>salusti</strong></span> 
     </span>
     <span class='ocr_line' id='line_1_85' title="bbox 1296 617 2277 651; baseline 0.001 -10"><span class='ocrx_word' id='word_1_709' title='bbox 1296 618 1367 647; x_wconf 86' lang='lat' dir='ltr'><strong>estis,</strong></span> <span class='ocrx_word' id='word_1_710' title='bbox 1385 625 1464 649; x_wconf 87' lang='lat' dir='ltr'><strong>porro</strong></span> <span class='ocrx_word' id='word_1_711' title='bbox 1483 617 1609 649; x_wconf 79' lang='lat' dir='ltr'><strong>particula</strong></span> <span class='ocrx_word' id='word_1_712' title='bbox 1627 619 1712 648; x_wconf 79' lang='lat' dir='ltr'><strong>gratia</strong></span> <span class='ocrx_word' id='word_1_713' title='bbox 1729 624 1775 641; x_wconf 86' lang='lat' dir='ltr'><strong>seu</strong></span> <span class='ocrx_word' id='word_1_714' title='bbox 1792 619 1874 649; x_wconf 88' lang='lat' dir='ltr'><strong>gratis</strong></span> <span class='ocrx_word' id='word_1_715' title='bbox 1893 618 2010 642; x_wconf 83' lang='lat' dir='ltr'><strong>excludit</strong></span> <span class='ocrx_word' id='word_1_716' title='bbox 2028 619 2157 647; x_wconf 87' lang='lat' dir='ltr'><strong>meritum,</strong></span> <span class='ocrx_word' id='word_1_717' title='bbox 2167 625 2277 651; x_wconf 83' lang='lat' dir='ltr'><strong>sequun-</strong></span> 
     </span>
     <span class='ocr_line' id='line_1_86' title="bbox 1297 651 2277 684; baseline 0.002 -9"><span class='ocrx_word' id='word_1_718' title='bbox 1297 657 1338 675; x_wconf 91' lang='lat' dir='ltr'><strong>tur</strong></span> <span class='ocrx_word' id='word_1_719' title='bbox 1356 652 1383 675; x_wconf 92' lang='lat' dir='ltr'><strong>in</strong></span> <span class='ocrx_word' id='word_1_720' title='bbox 1402 651 1509 676; x_wconf 83' lang='lat' dir='ltr'><strong>eandem</strong></span> <span class='ocrx_word' id='word_1_721' title='bbox 1528 653 1687 676; x_wconf 82' lang='lat' dir='ltr'><strong>sentenciam</strong></span> <span class='ocrx_word' id='word_1_722' title='bbox 1705 652 1802 676; x_wconf 85' lang='lat' dir='ltr'><strong>similes</strong></span> <span class='ocrx_word' id='word_1_723' title='bbox 1820 657 1933 683; x_wconf 78' lang='lat' dir='ltr'><strong>quatuor</strong></span> <span class='ocrx_word' id='word_1_724' title='bbox 1949 653 2102 684; x_wconf 80' lang='lat' dir='ltr'><strong>particulae,</strong></span> <span class='ocrx_word' id='word_1_725' title='bbox 2121 657 2147 677; x_wconf 86' lang='lat' dir='ltr'><strong>et</strong></span> <span class='ocrx_word' id='word_1_726' title='bbox 2155 652 2206 677; x_wconf 83' lang='lat' dir='ltr'><strong>hoc</strong></span> <span class='ocrx_word' id='word_1_727' title='bbox 2224 660 2277 677; x_wconf 91' lang='lat' dir='ltr'><strong>nou</strong></span> 
     </span>
     <span class='ocr_line' id='line_1_87' title="bbox 1297 685 2277 719; baseline 0.002 -10"><span class='ocrx_word' id='word_1_728' title='bbox 1297 693 1329 709; x_wconf 87' lang='lat' dir='ltr'><strong>ex</strong></span> <span class='ocrx_word' id='word_1_729' title='bbox 1349 685 1433 710; x_wconf 88' lang='lat' dir='ltr'><strong>vobis.</strong></span> <span class='ocrx_word' id='word_1_730' title='bbox 1470 686 1535 710; x_wconf 87' lang='lat' dir='ltr'><strong>Item</strong></span> <span class='ocrx_word' id='word_1_731' title='bbox 1554 685 1603 710; x_wconf 88' lang='lat' dir='ltr'><strong>Dei</strong></span> <span class='ocrx_word' id='word_1_732' title='bbox 1623 686 1720 710; x_wconf 78' lang='lat' dir='ltr'><strong>(ionum</strong></span> <span class='ocrx_word' id='word_1_733' title='bbox 1739 690 1792 717; x_wconf 87' lang='lat' dir='ltr'><strong>est,</strong></span> <span class='ocrx_word' id='word_1_734' title='bbox 1815 685 1896 716; x_wconf 88' lang='lat' dir='ltr'><strong>Item,</strong></span> <span class='ocrx_word' id='word_1_735' title='bbox 1917 694 1970 711; x_wconf 89' lang='grc'>1100</span> <span class='ocrx_word' id='word_1_736' title='bbox 1990 694 2023 711; x_wconf 87' lang='lat' dir='ltr'><strong>ex</strong></span> <span class='ocrx_word' id='word_1_737' title='bbox 2045 687 2174 719; x_wconf 80' lang='lat' dir='ltr'><strong>operibus.</strong></span> <span class='ocrx_word' id='word_1_738' title='bbox 2212 686 2277 713; x_wconf 66' lang='lat' dir='ltr'><strong>Rem</strong></span> 
     </span>
     <span class='ocr_line' id='line_1_88' title="bbox 1295 719 2275 752; baseline 0.002 -9"><span class='ocrx_word' id='word_1_739' title='bbox 1295 727 1328 743; x_wconf 86' lang='lat' dir='ltr'><strong>ne</strong></span> <span class='ocrx_word' id='word_1_740' title='bbox 1347 721 1402 751; x_wconf 90' lang='lat' dir='ltr'><strong>quis</strong></span> <span class='ocrx_word' id='word_1_741' title='bbox 1421 720 1554 751; x_wconf 84' lang='lat' dir='ltr'><strong>glorietur.</strong></span> <span class='ocrx_word' id='word_1_742' title='bbox 1591 719 1660 749; x_wconf 87' lang='lat' dir='ltr'><strong>Quid</strong></span> <span class='ocrx_word' id='word_1_743' title='bbox 1679 724 1765 752; x_wconf 84' lang='lat' dir='ltr'><strong>potest-</strong></span> <span class='ocrx_word' id='word_1_744' title='bbox 1783 721 1834 745; x_wconf 88' lang='lat' dir='ltr'><strong>dici</strong></span> <span class='ocrx_word' id='word_1_745' title='bbox 1853 721 1945 744; x_wconf 87' lang='lat' dir='ltr'><strong>clarius</strong></span> <span class='ocrx_word' id='word_1_746' title='bbox 1963 721 1997 745; x_wconf 88' lang='lat' dir='ltr'><strong>ad</strong></span> <span class='ocrx_word' id='word_1_747' title='bbox 2015 722 2203 745; x_wconf 77' lang='lat' dir='ltr'><strong>excludendum</strong></span> <span class='ocrx_word' id='word_1_748' title='bbox 2223 729 2275 745; x_wconf 89' lang='lat' dir='ltr'><strong>me-</strong></span> 
     </span>
     <span class='ocr_line' id='line_1_89' title="bbox 1295 754 2277 787; baseline 0.002 -9"><span class='ocrx_word' id='word_1_749' title='bbox 1295 754 1338 778; x_wconf 84' lang='lat' dir='ltr'><strong>riti</strong></span> <span class='ocrx_word' id='word_1_750' title='bbox 1357 755 1515 786; x_wconf 83' lang='lat' dir='ltr'><strong>opinionem.</strong></span> <span class='ocrx_word' id='word_1_751' title='bbox 1552 754 1639 785; x_wconf 86' lang='lat' dir='ltr'><strong>Negat</strong></span> <span class='ocrx_word' id='word_1_752' title='bbox 1658 755 1724 779; x_wconf 86' lang='lat' dir='ltr'><strong>enim</strong></span> <span class='ocrx_word' id='word_1_753' title='bbox 1744 762 1776 778; x_wconf 87' lang='lat' dir='ltr'><strong>ex</strong></span> <span class='ocrx_word' id='word_1_754' title='bbox 1794 755 1886 785; x_wconf 83' lang='lat' dir='ltr'><strong>nobis,</strong></span> <span class='ocrx_word' id='word_1_755' title='bbox 1903 759 1950 779; x_wconf 83' lang='lat' dir='ltr'><strong>aut</strong></span> <span class='ocrx_word' id='word_1_756' title='bbox 1972 755 2094 787; x_wconf 84' lang='lat' dir='ltr'><strong>operibus</strong></span> <span class='ocrx_word' id='word_1_757' title='bbox 2113 762 2169 780; x_wconf 85' lang='lat' dir='ltr'><strong>esse</strong></span> <span class='ocrx_word' id='word_1_758' title='bbox 2186 755 2277 780; x_wconf 77' lang='lat' dir='ltr'><strong>instifi-</strong></span> 
     </span>
     <span class='ocr_line' id='line_1_90' title="bbox 1296 788 2277 819; baseline 0.003 -8"><span class='ocrx_word' id='word_1_759' title='bbox 1296 788 1434 818; x_wconf 86' lang='lat' dir='ltr'><strong>cationem,</strong></span> <span class='ocrx_word' id='word_1_760' title='bbox 1453 792 1562 813; x_wconf 81' lang='lat' dir='ltr'><strong>testatur</strong></span> <span class='ocrx_word' id='word_1_761' title='bbox 1581 790 1676 813; x_wconf 85' lang='lat' dir='ltr'><strong>donum</strong></span> <span class='ocrx_word' id='word_1_762' title='bbox 1696 796 1763 819; x_wconf 79' lang='lat' dir='ltr'><strong>esse,</strong></span> <span class='ocrx_word' id='word_1_763' title='bbox 1782 794 1808 813; x_wconf 83' lang='lat' dir='ltr'><strong>at</strong></span> <span class='ocrx_word' id='word_1_764' title='bbox 1827 790 1923 814; x_wconf 89' lang='lat' dir='ltr'><strong>donum</strong></span> <span class='ocrx_word' id='word_1_765' title='bbox 1949 790 2064 814; x_wconf 81' lang='lat' dir='ltr'><strong>excludit</strong></span> <span class='ocrx_word' id='word_1_766' title='bbox 2088 791 2188 814; x_wconf 68' lang='lat' dir='ltr'><strong>merita.</strong></span> <span class='ocrx_word' id='word_1_767' title='bbox 2225 790 2277 814; x_wconf 63' lang='lat' dir='ltr'><strong>Ve-v</strong></span> 
     </span>
     <span class='ocr_line' id='line_1_91' title="bbox 1295 822 2277 855; baseline 0.003 -10"><span class='ocrx_word' id='word_1_768' title='bbox 1295 826 1332 846; x_wconf 81' lang='lat' dir='ltr'><strong>tat</strong></span> <span class='ocrx_word' id='word_1_769' title='bbox 1349 822 1467 853; x_wconf 84' lang='lat' dir='ltr'><strong>gloriari,</strong></span> <span class='ocrx_word' id='word_1_770' title='bbox 1485 823 1535 846; x_wconf 89' lang='lat' dir='ltr'><strong>hoc</strong></span> <span class='ocrx_word' id='word_1_771' title='bbox 1555 828 1594 847; x_wconf 89' lang='lat' dir='ltr'><strong>est</strong></span> <span class='ocrx_word' id='word_1_772' title='bbox 1611 824 1723 853; x_wconf 84' lang='lat' dir='ltr'><strong>sentire,</strong></span> <span class='ocrx_word' id='word_1_773' title='bbox 1742 824 1811 855; x_wconf 86' lang='lat' dir='ltr'><strong>quod</strong></span> <span class='ocrx_word' id='word_1_774' title='bbox 1836 823 1961 847; x_wconf 78' lang='lat' dir='ltr'><strong>debeatur</strong></span> <span class='ocrx_word' id='word_1_775' title='bbox 1983 824 2077 848; x_wconf 86' lang='lat' dir='ltr'><strong>nostris</strong></span> <span class='ocrx_word' id='word_1_776' title='bbox 2100 825 2213 854; x_wconf 84' lang='lat' dir='ltr'><strong>meritis,</strong></span> <span class='ocrx_word' id='word_1_777' title='bbox 2231 831 2277 848; x_wconf 82' lang='grc'>3011</span> 
     </span>
     <span class='ocr_line' id='line_1_92' title="bbox 1295 856 2277 889; baseline 0.002 -9"><span class='ocrx_word' id='word_1_778' title='bbox 1295 856 1426 880; x_wconf 85' lang='lat' dir='ltr'><strong>confidere</strong></span> <span class='ocrx_word' id='word_1_779' title='bbox 1445 857 1540 881; x_wconf 84' lang='lat' dir='ltr'><strong>nostris</strong></span> <span class='ocrx_word' id='word_1_780' title='bbox 1559 858 1666 881; x_wconf 80' lang='lat' dir='ltr'><strong>meritis.</strong></span> <span class='ocrx_word' id='word_1_781' title='bbox 1686 857 1778 881; x_wconf 79' lang='lat' dir='ltr'><strong>Romu.</strong></span> <span class='ocrx_word' id='word_1_782' title='bbox 1796 857 1844 882; x_wconf 86' lang='lat' dir='ltr'><strong>XI.</strong></span> <span class='ocrx_word' id='word_1_783' title='bbox 1863 857 2001 889; x_wconf 76' lang='lat' dir='ltr'><strong>Reliquiae</strong></span> <span class='ocrx_word' id='word_1_784' title='bbox 2018 858 2160 882; x_wconf 77' lang='lat' dir='ltr'><strong>secuudum</strong></span> <span class='ocrx_word' id='word_1_785' title='bbox 2171 857 2277 882; x_wconf 78' lang='lat' dir='ltr'><strong>electio-</strong></span> 
     </span>
     <span class='ocr_line' id='line_1_93' title="bbox 1295 891 2277 924; baseline 0.003 -10"><span class='ocrx_word' id='word_1_786' title='bbox 1295 898 1354 914; x_wconf 91' lang='lat' dir='ltr'><strong>nem</strong></span> <span class='ocrx_word' id='word_1_787' title='bbox 1372 891 1474 921; x_wconf 83' lang='lat' dir='ltr'><strong>gratiae</strong></span> <span class='ocrx_word' id='word_1_788' title='bbox 1491 895 1559 916; x_wconf 90' lang='lat' dir='ltr'><strong>sunt.</strong></span> <span class='ocrx_word' id='word_1_789' title='bbox 1597 891 1626 917; x_wconf 89' lang='lat' dir='ltr'><strong>Si</strong></span> <span class='ocrx_word' id='word_1_790' title='bbox 1645 895 1730 915; x_wconf 87' lang='lat' dir='ltr'><strong>autem</strong></span> <span class='ocrx_word' id='word_1_791' title='bbox 1750 899 1781 916; x_wconf 80' lang='lat' dir='ltr'><strong>ex</strong></span> <span class='ocrx_word' id='word_1_792' title='bbox 1800 893 1885 923; x_wconf 84' lang='lat' dir='ltr'><strong>gratia</strong></span> <span class='ocrx_word' id='word_1_793' title='bbox 1903 897 1977 922; x_wconf 84' lang='lat' dir='ltr'><strong>sunt,</strong></span> <span class='ocrx_word' id='word_1_794' title='bbox 2003 899 2055 916; x_wconf 91' lang='lat' dir='ltr'><strong>non</strong></span> <span class='ocrx_word' id='word_1_795' title='bbox 2074 897 2135 916; x_wconf 84' lang='lat' dir='ltr'><strong>suut</strong></span> <span class='ocrx_word' id='word_1_796' title='bbox 2158 899 2190 916; x_wconf 84' lang='lat' dir='ltr'><strong>ex</strong></span> <span class='ocrx_word' id='word_1_797' title='bbox 2214 899 2277 924; x_wconf 77' lang='lat' dir='ltr'><strong>ope-</strong></span> 
     </span>
     <span class='ocr_line' id='line_1_94' title="bbox 1294 924 2280 959; baseline 0.004 -12"><span class='ocrx_word' id='word_1_798' title='bbox 1294 925 1373 954; x_wconf 89' lang='lat' dir='ltr'><strong>ribus,</strong></span> <span class='ocrx_word' id='word_1_799' title='bbox 1392 924 1490 955; x_wconf 85' lang='lat' dir='ltr'><strong>alioqui</strong></span> <span class='ocrx_word' id='word_1_800' title='bbox 1509 926 1593 956; x_wconf 76' lang='lat' dir='ltr'><strong>gratia</strong></span> <span class='ocrx_word' id='word_1_801' title='bbox 1610 933 1663 949; x_wconf 89' lang='lat' dir='ltr'><strong>non</strong></span> <span class='ocrx_word' id='word_1_802' title='bbox 1683 930 1750 950; x_wconf 87' lang='lat' dir='ltr'><strong>esset</strong></span> <span class='ocrx_word' id='word_1_803' title='bbox 1767 927 1860 957; x_wconf 79' lang='lat' dir='ltr'><strong>gratia.</strong></span> <span class='ocrx_word' id='word_1_804' title='bbox 1899 927 1946 952; x_wconf 90' lang='lat' dir='ltr'><strong>Sin</strong></span> <span class='ocrx_word' id='word_1_805' title='bbox 1965 930 2051 950; x_wconf 86' lang='lat' dir='ltr'><strong>autem</strong></span> <span class='ocrx_word' id='word_1_806' title='bbox 2074 931 2136 951; x_wconf 85' lang='lat' dir='ltr'><strong>sunt</strong></span> <span class='ocrx_word' id='word_1_807' title='bbox 2158 933 2191 950; x_wconf 88' lang='lat' dir='ltr'><strong>ex</strong></span> <span class='ocrx_word' id='word_1_808' title='bbox 2216 933 2280 959; x_wconf 84' lang='lat' dir='ltr'><strong>ope-</strong></span> 
     </span>
     <span class='ocr_line' id='line_1_95' title="bbox 1294 958 2277 992; baseline 0.004 -11"><span class='ocrx_word' id='word_1_809' title='bbox 1294 958 1374 988; x_wconf 88' lang='lat' dir='ltr'><strong>ribus,</strong></span> <span class='ocrx_word' id='word_1_810' title='bbox 1392 958 1443 982; x_wconf 87' lang='lat' dir='ltr'><strong>iam</strong></span> <span class='ocrx_word' id='word_1_811' title='bbox 1462 966 1514 982; x_wconf 89' lang='lat' dir='ltr'><strong>non</strong></span> <span class='ocrx_word' id='word_1_812' title='bbox 1533 960 1584 983; x_wconf 87' lang='lat' dir='ltr'><strong>erit</strong></span> <span class='ocrx_word' id='word_1_813' title='bbox 1601 961 1697 990; x_wconf 83' lang='lat' dir='ltr'><strong>gratia,</strong></span> <span class='ocrx_word' id='word_1_814' title='bbox 1716 960 1813 992; x_wconf 81' lang='lat' dir='ltr'><strong>alioqui</strong></span> <span class='ocrx_word' id='word_1_815' title='bbox 1833 968 1898 991; x_wconf 85' lang='lat' dir='ltr'><strong>opus</strong></span> <span class='ocrx_word' id='word_1_816' title='bbox 1917 968 1969 985; x_wconf 90' lang='lat' dir='ltr'><strong>non</strong></span> <span class='ocrx_word' id='word_1_817' title='bbox 1989 964 2058 984; x_wconf 89' lang='lat' dir='ltr'><strong>esset</strong></span> <span class='ocrx_word' id='word_1_818' title='bbox 2081 968 2155 992; x_wconf 87' lang='lat' dir='ltr'><strong>opus.</strong></span> <span class='ocrx_word' id='word_1_819' title='bbox 2191 960 2277 985; x_wconf 82' lang='lat' dir='ltr'><strong>Nemo</strong></span> 
     </span>
     <span class='ocr_line' id='line_1_96' title="bbox 1294 992 2278 1027; baseline 0.003 -11"><span class='ocrx_word' id='word_1_820' title='bbox 1294 999 1347 1016; x_wconf 89' lang='lat' dir='ltr'><strong>non</strong></span> <span class='ocrx_word' id='word_1_821' title='bbox 1376 993 1446 1016; x_wconf 86' lang='lat' dir='ltr'><strong>videt</strong></span> <span class='ocrx_word' id='word_1_822' title='bbox 1468 993 1494 1016; x_wconf 93' lang='lat' dir='ltr'><strong>in</strong></span> <span class='ocrx_word' id='word_1_823' title='bbox 1517 992 1566 1017; x_wconf 83' lang='lat' dir='ltr'><strong>hac</strong></span> <span class='ocrx_word' id='word_1_824' title='bbox 1596 996 1823 1024; x_wconf 76' lang='lat' dir='ltr'><strong>argumentacione</strong></span> <span class='ocrx_word' id='word_1_825' title='bbox 1847 995 1912 1027; x_wconf 80' lang='lat' dir='ltr'><strong>(sol.</strong></span> <span class='ocrx_word' id='word_1_826' title='bbox 1936 1003 1952 1019; x_wconf 94' lang='lat' dir='ltr'><strong>n</strong></span> <span class='ocrx_word' id='word_1_827' title='bbox 1981 995 2025 1026; x_wconf 74' lang='lat' dir='ltr'><strong>lb)</strong></span> <span class='ocrx_word' id='word_1_828' title='bbox 2051 995 2150 1026; x_wconf 84' lang='lat' dir='ltr'><strong>precise</strong></span> <span class='ocrx_word' id='word_1_829' title='bbox 2174 995 2278 1019; x_wconf 82' lang='lat' dir='ltr'><strong>excludi</strong></span> 
     </span>
     <span class='ocr_line' id='line_1_97' title="bbox 1294 1026 2276 1060; baseline 0.003 -10"><span class='ocrx_word' id='word_1_830' title='bbox 1294 1027 1389 1050; x_wconf 82' lang='lat' dir='ltr'><strong>merita</strong></span> <span class='ocrx_word' id='word_1_831' title='bbox 1407 1033 1522 1058; x_wconf 86' lang='lat' dir='ltr'><strong>operum.</strong></span> <span class='ocrx_word' id='word_1_832' title='bbox 1542 1026 1633 1052; x_wconf 80' lang='lat' dir='ltr'><strong>Roma.</strong></span> <span class='ocrx_word' id='word_1_833' title='bbox 1651 1029 1699 1060; x_wconf 84' lang='lat' dir='ltr'><strong>iiij.</strong></span> <span class='ocrx_word' id='word_1_834' title='bbox 1718 1028 1886 1053; x_wconf 78' lang='lat' dir='ltr'><strong>Arbitramnr</strong></span> <span class='ocrx_word' id='word_1_835' title='bbox 1903 1028 2035 1053; x_wconf 72' lang='lat' dir='ltr'><strong>hominem</strong></span> <span class='ocrx_word' id='word_1_836' title='bbox 2060 1029 2196 1053; x_wconf 80' lang='lat' dir='ltr'><strong>iustificari</strong></span> <span class='ocrx_word' id='word_1_837' title='bbox 2214 1029 2276 1059; x_wconf 80' lang='lat' dir='ltr'><strong>fide,</strong></span> 
     </span>
     <span class='ocr_line' id='line_1_98' title="bbox 1293 1061 2279 1095; baseline 0.003 -11"><span class='ocrx_word' id='word_1_838' title='bbox 1293 1061 1351 1085; x_wconf 89' lang='lat' dir='ltr'><strong>siue</strong></span> <span class='ocrx_word' id='word_1_839' title='bbox 1370 1061 1491 1092; x_wconf 82' lang='lat' dir='ltr'><strong>operibus</strong></span> <span class='ocrx_word' id='word_1_840' title='bbox 1510 1061 1585 1092; x_wconf 75' lang='grc'>10313.</span> <span class='ocrx_word' id='word_1_841' title='bbox 1612 1062 1663 1086; x_wconf 86' lang='lat' dir='ltr'><strong>Hic</strong></span> <span class='ocrx_word' id='word_1_842' title='bbox 1682 1069 1783 1093; x_wconf 83' lang='lat' dir='ltr'><strong>qnoque</strong></span> <span class='ocrx_word' id='word_1_843' title='bbox 1799 1063 1899 1094; x_wconf 85' lang='lat' dir='ltr'><strong>precise</strong></span> <span class='ocrx_word' id='word_1_844' title='bbox 1919 1063 2033 1087; x_wconf 86' lang='lat' dir='ltr'><strong>excludit</strong></span> <span class='ocrx_word' id='word_1_845' title='bbox 2051 1065 2145 1088; x_wconf 61' lang='lat' dir='ltr'><strong>merim</strong></span> <span class='ocrx_word' id='word_1_846' title='bbox 2161 1070 2279 1095; x_wconf 83' lang='lat' dir='ltr'><strong>operum,</strong></span> 
     </span>
     <span class='ocr_line' id='line_1_99' title="bbox 1294 1094 2279 1128; baseline 0.004 -10"><span class='ocrx_word' id='word_1_847' title='bbox 1294 1094 1360 1118; x_wconf 87' lang='lat' dir='ltr'><strong>dicit</strong></span> <span class='ocrx_word' id='word_1_848' title='bbox 1376 1095 1508 1119; x_wconf 87' lang='lat' dir='ltr'><strong>hominem</strong></span> <span class='ocrx_word' id='word_1_849' title='bbox 1533 1099 1638 1127; x_wconf 84' lang='lat' dir='ltr'><strong>propter</strong></span> <span class='ocrx_word' id='word_1_850' title='bbox 1661 1096 1795 1121; x_wconf 82' lang='lat' dir='ltr'><strong>Christum</strong></span> <span class='ocrx_word' id='word_1_851' title='bbox 1818 1097 1986 1128; x_wconf 81' lang='lat' dir='ltr'><strong>pronunciari</strong></span> <span class='ocrx_word' id='word_1_852' title='bbox 2011 1098 2118 1127; x_wconf 86' lang='lat' dir='ltr'><strong>iustum,</strong></span> <span class='ocrx_word' id='word_1_853' title='bbox 2142 1098 2174 1121; x_wconf 84' lang='grc'><strong>31·</strong></span> <span class='ocrx_word' id='word_1_854' title='bbox 2188 1097 2279 1122; x_wconf 70' lang='lat' dir='ltr'><strong>eredat</strong></span> 
     </span>
     <span class='ocr_line' id='line_1_100' title="bbox 1294 1129 2278 1163; baseline 0.003 -10"><span class='ocrx_word' id='word_1_855' title='bbox 1294 1129 1342 1153; x_wconf 85' lang='lat' dir='ltr'><strong>sibi</strong></span> <span class='ocrx_word' id='word_1_856' title='bbox 1361 1133 1469 1161; x_wconf 84' lang='lat' dir='ltr'><strong>propter</strong></span> <span class='ocrx_word' id='word_1_857' title='bbox 1492 1129 1638 1159; x_wconf 80' lang='lat' dir='ltr'><strong>Christum,</strong></span> <span class='ocrx_word' id='word_1_858' title='bbox 1661 1131 1789 1162; x_wconf 85' lang='lat' dir='ltr'><strong>placatum</strong></span> <span class='ocrx_word' id='word_1_859' title='bbox 1810 1138 1865 1155; x_wconf 81' lang='lat' dir='ltr'><strong>esse</strong></span> <span class='ocrx_word' id='word_1_860' title='bbox 1884 1131 1984 1160; x_wconf 86' lang='lat' dir='ltr'><strong>Deum,</strong></span> <span class='ocrx_word' id='word_1_861' title='bbox 2010 1135 2037 1154; x_wconf 76' lang='lat' dir='ltr'><strong>et</strong></span> <span class='ocrx_word' id='word_1_862' title='bbox 2060 1134 2140 1162; x_wconf 75' lang='lat' dir='ltr'><strong>negat</strong></span> <span class='ocrx_word' id='word_1_863' title='bbox 2163 1132 2278 1163; x_wconf 75' lang='lat' dir='ltr'><strong>reputari</strong></span> 
     </span>
     <span class='ocr_line' id='line_1_101' title="bbox 1294 1164 2278 1196; baseline 0.002 -9"><span class='ocrx_word' id='word_1_864' title='bbox 1294 1164 1387 1188; x_wconf 87' lang='lat' dir='ltr'><strong>iustum</strong></span> <span class='ocrx_word' id='word_1_865' title='bbox 1406 1169 1513 1195; x_wconf 86' lang='lat' dir='ltr'><strong>propter</strong></span> <span class='ocrx_word' id='word_1_866' title='bbox 1537 1171 1624 1196; x_wconf 84' lang='lat' dir='ltr'><strong>opera.</strong></span> <span class='ocrx_word' id='word_1_867' title='bbox 1661 1165 1714 1189; x_wconf 86' lang='lat' dir='ltr'><strong>Sed</strong></span> <span class='ocrx_word' id='word_1_868' title='bbox 1738 1164 1807 1189; x_wconf 86' lang='lat' dir='ltr'><strong>hunc</strong></span> <span class='ocrx_word' id='word_1_869' title='bbox 1831 1165 1916 1189; x_wconf 88' lang='lat' dir='ltr'><strong>locum</strong></span> <span class='ocrx_word' id='word_1_870' title='bbox 1944 1165 2088 1189; x_wconf 83' lang='lat' dir='ltr'><strong>aduersarii</strong></span> <span class='ocrx_word' id='word_1_871' title='bbox 2113 1165 2278 1196; x_wconf 78' lang='lat' dir='ltr'><strong>cauillautur,</strong></span> 
     </span>
     <span class='ocr_line' id='line_1_102' title="bbox 1295 1198 2280 1231; baseline 0.003 -10"><span class='ocrx_word' id='word_1_872' title='bbox 1295 1198 1384 1222; x_wconf 87' lang='lat' dir='ltr'><strong>dieunt</strong></span> <span class='ocrx_word' id='word_1_873' title='bbox 1401 1198 1510 1222; x_wconf 81' lang='lat' dir='ltr'><strong>Paulum</strong></span> <span class='ocrx_word' id='word_1_874' title='bbox 1530 1199 1668 1223; x_wconf 86' lang='lat' dir='ltr'><strong>excludere</strong></span> <span class='ocrx_word' id='word_1_875' title='bbox 1687 1206 1768 1231; x_wconf 83' lang='lat' dir='ltr'><strong>opera</strong></span> <span class='ocrx_word' id='word_1_876' title='bbox 1786 1199 1991 1224; x_wconf 80' lang='lat' dir='ltr'><strong>ceremoniarum</strong></span> <span class='ocrx_word' id='word_1_877' title='bbox 2009 1199 2086 1230; x_wconf 78' lang='lat' dir='ltr'><strong>legis,</strong></span> <span class='ocrx_word' id='word_1_878' title='bbox 2103 1200 2280 1224; x_wconf 81' lang='lat' dir='ltr'><strong>circumcisio-</strong></span> 
     </span>
     <span class='ocr_line' id='line_1_103' title="bbox 1294 1233 2280 1265; baseline 0.002 -9"><span class='ocrx_word' id='word_1_879' title='bbox 1294 1239 1368 1263; x_wconf 89' lang='lat' dir='ltr'><strong>nem,</strong></span> <span class='ocrx_word' id='word_1_880' title='bbox 1397 1236 1423 1256; x_wconf 83' lang='lat' dir='ltr'><strong>et</strong></span> <span class='ocrx_word' id='word_1_881' title='bbox 1449 1233 1514 1257; x_wconf 84' lang='lat' dir='ltr'><strong>alios</strong></span> <span class='ocrx_word' id='word_1_882' title='bbox 1543 1233 1608 1257; x_wconf 73' lang='lat' dir='ltr'><strong>ritus</strong></span> <span class='ocrx_word' id='word_1_883' title='bbox 1637 1233 1779 1258; x_wconf 76' lang='lat' dir='ltr'><strong>mosaicos.</strong></span> <span class='ocrx_word' id='word_1_884' title='bbox 1815 1234 1922 1258; x_wconf 88' lang='lat' dir='ltr'><strong>Interim</strong></span> <span class='ocrx_word' id='word_1_885' title='bbox 1946 1238 2030 1258; x_wconf 79' lang='lat' dir='ltr'><strong>tamen</strong></span> <span class='ocrx_word' id='word_1_886' title='bbox 2055 1237 2152 1265; x_wconf 74' lang='lat' dir='ltr'><strong>negant</strong></span> <span class='ocrx_word' id='word_1_887' title='bbox 2175 1233 2280 1259; x_wconf 77' lang='lat' dir='ltr'><strong>excludi</strong></span> 
     </span>
     <span class='ocr_line' id='line_1_104' title="bbox 1295 1267 2278 1299; baseline 0.002 -9"><span class='ocrx_word' id='word_1_888' title='bbox 1295 1273 1376 1298; x_wconf 88' lang='lat' dir='ltr'><strong>opera</strong></span> <span class='ocrx_word' id='word_1_889' title='bbox 1393 1267 1515 1297; x_wconf 76' lang='lat' dir='ltr'><strong>moralia,</strong></span> <span class='ocrx_word' id='word_1_890' title='bbox 1537 1274 1583 1291; x_wconf 89' lang='lat' dir='ltr'><strong>seu</strong></span> <span class='ocrx_word' id='word_1_891' title='bbox 1602 1274 1682 1298; x_wconf 81' lang='lat' dir='ltr'><strong>opera</strong></span> <span class='ocrx_word' id='word_1_892' title='bbox 1705 1268 1829 1293; x_wconf 65' lang='lat' dir='ltr'><strong>caritatis.</strong></span> <span class='ocrx_word' id='word_1_893' title='bbox 1865 1268 1901 1292; x_wconf 87' lang='lat' dir='ltr'><strong>Et</strong></span> <span class='ocrx_word' id='word_1_894' title='bbox 1923 1267 1973 1292; x_wconf 84' lang='lat' dir='ltr'><strong>hac</strong></span> <span class='ocrx_word' id='word_1_895' title='bbox 1998 1269 2216 1299; x_wconf 81' lang='lat' dir='ltr'><strong>interpretacione</strong></span> <span class='ocrx_word' id='word_1_896' title='bbox 2237 1272 2278 1292; x_wconf 72' lang='lat' dir='ltr'><strong>to-</strong></span> 
     </span>
     <span class='ocr_line' id='line_1_105' title="bbox 1293 1301 2279 1332; baseline 0.003 -8"><span class='ocrx_word' id='word_1_897' title='bbox 1293 1304 1347 1325; x_wconf 80' lang='grc'>18111</span> <span class='ocrx_word' id='word_1_898' title='bbox 1366 1301 1570 1332; x_wconf 81' lang='lat' dir='ltr'><strong>disputacionem</strong></span> <span class='ocrx_word' id='word_1_899' title='bbox 1588 1302 1620 1326; x_wconf 84' lang='lat' dir='ltr'><strong>ad</strong></span> <span class='ocrx_word' id='word_1_900' title='bbox 1640 1301 1772 1327; x_wconf 77' lang='lat' dir='ltr'><strong>Romanos</strong></span> <span class='ocrx_word' id='word_1_901' title='bbox 1791 1306 1817 1326; x_wconf 87' lang='lat' dir='ltr'><strong>et</strong></span> <span class='ocrx_word' id='word_1_902' title='bbox 1841 1301 1950 1326; x_wconf 73' lang='lat' dir='ltr'><strong>Galatas</strong></span> <span class='ocrx_word' id='word_1_903' title='bbox 1974 1302 2129 1332; x_wconf 88' lang='lat' dir='ltr'><strong>obruerunt,</strong></span> <span class='ocrx_word' id='word_1_904' title='bbox 2152 1302 2198 1328; x_wconf 77' lang='lat' dir='ltr'><strong>vbi</strong></span> <span class='ocrx_word' id='word_1_905' title='bbox 2221 1308 2279 1327; x_wconf 77' lang='lat' dir='ltr'><strong>etun</strong></span> 
     </span>
     <span class='ocr_line' id='line_1_106' title="bbox 1294 1335 2277 1368; baseline 0.001 -9"><span class='ocrx_word' id='word_1_906' title='bbox 1294 1335 1390 1359; x_wconf 86' lang='lat' dir='ltr'><strong>Paulus</strong></span> <span class='ocrx_word' id='word_1_907' title='bbox 1407 1335 1457 1360; x_wconf 89' lang='lat' dir='ltr'><strong>hoc</strong></span> <span class='ocrx_word' id='word_1_908' title='bbox 1475 1343 1554 1359; x_wconf 83' lang='lat' dir='ltr'><strong>vnum</strong></span> <span class='ocrx_word' id='word_1_909' title='bbox 1572 1337 1640 1367; x_wconf 82' lang='lat' dir='ltr'><strong>agit,</strong></span> <span class='ocrx_word' id='word_1_910' title='bbox 1665 1341 1693 1360; x_wconf 84' lang='lat' dir='ltr'><strong>vt</strong></span> <span class='ocrx_word' id='word_1_911' title='bbox 1715 1337 1807 1361; x_wconf 87' lang='lat' dir='ltr'><strong>doceat</strong></span> <span class='ocrx_word' id='word_1_912' title='bbox 1831 1343 1879 1361; x_wconf 92' lang='lat' dir='ltr'><strong>nos</strong></span> <span class='ocrx_word' id='word_1_913' title='bbox 1905 1340 2012 1368; x_wconf 86' lang='lat' dir='ltr'><strong>propter</strong></span> <span class='ocrx_word' id='word_1_914' title='bbox 2031 1336 2161 1360; x_wconf 82' lang='lat' dir='ltr'><strong>Christum</strong></span> <span class='ocrx_word' id='word_1_915' title='bbox 2185 1336 2277 1361; x_wconf 66' lang='lat' dir='ltr'><strong>iustifi-</strong></span> 
     </span>
     <span class='ocr_line' id='line_1_107' title="bbox 1295 1369 2279 1403; baseline 0.002 -10"><span class='ocrx_word' id='word_1_916' title='bbox 1295 1370 1358 1400; x_wconf 78' lang='lat' dir='ltr'><strong>cari,</strong></span> <span class='ocrx_word' id='word_1_917' title='bbox 1376 1369 1436 1394; x_wconf 86' lang='lat' dir='ltr'><strong>fide.</strong></span> <span class='ocrx_word' id='word_1_918' title='bbox 1472 1369 1534 1394; x_wconf 90' lang='lat' dir='ltr'><strong>Non</strong></span> <span class='ocrx_word' id='word_1_919' title='bbox 1553 1374 1660 1402; x_wconf 81' lang='lat' dir='ltr'><strong>propter</strong></span> <span class='ocrx_word' id='word_1_920' title='bbox 1678 1375 1767 1395; x_wconf 80' lang='lat' dir='ltr'><strong>nostra</strong></span> <span class='ocrx_word' id='word_1_921' title='bbox 1792 1379 1888 1403; x_wconf 81' lang='lat' dir='ltr'><strong>opera,</strong></span> <span class='ocrx_word' id='word_1_922' title='bbox 1911 1371 1950 1395; x_wconf 92' lang='lat' dir='ltr'><strong>illi</strong></span> <span class='ocrx_word' id='word_1_923' title='bbox 1972 1370 2101 1402; x_wconf 80' lang='lat' dir='ltr'><strong>affingunt</strong></span> <span class='ocrx_word' id='word_1_924' title='bbox 2124 1371 2279 1403; x_wconf 55' lang='lat' dir='ltr'><strong>interpret*</strong></span> 
     </span>
     <span class='ocr_line' id='line_1_108' title="bbox 1295 1404 2279 1437; baseline 0.003 -10"><span class='ocrx_word' id='word_1_925' title='bbox 1295 1404 1405 1434; x_wconf 90' lang='lat' dir='ltr'><strong>cionem,</strong></span> <span class='ocrx_word' id='word_1_926' title='bbox 1424 1404 1558 1429; x_wconf 81' lang='lat' dir='ltr'><strong>iustificari</strong></span> <span class='ocrx_word' id='word_1_927' title='bbox 1576 1411 1633 1434; x_wconf 87' lang='lat' dir='ltr'><strong>nos,</strong></span> <span class='ocrx_word' id='word_1_928' title='bbox 1651 1413 1704 1430; x_wconf 86' lang='lat' dir='ltr'><strong>non</strong></span> <span class='ocrx_word' id='word_1_929' title='bbox 1723 1405 1827 1437; x_wconf 87' lang='lat' dir='ltr'><strong>quidem</strong></span> <span class='ocrx_word' id='word_1_930' title='bbox 1846 1409 1950 1437; x_wconf 88' lang='lat' dir='ltr'><strong>propter</strong></span> <span class='ocrx_word' id='word_1_931' title='bbox 1972 1405 2146 1435; x_wconf 67' lang='lat' dir='ltr'><strong>ceremonias,</strong></span> <span class='ocrx_word' id='word_1_932' title='bbox 2169 1406 2217 1430; x_wconf 81' lang='lat' dir='ltr'><strong>sed</strong></span> <span class='ocrx_word' id='word_1_933' title='bbox 2238 1408 2279 1430; x_wconf 67' lang='lat' dir='ltr'><em>w</em></span> 
     </span>
     <span class='ocr_line' id='line_1_109' title="bbox 1294 1439 2280 1472; baseline 0.003 -11"><span class='ocrx_word' id='word_1_934' title='bbox 1294 1445 1352 1462; x_wconf 86' lang='lat' dir='ltr'><strong>men</strong></span> <span class='ocrx_word' id='word_1_935' title='bbox 1378 1442 1484 1470; x_wconf 89' lang='lat' dir='ltr'><strong>propter</strong></span> <span class='ocrx_word' id='word_1_936' title='bbox 1510 1446 1591 1470; x_wconf 86' lang='lat' dir='ltr'><strong>opera</strong></span> <span class='ocrx_word' id='word_1_937' title='bbox 1614 1440 1725 1464; x_wconf 78' lang='lat' dir='ltr'><strong>moralia</strong></span> <span class='ocrx_word' id='word_1_938' title='bbox 1749 1443 1775 1464; x_wconf 86' lang='lat' dir='ltr'><strong>et</strong></span> <span class='ocrx_word' id='word_1_939' title='bbox 1798 1447 1879 1472; x_wconf 85' lang='lat' dir='ltr'><strong>opera</strong></span> <span class='ocrx_word' id='word_1_940' title='bbox 1903 1440 2027 1464; x_wconf 79' lang='lat' dir='ltr'><strong>caritatis.</strong></span> <span class='ocrx_word' id='word_1_941' title='bbox 2062 1439 2104 1464; x_wconf 77' lang='lat' dir='ltr'><strong>Itu</strong></span> <span class='ocrx_word' id='word_1_942' title='bbox 2126 1439 2280 1464; x_wconf 72' lang='lat' dir='ltr'><strong>obscur-tur</strong></span> 
     </span>
     <span class='ocr_line' id='line_1_110' title="bbox 1294 1473 2280 1506; baseline 0.002 -10"><span class='ocrx_word' id='word_1_943' title='bbox 1294 1476 1381 1496; x_wconf 85' lang='grc'>181000</span> <span class='ocrx_word' id='word_1_944' title='bbox 1406 1473 1492 1504; x_wconf 79' lang='lat' dir='ltr'><strong>gloria</strong></span> <span class='ocrx_word' id='word_1_945' title='bbox 1521 1473 1633 1503; x_wconf 87' lang='lat' dir='ltr'><strong>Christi,</strong></span> <span class='ocrx_word' id='word_1_946' title='bbox 1657 1478 1683 1498; x_wconf 88' lang='lat' dir='ltr'><strong>et</strong></span> <span class='ocrx_word' id='word_1_947' title='bbox 1705 1475 1809 1498; x_wconf 81' lang='lat' dir='ltr'><strong>iusticia</strong></span> <span class='ocrx_word' id='word_1_948' title='bbox 1830 1474 1908 1503; x_wconf 71' lang='lat' dir='ltr'><strong>fidei,</strong></span> <span class='ocrx_word' id='word_1_949' title='bbox 1930 1481 1987 1498; x_wconf 90' lang='lat' dir='ltr'><strong>cum</strong></span> <span class='ocrx_word' id='word_1_950' title='bbox 2011 1473 2134 1498; x_wconf 86' lang='lat' dir='ltr'><strong>tribuitur</strong></span> <span class='ocrx_word' id='word_1_951' title='bbox 2155 1474 2280 1506; x_wconf 80' lang='lat' dir='ltr'><strong>operibus</strong></span> 
     </span>
     <span class='ocr_line' id='line_1_111' title="bbox 1293 1506 2280 1540; baseline 0.002 -10"><span class='ocrx_word' id='word_1_952' title='bbox 1293 1508 1390 1531; x_wconf 87' lang='lat' dir='ltr'><strong>nostris</strong></span> <span class='ocrx_word' id='word_1_953' title='bbox 1415 1506 1464 1531; x_wconf 88' lang='lat' dir='ltr'><strong>hoc</strong></span> <span class='ocrx_word' id='word_1_954' title='bbox 1489 1508 1560 1539; x_wconf 88' lang='lat' dir='ltr'><strong>quod</strong></span> <span class='ocrx_word' id='word_1_955' title='bbox 1580 1509 1683 1540; x_wconf 85' lang='lat' dir='ltr'><strong>proprie</strong></span> <span class='ocrx_word' id='word_1_956' title='bbox 1705 1509 1739 1532; x_wconf 77' lang='lat' dir='ltr'><strong>ad</strong></span> <span class='ocrx_word' id='word_1_957' title='bbox 1764 1509 1877 1540; x_wconf 84' lang='lat' dir='ltr'><strong>glorium</strong></span> <span class='ocrx_word' id='word_1_958' title='bbox 1901 1507 2000 1532; x_wconf 86' lang='lat' dir='ltr'><strong>Christi</strong></span> <span class='ocrx_word' id='word_1_959' title='bbox 2023 1509 2144 1539; x_wconf 77' lang='lat' dir='ltr'><strong>pertinet,</strong></span> <span class='ocrx_word' id='word_1_960' title='bbox 2180 1508 2280 1532; x_wconf 74' lang='lat' dir='ltr'><strong>Verum</strong></span> 
     </span>
     <span class='ocr_line' id='line_1_112' title="bbox 1293 1541 2279 1574; baseline 0.002 -9"><span class='ocrx_word' id='word_1_961' title='bbox 1293 1541 1330 1565; x_wconf 88' lang='lat' dir='ltr'><strong>illi</strong></span> <span class='ocrx_word' id='word_1_962' title='bbox 1349 1541 1413 1571; x_wconf 88' lang='lat' dir='ltr'><strong>loci,</strong></span> <span class='ocrx_word' id='word_1_963' title='bbox 1433 1548 1497 1572; x_wconf 87' lang='lat' dir='ltr'><strong>quos</strong></span> <span class='ocrx_word' id='word_1_964' title='bbox 1517 1542 1652 1565; x_wconf 76' lang='lat' dir='ltr'><strong>citauimus</strong></span> <span class='ocrx_word' id='word_1_965' title='bbox 1672 1549 1704 1566; x_wconf 85' lang='lat' dir='ltr'><strong>ex</strong></span> <span class='ocrx_word' id='word_1_966' title='bbox 1722 1541 1856 1574; x_wconf 78' lang='lat' dir='ltr'><strong>Ephesiis,</strong></span> <span class='ocrx_word' id='word_1_967' title='bbox 1876 1546 1902 1566; x_wconf 87' lang='lat' dir='ltr'><strong>et</strong></span> <span class='ocrx_word' id='word_1_968' title='bbox 1919 1549 1951 1566; x_wconf 85' lang='lat' dir='ltr'><strong>ex</strong></span> <span class='ocrx_word' id='word_1_969' title='bbox 1974 1542 2110 1566; x_wconf 84' lang='lat' dir='ltr'><strong>vndecimo</strong></span> <span class='ocrx_word' id='word_1_970' title='bbox 2135 1541 2227 1574; x_wconf 79' lang='lat' dir='ltr'><strong>Capite</strong></span> <span class='ocrx_word' id='word_1_971' title='bbox 2244 1542 2279 1567; x_wconf 69' lang='lat' dir='ltr'><strong>sd</strong></span> 
     </span>
     <span class='ocr_line' id='line_1_113' title="bbox 1293 1574 2280 1609; baseline 0.001 -9"><span class='ocrx_word' id='word_1_972' title='bbox 1293 1574 1436 1605; x_wconf 82' lang='lat' dir='ltr'><strong>Romanos,</strong></span> <span class='ocrx_word' id='word_1_973' title='bbox 1454 1578 1581 1600; x_wconf 80' lang='lat' dir='ltr'><strong>testantur</strong></span> <span class='ocrx_word' id='word_1_974' title='bbox 1598 1575 1706 1600; x_wconf 83' lang='lat' dir='ltr'><strong>Paulum</strong></span> <span class='ocrx_word' id='word_1_975' title='bbox 1726 1577 1798 1609; x_wconf 89' lang='lat' dir='ltr'><strong>loqui</strong></span> <span class='ocrx_word' id='word_1_976' title='bbox 1817 1577 1848 1601; x_wconf 85' lang='lat' dir='ltr'><strong>de</strong></span> <span class='ocrx_word' id='word_1_977' title='bbox 1867 1580 1923 1601; x_wconf 82' lang='lat' dir='ltr'><strong>tota</strong></span> <span class='ocrx_word' id='word_1_978' title='bbox 1939 1577 2007 1608; x_wconf 79' lang='lat' dir='ltr'><strong>lege,</strong></span> <span class='ocrx_word' id='word_1_979' title='bbox 2026 1576 2076 1600; x_wconf 88' lang='grc'>1100</span> <span class='ocrx_word' id='word_1_980' title='bbox 2094 1579 2134 1600; x_wconf 84' lang='lat' dir='ltr'><strong>est</strong></span> <span class='ocrx_word' id='word_1_981' title='bbox 2148 1582 2203 1600; x_wconf 85' lang='lat' dir='ltr'><strong>non</strong></span> <span class='ocrx_word' id='word_1_982' title='bbox 2221 1578 2280 1601; x_wconf 72' lang='lat' dir='ltr'><strong>tnn-</strong></span> 
     </span>
     <span class='ocr_line' id='line_1_114' title="bbox 1294 1610 2148 1642; baseline 0 -8"><span class='ocrx_word' id='word_1_983' title='bbox 1294 1613 1347 1634; x_wconf 86' lang='grc'>111111</span> <span class='ocrx_word' id='word_1_984' title='bbox 1371 1610 1403 1634; x_wconf 90' lang='lat' dir='ltr'><strong>de</strong></span> <span class='ocrx_word' id='word_1_985' title='bbox 1429 1611 1596 1641; x_wconf 88' lang='lat' dir='ltr'><strong>ceremoniis,</strong></span> <span class='ocrx_word' id='word_1_986' title='bbox 1620 1610 1666 1634; x_wconf 89' lang='lat' dir='ltr'><strong>sed</strong></span> <span class='ocrx_word' id='word_1_987' title='bbox 1691 1611 1771 1635; x_wconf 82' lang='lat' dir='ltr'><strong>etiam</strong></span> <span class='ocrx_word' id='word_1_988' title='bbox 1797 1611 1829 1634; x_wconf 86' lang='lat' dir='ltr'><strong>de</strong></span> <span class='ocrx_word' id='word_1_989' title='bbox 1847 1610 1973 1642; x_wconf 85' lang='lat' dir='ltr'><strong>operibus</strong></span> <span class='ocrx_word' id='word_1_990' title='bbox 1996 1610 2148 1635; x_wconf 76' lang='lat' dir='ltr'><strong>moralibus.</strong></span> 
     </span>
    </p>
   </div>
   <div class='ocr_carea' id='block_1_11' title="bbox 1289 1660 2279 2657">
    <p class='ocr_par' dir='ltr' id='par_1_11' title="bbox 1289 1660 2279 2657">
     <span class='ocr_line' id='line_1_115' title="bbox 1362 1660 2279 1694; baseline 0.002 -9"><span class='ocrx_word' id='word_1_991' title='bbox 1362 1660 1454 1692; x_wconf 80' lang='lat' dir='ltr'><strong>Neque</strong></span> <span class='ocrx_word' id='word_1_992' title='bbox 1473 1660 1524 1686; x_wconf 85' lang='grc'>1100</span> <span class='ocrx_word' id='word_1_993' title='bbox 1547 1661 1603 1692; x_wconf 79' lang='lat' dir='ltr'><strong>agit</strong></span> <span class='ocrx_word' id='word_1_994' title='bbox 1625 1660 1735 1691; x_wconf 87' lang='lat' dir='ltr'><strong>Paulus,</strong></span> <span class='ocrx_word' id='word_1_995' title='bbox 1764 1669 1798 1686; x_wconf 82' lang='lat' dir='ltr'><strong>ne</strong></span> <span class='ocrx_word' id='word_1_996' title='bbox 1825 1662 1879 1687; x_wconf 76' lang='lat' dir='ltr'><strong>vlla</strong></span> <span class='ocrx_word' id='word_1_997' title='bbox 1903 1661 1966 1686; x_wconf 79' lang='lat' dir='ltr'><strong>finnt</strong></span> <span class='ocrx_word' id='word_1_998' title='bbox 1989 1669 2084 1694; x_wconf 72' lang='lat' dir='ltr'><strong>opera,</strong></span> <span class='ocrx_word' id='word_1_999' title='bbox 2108 1661 2154 1686; x_wconf 85' lang='lat' dir='ltr'><strong>sed</strong></span> <span class='ocrx_word' id='word_1_1000' title='bbox 2179 1665 2279 1687; x_wconf 68' lang='lat' dir='ltr'><strong>tantun</strong></span> 
     </span>
     <span class='ocr_line' id='line_1_116' title="bbox 1294 1695 2279 1729; baseline 0.001 -10"><span class='ocrx_word' id='word_1_1001' title='bbox 1294 1696 1370 1720; x_wconf 84' lang='lat' dir='ltr'><strong>docet</strong></span> <span class='ocrx_word' id='word_1_1002' title='bbox 1388 1695 1600 1720; x_wconf 86' lang='lat' dir='ltr'><strong>iustificationem</strong></span> <span class='ocrx_word' id='word_1_1003' title='bbox 1619 1696 1781 1727; x_wconf 81' lang='lat' dir='ltr'><strong>contingere,</strong></span> <span class='ocrx_word' id='word_1_1004' title='bbox 1800 1703 1853 1721; x_wconf 92' lang='lat' dir='ltr'><strong>non</strong></span> <span class='ocrx_word' id='word_1_1005' title='bbox 1878 1700 1984 1729; x_wconf 72' lang='lat' dir='ltr'><strong>propter</strong></span> <span class='ocrx_word' id='word_1_1006' title='bbox 2002 1703 2084 1728; x_wconf 77' lang='lat' dir='ltr'><strong>opera</strong></span> <span class='ocrx_word' id='word_1_1007' title='bbox 2104 1699 2208 1727; x_wconf 78' lang='lat' dir='ltr'><strong>nostra,</strong></span> <span class='ocrx_word' id='word_1_1008' title='bbox 2230 1696 2279 1721; x_wconf 74' lang='lat' dir='ltr'><strong>ud</strong></span> 
     </span>
     <span class='ocr_line' id='line_1_117' title="bbox 1293 1729 2278 1761; baseline 0.001 -7"><span class='ocrx_word' id='word_1_1009' title='bbox 1293 1730 1344 1754; x_wconf 87' lang='lat' dir='ltr'><strong>fide</strong></span> <span class='ocrx_word' id='word_1_1010' title='bbox 1362 1732 1388 1754; x_wconf 88' lang='lat' dir='ltr'><strong>in</strong></span> <span class='ocrx_word' id='word_1_1011' title='bbox 1407 1729 1551 1758; x_wconf 87' lang='lat' dir='ltr'><strong>Christum,</strong></span> <span class='ocrx_word' id='word_1_1012' title='bbox 1576 1731 1623 1754; x_wconf 88' lang='lat' dir='ltr'><strong>etsi</strong></span> <span class='ocrx_word' id='word_1_1013' title='bbox 1647 1732 1770 1761; x_wconf 84' lang='lat' dir='ltr'><strong>quoniam</strong></span> <span class='ocrx_word' id='word_1_1014' title='bbox 1793 1730 1858 1755; x_wconf 83' lang='lat' dir='ltr'><strong>fides</strong></span> <span class='ocrx_word' id='word_1_1015' title='bbox 1879 1730 1956 1755; x_wconf 74' lang='lat' dir='ltr'><strong>affert</strong></span> <span class='ocrx_word' id='word_1_1016' title='bbox 1980 1738 2076 1755; x_wconf 87' lang='grc'>11008111</span> <span class='ocrx_word' id='word_1_1017' title='bbox 2103 1731 2199 1761; x_wconf 75' lang='lat' dir='ltr'><strong>vitum,</strong></span> <span class='ocrx_word' id='word_1_1018' title='bbox 2220 1730 2278 1755; x_wconf 76' lang='lat' dir='ltr'><strong>fleri</strong></span> 
     </span>
     <span class='ocr_line' id='line_1_118' title="bbox 1293 1764 2277 1797; baseline 0.001 -9"><span class='ocrx_word' id='word_1_1019' title='bbox 1293 1772 1347 1789; x_wconf 92' lang='lat' dir='ltr'><strong>non</strong></span> <span class='ocrx_word' id='word_1_1020' title='bbox 1364 1765 1456 1796; x_wconf 87' lang='lat' dir='ltr'><strong>possit,</strong></span> <span class='ocrx_word' id='word_1_1021' title='bbox 1475 1765 1537 1796; x_wconf 88' lang='lat' dir='ltr'><strong>quin</strong></span> <span class='ocrx_word' id='word_1_1022' title='bbox 1555 1764 1602 1788; x_wconf 77' lang='lat' dir='ltr'><strong>illa</strong></span> <span class='ocrx_word' id='word_1_1023' title='bbox 1620 1765 1674 1790; x_wconf 72' lang='lat' dir='ltr'><strong>vita</strong></span> <span class='ocrx_word' id='word_1_1024' title='bbox 1691 1765 1787 1790; x_wconf 83' lang='grc'>11811081</span> <span class='ocrx_word' id='word_1_1025' title='bbox 1806 1766 1883 1790; x_wconf 84' lang='lat' dir='ltr'><strong>etium</strong></span> <span class='ocrx_word' id='word_1_1026' title='bbox 1901 1773 1960 1790; x_wconf 80' lang='lat' dir='ltr'><strong>suas</strong></span> <span class='ocrx_word' id='word_1_1027' title='bbox 1985 1766 2115 1790; x_wconf 80' lang='lat' dir='ltr'><strong>actiones.</strong></span> <span class='ocrx_word' id='word_1_1028' title='bbox 2151 1764 2277 1797; x_wconf 73' lang='lat' dir='ltr'><strong>Augusti-</strong></span> 
     </span>
     <span class='ocr_line' id='line_1_119' title="bbox 1293 1798 2277 1831; baseline -0.001 -7"><span class='ocrx_word' id='word_1_1029' title='bbox 1293 1807 1341 1824; x_wconf 87' lang='lat' dir='ltr'><strong>nus</strong></span> <span class='ocrx_word' id='word_1_1030' title='bbox 1361 1799 1438 1824; x_wconf 82' lang='grc'>0118111</span> <span class='ocrx_word' id='word_1_1031' title='bbox 1458 1798 1625 1830; x_wconf 80' lang='lat' dir='ltr'><strong>reprehendit</strong></span> <span class='ocrx_word' id='word_1_1032' title='bbox 1643 1806 1698 1830; x_wconf 92' lang='lat' dir='ltr'><strong>eos,</strong></span> <span class='ocrx_word' id='word_1_1033' title='bbox 1717 1801 1759 1831; x_wconf 88' lang='lat' dir='ltr'><strong>qui</strong></span> <span class='ocrx_word' id='word_1_1034' title='bbox 1778 1799 1852 1824; x_wconf 85' lang='lat' dir='ltr'><strong>Pauli</strong></span> <span class='ocrx_word' id='word_1_1035' title='bbox 1872 1800 2031 1824; x_wconf 76' lang='lat' dir='ltr'><strong>sentenciam</strong></span> <span class='ocrx_word' id='word_1_1036' title='bbox 2045 1799 2203 1824; x_wconf 78' lang='lat' dir='ltr'><strong>transferunt</strong></span> <span class='ocrx_word' id='word_1_1037' title='bbox 2220 1803 2277 1824; x_wconf 76' lang='lat' dir='ltr'><strong>tun-</strong></span> 
     </span>
     <span class='ocr_line' id='line_1_120' title="bbox 1293 1832 2277 1865; baseline 0.001 -8"><span class='ocrx_word' id='word_1_1038' title='bbox 1293 1838 1345 1858; x_wconf 86' lang='lat' dir='ltr'><strong>tum</strong></span> <span class='ocrx_word' id='word_1_1039' title='bbox 1370 1833 1403 1858; x_wconf 83' lang='lat' dir='ltr'><strong>ud</strong></span> <span class='ocrx_word' id='word_1_1040' title='bbox 1429 1834 1604 1863; x_wconf 84' lang='lat' dir='ltr'><strong>ceremonias,</strong></span> <span class='ocrx_word' id='word_1_1041' title='bbox 1632 1837 1658 1857; x_wconf 89' lang='lat' dir='ltr'><strong>et</strong></span> <span class='ocrx_word' id='word_1_1042' title='bbox 1687 1834 1763 1858; x_wconf 86' lang='lat' dir='ltr'><strong>docet</strong></span> <span class='ocrx_word' id='word_1_1043' title='bbox 1788 1834 1820 1858; x_wconf 89' lang='lat' dir='ltr'><strong>de</strong></span> <span class='ocrx_word' id='word_1_1044' title='bbox 1844 1838 1901 1858; x_wconf 91' lang='lat' dir='ltr'><strong>toto</strong></span> <span class='ocrx_word' id='word_1_1045' title='bbox 1927 1833 2055 1865; x_wconf 78' lang='lat' dir='ltr'><strong>decalogo</strong></span> <span class='ocrx_word' id='word_1_1046' title='bbox 2078 1832 2277 1864; x_wconf 74' lang='lat' dir='ltr'><strong>intelligendum</strong></span> 
     </span>
     <span class='ocr_line' id='line_1_121' title="bbox 1293 1866 2277 1899; baseline -0.001 -7"><span class='ocrx_word' id='word_1_1047' title='bbox 1293 1875 1360 1898; x_wconf 87' lang='lat' dir='ltr'><strong>esse,</strong></span> <span class='ocrx_word' id='word_1_1048' title='bbox 1379 1871 1405 1891; x_wconf 89' lang='grc'><strong>01</strong></span> <span class='ocrx_word' id='word_1_1049' title='bbox 1421 1867 1488 1892; x_wconf 86' lang='grc' dir='ltr'>118οο</span> <span class='ocrx_word' id='word_1_1050' title='bbox 1513 1867 1715 1899; x_wconf 81' lang='lat' dir='ltr'><strong>disputacionem</strong></span> <span class='ocrx_word' id='word_1_1051' title='bbox 1740 1868 1778 1892; x_wconf 79' lang='grc'><strong>118</strong></span> <span class='ocrx_word' id='word_1_1052' title='bbox 1800 1868 1940 1893; x_wconf 82' lang='lat' dir='ltr'><strong>concludit.</strong></span> <span class='ocrx_word' id='word_1_1053' title='bbox 1976 1868 2026 1892; x_wconf 79' lang='lat' dir='ltr'><strong>Bis</strong></span> <span class='ocrx_word' id='word_1_1054' title='bbox 2050 1868 2131 1899; x_wconf 81' lang='lat' dir='ltr'><strong>igitur</strong></span> <span class='ocrx_word' id='word_1_1055' title='bbox 2155 1866 2277 1892; x_wconf 70' lang='lat' dir='ltr'><strong>consido-</strong></span> 
     </span>
     <span class='ocr_line' id='line_1_122' title="bbox 1292 1901 2275 1934; baseline 0 -8"><span class='ocrx_word' id='word_1_1056' title='bbox 1292 1903 1364 1933; x_wconf 79' lang='grc'>18113,</span> <span class='ocrx_word' id='word_1_1057' title='bbox 1384 1902 1598 1934; x_wconf 81' lang='lat' dir='ltr'><strong>pertractatisque</strong></span> <span class='ocrx_word' id='word_1_1058' title='bbox 1616 1909 1663 1934; x_wconf 87' lang='lat' dir='ltr'><strong>pro</strong></span> <span class='ocrx_word' id='word_1_1059' title='bbox 1681 1902 1788 1932; x_wconf 80' lang='lat' dir='ltr'><strong>viribus,</strong></span> <span class='ocrx_word' id='word_1_1060' title='bbox 1807 1902 1873 1934; x_wconf 83' lang='lat' dir='ltr'><strong>(jol.</strong></span> <span class='ocrx_word' id='word_1_1061' title='bbox 1891 1910 1907 1927; x_wconf 90' lang='lat' dir='ltr'><strong>n</strong></span> <span class='ocrx_word' id='word_1_1062' title='bbox 1927 1903 1975 1932; x_wconf 72' lang='lat'><strong>9⁸)</strong></span> <span class='ocrx_word' id='word_1_1063' title='bbox 1994 1909 2057 1934; x_wconf 81' lang='lat' dir='ltr'><strong>quas</strong></span> <span class='ocrx_word' id='word_1_1064' title='bbox 2081 1901 2209 1927; x_wconf 83' lang='lat' dir='ltr'><strong>Dominus</strong></span> <span class='ocrx_word' id='word_1_1065' title='bbox 2228 1901 2275 1926; x_wconf 84' lang='lat' dir='ltr'><strong>do-</strong></span> 
     </span>
     <span class='ocr_line' id='line_1_123' title="bbox 1293 1935 2276 1968; baseline -0.001 -7"><span class='ocrx_word' id='word_1_1066' title='bbox 1293 1944 1356 1961; x_wconf 83' lang='lat' dir='ltr'><strong>nare</strong></span> <span class='ocrx_word' id='word_1_1067' title='bbox 1375 1937 1504 1967; x_wconf 79' lang='lat' dir='ltr'><strong>dignatur,</strong></span> <span class='ocrx_word' id='word_1_1068' title='bbox 1515 1937 1662 1968; x_wconf 82' lang='lat' dir='ltr'><strong>colligimus</strong></span> <span class='ocrx_word' id='word_1_1069' title='bbox 1678 1944 1730 1960; x_wconf 91' lang='lat' dir='ltr'><strong>non</strong></span> <span class='ocrx_word' id='word_1_1070' title='bbox 1741 1936 1874 1961; x_wconf 78' lang='lat' dir='ltr'><strong>iustificari</strong></span> <span class='ocrx_word' id='word_1_1071' title='bbox 1890 1937 2021 1961; x_wconf 85' lang='lat' dir='ltr'><strong>hominem</strong></span> <span class='ocrx_word' id='word_1_1072' title='bbox 2035 1936 2180 1968; x_wconf 76' lang='lat' dir='ltr'><strong>praeceptis</strong></span> <span class='ocrx_word' id='word_1_1073' title='bbox 2190 1935 2276 1960; x_wconf 81' lang='grc'>1101180</span> 
     </span>
     <span class='ocr_line' id='line_1_124' title="bbox 1294 1969 2275 2003; baseline 0 -8"><span class='ocrx_word' id='word_1_1074' title='bbox 1294 1972 1374 2001; x_wconf 83' lang='lat' dir='ltr'><strong>vitae,</strong></span> <span class='ocrx_word' id='word_1_1075' title='bbox 1393 1971 1444 1995; x_wconf 84' lang='lat' dir='ltr'><strong>nisi</strong></span> <span class='ocrx_word' id='word_1_1076' title='bbox 1462 1978 1509 2003; x_wconf 86' lang='lat' dir='ltr'><strong>per</strong></span> <span class='ocrx_word' id='word_1_1077' title='bbox 1527 1970 1603 1994; x_wconf 86' lang='lat' dir='ltr'><strong>fidem</strong></span> <span class='ocrx_word' id='word_1_1078' title='bbox 1622 1970 1681 1994; x_wconf 82' lang='lat' dir='ltr'><strong>Iesu</strong></span> <span class='ocrx_word' id='word_1_1079' title='bbox 1699 1970 1806 2001; x_wconf 87' lang='lat' dir='ltr'><strong>Christi,</strong></span> <span class='ocrx_word' id='word_1_1080' title='bbox 1825 1970 1878 1996; x_wconf 83' lang='lat' dir='ltr'><strong>Sed</strong></span> <span class='ocrx_word' id='word_1_1081' title='bbox 1902 1978 2031 1995; x_wconf 77' lang='lat' dir='ltr'><strong>sumamus</strong></span> <span class='ocrx_word' id='word_1_1082' title='bbox 2054 1978 2086 1995; x_wconf 82' lang='lat' dir='ltr'><strong>ex</strong></span> <span class='ocrx_word' id='word_1_1083' title='bbox 2111 1971 2168 2002; x_wconf 84' lang='lat' dir='ltr'><strong>ipso</strong></span> <span class='ocrx_word' id='word_1_1084' title='bbox 2190 1969 2275 1995; x_wconf 72' lang='lat' dir='ltr'><strong>Paulo</strong></span> 
     </span>
     <span class='ocr_line' id='line_1_125' title="bbox 1293 2004 2275 2036; baseline -0.001 -6"><span class='ocrx_word' id='word_1_1085' title='bbox 1293 2005 1452 2036; x_wconf 76' lang='lat' dir='ltr'><strong>testimonia,</strong></span> <span class='ocrx_word' id='word_1_1086' title='bbox 1471 2009 1498 2028; x_wconf 76' lang='lat' dir='ltr'><strong>vt</strong></span> <span class='ocrx_word' id='word_1_1087' title='bbox 1516 2004 1682 2029; x_wconf 84' lang='lat' dir='ltr'><strong>ostendamus</strong></span> <span class='ocrx_word' id='word_1_1088' title='bbox 1702 2012 1758 2029; x_wconf 88' lang='lat' dir='ltr'><strong>eum</strong></span> <span class='ocrx_word' id='word_1_1089' title='bbox 1778 2005 1913 2029; x_wconf 81' lang='lat' dir='ltr'><strong>detrahere</strong></span> <span class='ocrx_word' id='word_1_1090' title='bbox 1932 2005 2035 2030; x_wconf 81' lang='lat' dir='ltr'><strong>laudem</strong></span> <span class='ocrx_word' id='word_1_1091' title='bbox 2054 2005 2155 2036; x_wconf 82' lang='lat' dir='ltr'><strong>meriti,</strong></span> <span class='ocrx_word' id='word_1_1092' title='bbox 2173 2010 2218 2029; x_wconf 72' lang='lat' dir='ltr'><strong>sen</strong></span> <span class='ocrx_word' id='word_1_1093' title='bbox 2236 2005 2275 2029; x_wconf 78' lang='grc'><strong>18-</strong></span> 
     </span>
     <span class='ocr_line' id='line_1_126' title="bbox 1292 2038 2276 2071; baseline 0 -7"><span class='ocrx_word' id='word_1_1094' title='bbox 1292 2039 1465 2069; x_wconf 83' lang='lat' dir='ltr'><strong>stificationis,</strong></span> <span class='ocrx_word' id='word_1_1095' title='bbox 1484 2047 1537 2063; x_wconf 91' lang='lat' dir='ltr'><strong>non</strong></span> <span class='ocrx_word' id='word_1_1096' title='bbox 1556 2044 1654 2063; x_wconf 75' lang='lat' dir='ltr'><strong>tantum</strong></span> <span class='ocrx_word' id='word_1_1097' title='bbox 1674 2040 1841 2069; x_wconf 82' lang='lat' dir='ltr'><strong>ceremoniis,</strong></span> <span class='ocrx_word' id='word_1_1098' title='bbox 1859 2040 1905 2064; x_wconf 89' lang='lat' dir='ltr'><strong>sed</strong></span> <span class='ocrx_word' id='word_1_1099' title='bbox 1924 2041 2003 2064; x_wconf 79' lang='lat' dir='ltr'><strong>etim</strong></span> <span class='ocrx_word' id='word_1_1100' title='bbox 2027 2039 2168 2064; x_wconf 71' lang='lat' dir='ltr'><strong>moralibus</strong></span> <span class='ocrx_word' id='word_1_1101' title='bbox 2190 2038 2276 2071; x_wconf 71' lang='lat' dir='ltr'><strong>open-</strong></span> 
     </span>
     <span class='ocr_line' id='line_1_127' title="bbox 1293 2073 2276 2106; baseline 0 -8"><span class='ocrx_word' id='word_1_1102' title='bbox 1293 2074 1348 2099; x_wconf 85' lang='lat' dir='ltr'><strong>bus.</strong></span> <span class='ocrx_word' id='word_1_1103' title='bbox 1386 2073 1415 2099; x_wconf 79' lang='grc'><strong>10</strong></span> <span class='ocrx_word' id='word_1_1104' title='bbox 1444 2073 1536 2098; x_wconf 86' lang='lat' dir='ltr'><strong>eodem</strong></span> <span class='ocrx_word' id='word_1_1105' title='bbox 1565 2073 1657 2105; x_wconf 82' lang='lat' dir='ltr'><strong>Cupite</strong></span> <span class='ocrx_word' id='word_1_1106' title='bbox 1684 2074 1720 2097; x_wconf 84' lang='lat' dir='ltr'><strong>ait</strong></span> <span class='ocrx_word' id='word_1_1107' title='bbox 1748 2073 1860 2104; x_wconf 84' lang='lat' dir='ltr'><strong>Paulus,</strong></span> <span class='ocrx_word' id='word_1_1108' title='bbox 1882 2075 1964 2106; x_wconf 75' lang='lat' dir='ltr'><strong>gratis</strong></span> <span class='ocrx_word' id='word_1_1109' title='bbox 1987 2073 2122 2098; x_wconf 68' lang='lat' dir='ltr'><strong>iustificari</strong></span> <span class='ocrx_word' id='word_1_1110' title='bbox 2147 2073 2276 2104; x_wconf 72' lang='lat' dir='ltr'><strong>homines,</strong></span> 
     </span>
     <span class='ocr_line' id='line_1_128' title="bbox 1291 2107 2273 2140; baseline -0.001 -7"><span class='ocrx_word' id='word_1_1111' title='bbox 1291 2108 1355 2133; x_wconf 82' lang='grc'>11800</span> <span class='ocrx_word' id='word_1_1112' title='bbox 1373 2108 1501 2140; x_wconf 75' lang='lat' dir='ltr'><strong>particula</strong></span> <span class='ocrx_word' id='word_1_1113' title='bbox 1519 2115 1571 2132; x_wconf 88' lang='lat' dir='ltr'><strong>non</strong></span> <span class='ocrx_word' id='word_1_1114' title='bbox 1590 2111 1689 2132; x_wconf 81' lang='lat' dir='ltr'><strong>tautum</strong></span> <span class='ocrx_word' id='word_1_1115' title='bbox 1709 2109 1879 2138; x_wconf 76' lang='lat' dir='ltr'><strong>ceremonias,</strong></span> <span class='ocrx_word' id='word_1_1116' title='bbox 1898 2109 1945 2133; x_wconf 77' lang='lat' dir='ltr'><strong>sod</strong></span> <span class='ocrx_word' id='word_1_1117' title='bbox 1964 2109 2040 2132; x_wconf 74' lang='lat' dir='ltr'><strong>ctiam</strong></span> <span class='ocrx_word' id='word_1_1118' title='bbox 2065 2109 2185 2132; x_wconf 82' lang='lat' dir='ltr'><strong>meritum</strong></span> <span class='ocrx_word' id='word_1_1119' title='bbox 2209 2107 2273 2132; x_wconf 84' lang='grc'>8110-</span> 
     </span>
     <span class='ocr_line' id='line_1_129' title="bbox 1293 2140 2274 2175; baseline 0 -8"><span class='ocrx_word' id='word_1_1120' title='bbox 1293 2140 1473 2174; x_wconf 74' lang='grc' dir='ltr'>111111“0ρο111111</span> <span class='ocrx_word' id='word_1_1121' title='bbox 1493 2142 1617 2166; x_wconf 79' lang='lat' dir='ltr'><strong>excludit.</strong></span> <span class='ocrx_word' id='word_1_1122' title='bbox 1654 2142 1689 2166; x_wconf 82' lang='lat' dir='ltr'><strong>Et</strong></span> <span class='ocrx_word' id='word_1_1123' title='bbox 1707 2143 1786 2174; x_wconf 76' lang='lat' dir='ltr'><strong>paulo</strong></span> <span class='ocrx_word' id='word_1_1124' title='bbox 1805 2148 1863 2175; x_wconf 80' lang='lat' dir='ltr'><strong>post</strong></span> <span class='ocrx_word' id='word_1_1125' title='bbox 1882 2144 1965 2175; x_wconf 83' lang='lat' dir='ltr'><strong>inquit</strong></span> <span class='ocrx_word' id='word_1_1126' title='bbox 1983 2143 2114 2167; x_wconf 73' lang='lat' dir='ltr'><strong>exclusam</strong></span> <span class='ocrx_word' id='word_1_1127' title='bbox 2139 2150 2195 2167; x_wconf 74' lang='grc'>0830</span> <span class='ocrx_word' id='word_1_1128' title='bbox 2218 2142 2274 2174; x_wconf 70' lang='grc'>310-</span> 
     </span>
     <span class='ocr_line' id='line_1_130' title="bbox 1292 2176 2275 2209; baseline 0 -8"><span class='ocrx_word' id='word_1_1129' title='bbox 1292 2177 1442 2206; x_wconf 83' lang='grc'>11801000111,</span> <span class='ocrx_word' id='word_1_1130' title='bbox 1461 2177 1486 2201; x_wconf 89' lang='lat' dir='ltr'><strong>id</strong></span> <span class='ocrx_word' id='word_1_1131' title='bbox 1507 2181 1546 2200; x_wconf 75' lang='grc'><strong>031</strong></span> <span class='ocrx_word' id='word_1_1132' title='bbox 1564 2176 1612 2200; x_wconf 85' lang='lat' dir='ltr'><strong>hos</strong></span> <span class='ocrx_word' id='word_1_1133' title='bbox 1632 2177 1675 2209; x_wconf 92' lang='lat' dir='ltr'><strong>qui</strong></span> <span class='ocrx_word' id='word_1_1134' title='bbox 1695 2176 1790 2201; x_wconf 76' lang='lat' dir='ltr'><strong>habent</strong></span> <span class='ocrx_word' id='word_1_1135' title='bbox 1808 2177 1879 2201; x_wconf 71' lang='lat' dir='ltr'><strong>bonu</strong></span> <span class='ocrx_word' id='word_1_1136' title='bbox 1900 2185 1978 2209; x_wconf 75' lang='lat' dir='ltr'><strong>opera</strong></span> <span class='ocrx_word' id='word_1_1137' title='bbox 2003 2184 2054 2201; x_wconf 81' lang='lat' dir='ltr'><strong>nnn</strong></span> <span class='ocrx_word' id='word_1_1138' title='bbox 2078 2177 2172 2201; x_wconf 77' lang='lat' dir='ltr'><strong>debere</strong></span> <span class='ocrx_word' id='word_1_1139' title='bbox 2195 2176 2275 2201; x_wconf 76' lang='lat' dir='ltr'><strong>eonn-</strong></span> 
     </span>
     <span class='ocr_line' id='line_1_131' title="bbox 1292 2209 2276 2242; baseline -0.001 -6"><span class='ocrx_word' id='word_1_1140' title='bbox 1292 2212 1370 2242; x_wconf 82' lang='lat' dir='ltr'><strong>dere,</strong></span> <span class='ocrx_word' id='word_1_1141' title='bbox 1401 2212 1470 2242; x_wconf 82' lang='lat' dir='ltr'><strong>qnod</strong></span> <span class='ocrx_word' id='word_1_1142' title='bbox 1502 2211 1552 2235; x_wconf 90' lang='lat' dir='ltr'><strong>illis</strong></span> <span class='ocrx_word' id='word_1_1143' title='bbox 1577 2212 1696 2242; x_wconf 76' lang='lat' dir='ltr'><strong>operibus</strong></span> <span class='ocrx_word' id='word_1_1144' title='bbox 1720 2216 1866 2235; x_wconf 72' lang='lat' dir='ltr'><strong>mercantur</strong></span> <span class='ocrx_word' id='word_1_1145' title='bbox 1888 2211 2032 2236; x_wconf 74' lang='lat' dir='ltr'><strong>iustificari.</strong></span> <span class='ocrx_word' id='word_1_1146' title='bbox 2075 2211 2140 2236; x_wconf 75' lang='lat' dir='ltr'><strong>Item</strong></span> <span class='ocrx_word' id='word_1_1147' title='bbox 2163 2209 2276 2235; x_wconf 62' lang='lat' dir='ltr'><strong>nmmat</strong></span> 
     </span>
     <span class='ocr_line' id='line_1_132' title="bbox 1292 2245 2274 2277; baseline -0.001 -7"><span class='ocrx_word' id='word_1_1148' title='bbox 1292 2253 1379 2270; x_wconf 78' lang='lat' dir='ltr'><strong>omnes</strong></span> <span class='ocrx_word' id='word_1_1149' title='bbox 1409 2253 1465 2269; x_wconf 76' lang='lat' dir='ltr'><strong>esse</strong></span> <span class='ocrx_word' id='word_1_1150' title='bbox 1490 2246 1536 2269; x_wconf 82' lang='lat' dir='ltr'><strong>snb</strong></span> <span class='ocrx_word' id='word_1_1151' title='bbox 1561 2250 1678 2277; x_wconf 71' lang='lat' dir='ltr'><strong>peccato,</strong></span> <span class='ocrx_word' id='word_1_1152' title='bbox 1709 2250 1735 2269; x_wconf 85' lang='lat' dir='ltr'><strong>et</strong></span> <span class='ocrx_word' id='word_1_1153' title='bbox 1762 2247 1787 2271; x_wconf 87' lang='lat' dir='ltr'><strong>in</strong></span> <span class='ocrx_word' id='word_1_1154' title='bbox 1813 2246 1853 2270; x_wconf 84' lang='lat' dir='ltr'><strong>his</strong></span> <span class='ocrx_word' id='word_1_1155' title='bbox 1872 2246 1968 2271; x_wconf 76' lang='lat' dir='ltr'><strong>diserte</strong></span> <span class='ocrx_word' id='word_1_1156' title='bbox 1987 2245 2183 2277; x_wconf 78' lang='lat' dir='ltr'><strong>comprehendit</strong></span> <span class='ocrx_word' id='word_1_1157' title='bbox 2200 2246 2274 2276; x_wconf 79' lang='lat' dir='ltr'><strong>istos,</strong></span> 
     </span>
     <span class='ocr_line' id='line_1_133' title="bbox 1291 2279 2274 2313; baseline -0.001 -9"><span class='ocrx_word' id='word_1_1158' title='bbox 1291 2282 1334 2313; x_wconf 90' lang='lat' dir='ltr'><strong>qui</strong></span> <span class='ocrx_word' id='word_1_1159' title='bbox 1354 2285 1487 2304; x_wconf 78' lang='lat' dir='ltr'><strong>externam</strong></span> <span class='ocrx_word' id='word_1_1160' title='bbox 1508 2281 1636 2304; x_wconf 68' lang='lat' dir='ltr'><strong>iusticiam</strong></span> <span class='ocrx_word' id='word_1_1161' title='bbox 1657 2282 1830 2312; x_wconf 80' lang='lat' dir='ltr'><strong>prestiterunt.</strong></span> <span class='ocrx_word' id='word_1_1162' title='bbox 1867 2280 1907 2305; x_wconf 77' lang='lat' dir='ltr'><strong>Ex</strong></span> <span class='ocrx_word' id='word_1_1163' title='bbox 1934 2281 2054 2312; x_wconf 74' lang='lat' dir='ltr'><strong>oporibus</strong></span> <span class='ocrx_word' id='word_1_1164' title='bbox 2078 2279 2156 2311; x_wconf 67' lang='lat' dir='ltr'><strong>legis,</strong></span> <span class='ocrx_word' id='word_1_1165' title='bbox 2180 2280 2274 2310; x_wconf 77' lang='lat' dir='ltr'><strong>iuquit,</strong></span> 
     </span>
     <span class='ocr_line' id='line_1_134' title="bbox 1291 2313 2273 2346; baseline -0.001 -7"><span class='ocrx_word' id='word_1_1166' title='bbox 1291 2322 1343 2339; x_wconf 90' lang='lat' dir='ltr'><strong>non</strong></span> <span class='ocrx_word' id='word_1_1167' title='bbox 1364 2314 1544 2338; x_wconf 75' lang='lat' dir='ltr'><strong>iustificabitur</strong></span> <span class='ocrx_word' id='word_1_1168' title='bbox 1569 2316 1651 2339; x_wconf 83' lang='lat' dir='ltr'><strong>omnis</strong></span> <span class='ocrx_word' id='word_1_1169' title='bbox 1677 2321 1746 2338; x_wconf 71' lang='lat' dir='ltr'><strong>caro.</strong></span> <span class='ocrx_word' id='word_1_1170' title='bbox 1784 2315 1812 2340; x_wconf 76' lang='lat' dir='ltr'><strong>si</strong></span> <span class='ocrx_word' id='word_1_1171' title='bbox 1837 2319 1922 2339; x_wconf 78' lang='lat' dir='ltr'><strong>nutem</strong></span> <span class='ocrx_word' id='word_1_1172' title='bbox 1947 2315 2057 2339; x_wconf 81' lang='grc'>1111118118</span> <span class='ocrx_word' id='word_1_1173' title='bbox 2080 2320 2162 2346; x_wconf 76' lang='lat' dir='ltr'><strong>opera</strong></span> <span class='ocrx_word' id='word_1_1174' title='bbox 2183 2313 2273 2338; x_wconf 64' lang='lat' dir='ltr'><strong>iustifi-</strong></span> 
     </span>
     <span class='ocr_line' id='line_1_135' title="bbox 1291 2348 2275 2381; baseline -0.001 -8"><span class='ocrx_word' id='word_1_1175' title='bbox 1291 2354 1358 2378; x_wconf 81' lang='lat' dir='ltr'><strong>cunt,</strong></span> <span class='ocrx_word' id='word_1_1176' title='bbox 1378 2350 1492 2381; x_wconf 80' lang='lat' dir='ltr'><strong>seqnitur</strong></span> <span class='ocrx_word' id='word_1_1177' title='bbox 1511 2356 1562 2372; x_wconf 90' lang='lat' dir='ltr'><strong>non</strong></span> <span class='ocrx_word' id='word_1_1178' title='bbox 1575 2356 1664 2373; x_wconf 85' lang='lat' dir='ltr'><strong>omnes</strong></span> <span class='ocrx_word' id='word_1_1179' title='bbox 1676 2356 1731 2373; x_wconf 79' lang='lat' dir='ltr'><strong>csse</strong></span> <span class='ocrx_word' id='word_1_1180' title='bbox 1751 2348 1797 2372; x_wconf 78' lang='lat' dir='ltr'><strong>sub</strong></span> <span class='ocrx_word' id='word_1_1181' title='bbox 1816 2353 1932 2381; x_wconf 73' lang='lat' dir='ltr'><strong>peccato.</strong></span> <span class='ocrx_word' id='word_1_1182' title='bbox 1970 2348 2034 2373; x_wconf 74' lang='lat' dir='ltr'><strong>Item</strong></span> <span class='ocrx_word' id='word_1_1183' title='bbox 2054 2350 2168 2380; x_wconf 71' lang='lat' dir='ltr'><strong>sequitur</strong></span> <span class='ocrx_word' id='word_1_1184' title='bbox 2185 2348 2275 2380; x_wconf 66' lang='grc'>81101·</span> 
     </span>
     <span class='ocr_line' id='line_1_136' title="bbox 1291 2383 2274 2416; baseline 0.001 -9"><span class='ocrx_word' id='word_1_1185' title='bbox 1291 2391 1370 2415; x_wconf 74' lang='lat' dir='ltr'><strong>opera</strong></span> <span class='ocrx_word' id='word_1_1186' title='bbox 1389 2384 1454 2415; x_wconf 85' lang='lat' dir='ltr'><strong>lcgis</strong></span> <span class='ocrx_word' id='word_1_1187' title='bbox 1473 2383 1620 2408; x_wconf 73' lang='lat' dir='ltr'><strong>iustificare.</strong></span> <span class='ocrx_word' id='word_1_1188' title='bbox 1657 2383 1777 2415; x_wconf 77' lang='lat' dir='ltr'><strong>Denique</strong></span> <span class='ocrx_word' id='word_1_1189' title='bbox 1796 2384 1817 2407; x_wconf 93' lang='lat' dir='ltr'><strong>si</strong></span> <span class='ocrx_word' id='word_1_1190' title='bbox 1837 2388 1943 2415; x_wconf 73' lang='lat' dir='ltr'><strong>propter</strong></span> <span class='ocrx_word' id='word_1_1191' title='bbox 1965 2391 2046 2416; x_wconf 79' lang='lat' dir='ltr'><strong>opera</strong></span> <span class='ocrx_word' id='word_1_1192' title='bbox 2064 2383 2176 2407; x_wconf 71' lang='lat' dir='ltr'><strong>moralia</strong></span> <span class='ocrx_word' id='word_1_1193' title='bbox 2199 2383 2274 2408; x_wconf 64' lang='lat' dir='ltr'><strong>iuti-</strong></span> 
     </span>
     <span class='ocr_line' id='line_1_137' title="bbox 1290 2417 2275 2447; baseline -0.001 -5"><span class='ocrx_word' id='word_1_1194' title='bbox 1290 2418 1401 2442; x_wconf 75' lang='lat' dir='ltr'><strong>licsntnr</strong></span> <span class='ocrx_word' id='word_1_1195' title='bbox 1419 2418 1551 2446; x_wconf 83' lang='lat' dir='ltr'><strong>homines,</strong></span> <span class='ocrx_word' id='word_1_1196' title='bbox 1577 2417 1671 2442; x_wconf 77' lang='lat' dir='ltr'><strong>frustra</strong></span> <span class='ocrx_word' id='word_1_1197' title='bbox 1695 2417 1811 2442; x_wconf 77' lang='lat' dir='ltr'><strong>Christus</strong></span> <span class='ocrx_word' id='word_1_1198' title='bbox 1836 2422 1951 2441; x_wconf 78' lang='lat' dir='ltr'><strong>mortuus</strong></span> <span class='ocrx_word' id='word_1_1199' title='bbox 1977 2423 2030 2447; x_wconf 80' lang='lat' dir='ltr'><strong>est,</strong></span> <span class='ocrx_word' id='word_1_1200' title='bbox 2054 2417 2095 2442; x_wconf 73' lang='grc'><strong>118</strong></span> <span class='ocrx_word' id='word_1_1201' title='bbox 2118 2418 2275 2442; x_wconf 70' lang='lat' dir='ltr'><strong>obscur-uu·</strong></span> 
     </span>
     <span class='ocr_line' id='line_1_138' title="bbox 1291 2452 2274 2483; baseline 0 -7"><span class='ocrx_word' id='word_1_1202' title='bbox 1291 2453 1375 2483; x_wconf 76' lang='lat' dir='ltr'><strong>gloriu</strong></span> <span class='ocrx_word' id='word_1_1203' title='bbox 1394 2453 1506 2482; x_wconf 82' lang='lat' dir='ltr'><strong>Christi,</strong></span> <span class='ocrx_word' id='word_1_1204' title='bbox 1525 2460 1577 2476; x_wconf 87' lang='grc'><strong>000</strong></span> <span class='ocrx_word' id='word_1_1205' title='bbox 1601 2453 1684 2476; x_wconf 84' lang='lat' dir='ltr'><strong>solum</strong></span> <span class='ocrx_word' id='word_1_1206' title='bbox 1709 2459 1765 2476; x_wconf 82' lang='lat' dir='ltr'><strong>cum</strong></span> <span class='ocrx_word' id='word_1_1207' title='bbox 1791 2453 1912 2477; x_wconf 86' lang='lat' dir='ltr'><strong>tribuitur</strong></span> <span class='ocrx_word' id='word_1_1208' title='bbox 1937 2452 2085 2477; x_wconf 71' lang='lat' dir='ltr'><strong>institit-atio</strong></span> <span class='ocrx_word' id='word_1_1209' title='bbox 2109 2452 2274 2481; x_wconf 71' lang='lat' dir='ltr'><strong>ceremoniis,</strong></span> 
     </span>
     <span class='ocr_line' id='line_1_139' title="bbox 1291 2486 2273 2519; baseline 0 -9"><span class='ocrx_word' id='word_1_1210' title='bbox 1291 2488 1334 2511; x_wconf 81' lang='lat' dir='ltr'><strong>scd</strong></span> <span class='ocrx_word' id='word_1_1211' title='bbox 1355 2488 1431 2511; x_wconf 72' lang='lat' dir='ltr'><strong>ctiam</strong></span> <span class='ocrx_word' id='word_1_1212' title='bbox 1452 2495 1508 2511; x_wconf 76' lang='lat' dir='ltr'><strong>cum</strong></span> <span class='ocrx_word' id='word_1_1213' title='bbox 1528 2487 1648 2511; x_wconf 87' lang='lat' dir='ltr'><strong>tribuitur</strong></span> <span class='ocrx_word' id='word_1_1214' title='bbox 1667 2487 1807 2511; x_wconf 71' lang='lat' dir='ltr'><strong>mor-libus</strong></span> <span class='ocrx_word' id='word_1_1215' title='bbox 1827 2488 1956 2519; x_wconf 76' lang='lat' dir='ltr'><strong>operibus.</strong></span> <span class='ocrx_word' id='word_1_1216' title='bbox 1995 2487 2090 2512; x_wconf 72' lang='lat' dir='ltr'><strong>Paulus</strong></span> <span class='ocrx_word' id='word_1_1217' title='bbox 2116 2487 2149 2512; x_wconf 66' lang='lat' dir='ltr'><strong>nd</strong></span> <span class='ocrx_word' id='word_1_1218' title='bbox 2167 2486 2273 2512; x_wconf 78' lang='grc'>0818188</span> 
     </span>
     <span class='ocr_line' id='line_1_140' title="bbox 1291 2521 2274 2553; baseline -0.001 -7"><span class='ocrx_word' id='word_1_1219' title='bbox 1291 2523 1475 2551; x_wconf 63' lang='lat' dir='ltr'><strong>ratiocinatur,</strong></span> <span class='ocrx_word' id='word_1_1220' title='bbox 1501 2521 1631 2545; x_wconf 81' lang='lat' dir='ltr'><strong>Christum</strong></span> <span class='ocrx_word' id='word_1_1221' title='bbox 1656 2522 1753 2553; x_wconf 67' lang='lat' dir='ltr'><strong>peccati</strong></span> <span class='ocrx_word' id='word_1_1222' title='bbox 1778 2522 1923 2545; x_wconf 68' lang='lat' dir='ltr'><strong>ministrnm</strong></span> <span class='ocrx_word' id='word_1_1223' title='bbox 1949 2522 2019 2551; x_wconf 74' lang='lat' dir='ltr'><strong>tore,</strong></span> <span class='ocrx_word' id='word_1_1224' title='bbox 2047 2523 2068 2547; x_wconf 85' lang='lat' dir='ltr'><strong>si</strong></span> <span class='ocrx_word' id='word_1_1225' title='bbox 2095 2522 2182 2547; x_wconf 74' lang='lat' dir='ltr'><strong>odhno</strong></span> <span class='ocrx_word' id='word_1_1226' title='bbox 2210 2521 2274 2546; x_wconf 73' lang='lat' dir='ltr'><strong>alibi</strong></span> 
     </span>
     <span class='ocr_line' id='line_1_141' title="bbox 1290 2556 2272 2588; baseline 0 -8"><span class='ocrx_word' id='word_1_1227' title='bbox 1290 2557 1421 2587; x_wconf 74' lang='lat' dir='ltr'><strong>querenda</strong></span> <span class='ocrx_word' id='word_1_1228' title='bbox 1439 2557 1473 2580; x_wconf 81' lang='lat' dir='ltr'><strong>sit</strong></span> <span class='ocrx_word' id='word_1_1229' title='bbox 1492 2556 1642 2580; x_wconf 74' lang='lat' dir='ltr'><strong>iustificatio</strong></span> <span class='ocrx_word' id='word_1_1230' title='bbox 1661 2563 1706 2588; x_wconf 81' lang='lat' dir='ltr'><strong>per</strong></span> <span class='ocrx_word' id='word_1_1231' title='bbox 1724 2563 1803 2587; x_wconf 75' lang='lat' dir='ltr'><strong>open</strong></span> <span class='ocrx_word' id='word_1_1232' title='bbox 1823 2557 1896 2587; x_wconf 72' lang='lat' dir='ltr'><strong>legis,</strong></span> <span class='ocrx_word' id='word_1_1233' title='bbox 1915 2558 1975 2588; x_wconf 73' lang='lat' dir='ltr'><strong>quin</strong></span> <span class='ocrx_word' id='word_1_1234' title='bbox 1994 2558 2014 2580; x_wconf 81' lang='lat' dir='ltr'><strong>si</strong></span> <span class='ocrx_word' id='word_1_1235' title='bbox 2034 2564 2099 2588; x_wconf 74' lang='lat' dir='ltr'><strong>opus</strong></span> <span class='ocrx_word' id='word_1_1236' title='bbox 2117 2561 2157 2581; x_wconf 82' lang='lat' dir='ltr'><strong>est</strong></span> <span class='ocrx_word' id='word_1_1237' title='bbox 2173 2561 2272 2588; x_wconf 73' lang='lat' dir='ltr'><strong>pretor-</strong></span> 
     </span>
     <span class='ocr_line' id='line_1_142' title="bbox 1290 2590 2273 2622; baseline 0.001 -9"><span class='ocrx_word' id='word_1_1238' title='bbox 1290 2597 1320 2614; x_wconf 76' lang='lat' dir='ltr'><strong>ea</strong></span> <span class='ocrx_word' id='word_1_1239' title='bbox 1344 2598 1451 2622; x_wconf 78' lang='lat' dir='ltr'><strong>querere</strong></span> <span class='ocrx_word' id='word_1_1240' title='bbox 1476 2591 1700 2618; x_wconf 69' lang='lat' dir='ltr'><strong>iustitie-tionem,</strong></span> <span class='ocrx_word' id='word_1_1241' title='bbox 1720 2597 1772 2614; x_wconf 80' lang='lat' dir='ltr'><strong>non</strong></span> <span class='ocrx_word' id='word_1_1242' title='bbox 1792 2590 1887 2614; x_wconf 70' lang='lat' dir='ltr'><strong>sumi-it</strong></span> <span class='ocrx_word' id='word_1_1243' title='bbox 1913 2592 1998 2622; x_wconf 73' lang='grc'>318118</span> <span class='ocrx_word' id='word_1_1244' title='bbox 2021 2591 2118 2616; x_wconf 74' lang='lat' dir='ltr'><strong>etnim</strong></span> <span class='ocrx_word' id='word_1_1245' title='bbox 2143 2591 2177 2615; x_wconf 75' lang='lat' dir='ltr'><strong>od</strong></span> <span class='ocrx_word' id='word_1_1246' title='bbox 2200 2591 2273 2615; x_wconf 72' lang='lat' dir='ltr'><strong>tusu-</strong></span> 
     </span>
     <span class='ocr_line' id='line_1_143' title="bbox 1289 2625 2273 2657; baseline 0.001 -8"><span class='ocrx_word' id='word_1_1247' title='bbox 1289 2625 1432 2655; x_wconf 70' lang='lat' dir='ltr'><strong>flcandum,</strong></span> <span class='ocrx_word' id='word_1_1248' title='bbox 1454 2626 1507 2650; x_wconf 78' lang='lat' dir='ltr'><strong>Sed</strong></span> <span class='ocrx_word' id='word_1_1249' title='bbox 1535 2625 1654 2657; x_wconf 62' lang='lat' dir='ltr'><strong>opp-ruit</strong></span> <span class='ocrx_word' id='word_1_1250' title='bbox 1679 2629 1779 2648; x_wconf 68' lang='lat' dir='ltr'><strong>tuntum</strong></span> <span class='ocrx_word' id='word_1_1251' title='bbox 1807 2625 1943 2655; x_wconf 77' lang='lat' dir='ltr'><strong>Christus,</strong></span> <span class='ocrx_word' id='word_1_1252' title='bbox 1968 2629 1996 2649; x_wconf 81' lang='lat' dir='ltr'><strong>vt</strong></span> <span class='ocrx_word' id='word_1_1253' title='bbox 2015 2625 2074 2657; x_wconf 71' lang='grc'>1038</span> <span class='ocrx_word' id='word_1_1254' title='bbox 2096 2627 2176 2657; x_wconf 60' lang='lat' dir='ltr'><strong>magis</strong></span> <span class='ocrx_word' id='word_1_1255' title='bbox 2194 2626 2273 2650; x_wconf 67' lang='lat' dir='ltr'><strong>etia-</strong></span> 
     </span>
    </p>
   </div>
  </div>
 </body>
</html>
