2366 2958
86 133 150 166 481
430 132 468 164 11.

83 226 203 268 ⁸)quia
225 227 310 258 enim
333 226 406 257 irati
423 224 552 267 fugiunt
574 225 683 257 Deum
704 225 901 257 iudicantem
924 230 957 256 et
979 223 1064 255 affli-

82 274 233 312 gentem,
268 279 433 310 nunquam
457 269 603 299 sentiunt
634 278 672 299 se
701 267 860 299 exaudiri.
915 267 958 298 :lt
981 266 1063 298 fides

82 312 226 343 ostendit
248 311 468 352 praesentiam
479 310 555 348 Dei,
572 316 749 352 postquam
771 310 950 346 constituit,
973 309 1062 350 quod

83 353 176 386 Deus
199 355 302 396 gratis
330 354 503 396 ignoscat,
531 358 563 384 et
585 353 749 384 exaudiat.
763 354 796 391 ει)
847 352 985 393 Semper
1007 362 1064 382 au-

85 402 149 428 tem
174 396 207 427 in
236 397 358 428 mundo
385 394 491 426 haesit
506 397 537 433 ⁹)
567 396 664 436 impia
692 395 803 436 opinio
832 395 873 426 de
895 395 1062 435 operibus.

84 438 211 470 Gentes
251 438 420 470 habebant
459 438 640 475 sacrificia,
680 444 810 478 sumpta
849 447 869 468 a
901 437 1062 477 patribus,

83 481 208 513 Horum
232 490 334 521 opera
355 481 577 518 imitabantur,
600 481 698 511 iidem
721 490 786 511 non
804 480 972 516 tenebant,
994 478 1063 509 Sed

83 524 277 555 senciebant
313 532 416 564 opera
454 522 513 554 illa
544 523 812 564 propiciationem
846 527 879 552 et
916 522 1063 562 precium

84 575 172 604 esse,
194 571 329 606 propter
351 565 441 607 quod
462 565 557 597 Deus
580 563 850 597 reconciliaretur
872 564 964 604 ipsis.
1000 563 1062 594 Po-

82 606 180 650 pulus
203 608 236 638 in
260 608 335 649 lege
355 608 544 639 imitabatur
569 607 733 639 sacrificia
751 606 816 638 hac
833 607 998 647 opinione,
1012 608 1018 625 ¹
1031 608 1061 642 ο)

83 650 173 692 quod
200 656 336 691 propter
364 649 420 681 illa
444 661 547 691 opera
575 650 734 681 haberent
759 647 924 689 placatum
943 647 1063 686 Deum,

83 699 119 724 vt
145 693 190 723 ita
222 691 396 734 loquamur
420 703 460 724 ex
489 702 591 734 opere
621 698 768 733 operato.
787 694 837 729 ¹¹)
890 691 951 723 Hic
974 691 1064 721 vide-

83 745 157 766 mus
180 745 278 776 quam
308 735 519 766 vehementer
542 735 717 776 obiurgent
746 733 902 775 populum
924 732 1063 774 prophe-

83 782 149 809 tae.
183 776 417 815 Psa1.49.·2)
471 777 546 808 Νοη
579 778 612 808 in
640 776 816 816 sacrificijs
848 786 986 818 arguam
1020 782 1061 806 te.

83 819 126 851 Et
154 819 268 851 ierem.
323 820 398 851 Non
427 820 580 861 praecepi
614 820 656 850 de
683 819 992 850 holocaustomatis.
1012 820 1061 855 ¹²¹)

83 861 184 893 Tales
214 861 279 893 loci
306 863 461 893 damnant
491 872 559 893 non
588 872 706 903 opera,
737 872 822 903 quae
856 866 946 892 certe
967 860 1062 892 Deus

83 910 313 945 praeceperat,
349 910 384 935 vt
416 911 555 935 externa
589 905 748 936 exercitia
780 905 813 935 in
840 904 904 935 hac
939 902 1063 944 politia,

83 947 145 978 sed
176 947 330 978 dan-nant
364 947 494 988 impiam
522 949 790 988 persuasionem,
823 947 913 988 quod
936 947 1062 977 sencie-

83 989 162 1020 bant
185 999 223 1019 se
245 998 304 1029 per
326 988 383 1021 illa
407 1000 510 1031 opera
532 988 668 1029 placare
690 991 771 1020 iram
794 988 875 1027 Dei,
910 995 943 1020 et
965 988 1063 1019 fidem

81 1031 293 1073 abijciebant.
344 1032 384 1062 Et
409 1032 486 1072 quia
508 1030 600 1063 nulla
622 1042 724 1073 opera
747 1032 888 1063 reddunt
910 1037 1062 1072 pacatam

83 1075 344 1113 conscientiam,
379 1074 453 1106 ideo
477 1074 617 1105 subinde
639 1085 726 1106 noua
750 1085 851 1114 opera
874 1075 1062 1115 excogitan-

83 1122 137 1148 tur
159 1122 290 1156 praeter
312 1117 466 1148 mandata
488 1116 562 1148 Dei.
615 1119 662 1153 ¹⁴)
677 1116 823 1157 Populus
846 1115 951 1148 lsrael
975 1116 1063 1147 vide·

82 1165 134 1190 rat
155 1158 342 1200 Prophetas
365 1160 397 1190 in
421 1158 564 1190 excelsis
588 1159 812 1190 sacrificasse.
857 1158 963 1198 Porro
987 1169 1063 1189 san·

83 1207 211 1233 ctorum
234 1200 385 1243 exempla
402 1202 541 1232 maxime
563 1208 696 1234 mouent
715 1202 860 1240 animos,
888 1207 1062 1242 sperantes

82 1253 121 1274 se
144 1242 305 1275 similibus
327 1244 485 1285 operibus
504 1245 640 1285 perinde
661 1245 802 1286 gratiam
821 1250 1062 1276 consecuturos

82 1295 170 1324 esse,
182 1292 217 1317 vt
230 1284 276 1317 illi
294 1287 462 1317 consecuti
475 1293 562 1318 sunt.
597 1287 708 1322 Quare
721 1286 785 1317 hoc
798 1296 882 1327 opus
902 1289 941 1324 ¹⁴)
965 1286 1060 1317 mira·

82 1327 141 1359 bili
163 1328 274 1359 studio
298 1330 450 1369 cepit15)
469 1329 586 1360 imitari
609 1328 766 1370 populus,
789 1335 825 1360 vt
846 1339 905 1369 per
928 1329 961 1360 id
977 1338 1062 1369 opus

81 1376 266 1402 mereretur
286 1372 516 1403 remissionem
538 1378 764 1412 peccatorum,
787 1372 940 1413 gratiam,
963 1377 996 1402 et
1017 1372 1063 1402 iu-

81 1412 222 1444 sticiam.
240 1415 290 1452 ¹⁶)
346 1414 391 1446 At
417 1413 605 1454 Prophetae
637 1413 912 1446 sacrificauerant
938 1415 972 1445 in
1006 1424 1063 1445 ex-

80 1454 201 1493 celsis,
233 1465 301 1487 non
323 1462 359 1488 vt
387 1466 447 1497 per
467 1456 527 1488 illa
548 1467 652 1497 opera
673 1462 880 1488 mererentur
897 1456 1064 1488 remissio-

80 1507 156 1530 nem
183 1503 396 1539 peccatorum
426 1505 461 1531 et
488 1500 639 1541 gratiam,
657 1501 708 1537 ¹⁷)
743 1499 811 1531 Sed
839 1499 915 1540 quia
941 1500 975 1530 in
997 1497 1063 1530 illis

80 1539 168 1574 locis
191 1542 370 1579 docebant,
392 1542 467 1573 ideo
489 1543 534 1573 ibi
552 1542 774 1573 testimonium
793 1541 870 1573 fidei
889 1551 971 1573 suae
989 1551 1063 1583 pro-

81 1584 260 1624 ponebant.
311 1583 460 1625 Populus
493 1585 642 1616 audierat
669 1584 839 1616 Abraham
872 1583 1064 1616 immolasse

81 1624 185 1658 filium
207 1635 313 1658 suum.
360 1625 474 1662 Quare
496 1632 529 1658 et
551 1627 633 1667 ipsi,
657 1633 690 1659 vt
711 1627 894 1668 asperrimo
916 1637 958 1658 ac
981 1625 1063 1658 diffi-

83 1667 206 1701 cillimo
235 1678 336 1710 opere
365 1667 539 1710 placarent
565 1670 648 1702 iram
669 1669 751 1709 Dei,
774 1675 1004 1703 mactauerunt
1025 1669 1063 1701 fi-

99 1779 128 1810 8)
148 1780 209 1811 quia
227 1781 296 1803 enim
314 1781 373 1804 irati
392 1780 495 1811 fugiunt
513 1794 547 1799 —
565 1794 597 1799 --
616 1783 751 1812 ignoscat,
771 1785 795 1804 et
814 1780 959 1812 exaudiat]
979 1781 1061 1806 Editt.

151 1814 242 1837 2—4.:
270 1821 326 1838 cum
354 1815 529 1838 conscientiae
556 1815 684 1845 fugientes
709 1816 773 1839 iram
796 1815 860 1844 Dei,
888 1822 939 1838 non
964 1816 1063 1846 possint

150 1855 239 1879 pacem
257 1850 396 1880 consequi,
415 1856 462 1872 nec
481 1854 596 1873 statuere
618 1857 744 1880 unquam,
768 1850 837 1880 quod
862 1857 877 1873 a
900 1849 959 1874 Deo
985 1857 1062 1874 exau-

151 1882 265 1906 diantur.
301 1885 338 1906 At
357 1890 413 1907 cum
432 1885 541 1907 accessit
558 1883 622 1907 fides
641 1891 706 1915 qnae
725 1884 817 1913 credit,
833 1884 902 1915 quod
922 1885 1003 1914 gratis
1023 1891 1061 1908 re-

151 1920 270 1947 putemur
289 1917 358 1947 iusti,
376 1917 441 1941 haec
459 1918 538 1941 audet
556 1919 680 1941 inuocare
703 1917 802 1948 Deum,
822 1922 847 1941 et
865 1919 942 1941 sentit
965 1926 993 1942 se
1018 1925 1061 1942 ex-

151 1950 243 1979 audiri,
263 1955 288 1973 et
306 1953 472 1982 consequitur
489 1959 576 1976 ueram
595 1953 719 1975 noticiam
739 1952 797 1976 Dei.

99 1993 129 2025 9)
149 1993 178 2017 iu
196 1993 292 2017 mundo
311 1993 403 2026 haesit]
422 1994 503 2018 Editt.
522 1995 613 2018 2—4.:
632 1994 706 2018 heret
724 1995 751 2018 in
770 1995 867 2018 mundo

83 2035 129 2067 10)
148 2035 276 2060 sacrificia
297 2036 346 2060 hac
370 2035 519 2070 opinione.]
545 2037 625 2062 Editt.
650 2037 741 2062 2—4.:
766 2038 814 2062 hac
838 2037 960 2068 opinione
983 2038 1060 2061 sacri-

151 2070 218 2099 ficia,

83 2113 128 2144 11)
148 2117 173 2135 vt
191 2113 228 2136 ita
245 2113 382 2144 loquamur
401 2120 433 2136 ex
453 2120 530 2144 opere
548 2112 678 2146 operata]
704 2113 785 2138 Editt.
810 2114 899 2138 2-4,:
925 2121 957 2138 ex
982 2121 1060 2145 opere

150 2151 258 2178 operato
276 2151 304 2170 ut
322 2147 373 2171 dici
392 2147 465 2171 solet.

82 2189 128 2221 12)
146 2188 215 2213 Psai.
236 2188 290 2220 49]
310 2189 357 2213 Ed.
378 2190 419 2214 3.:
438 2183 541 2214 Ps'aimo
561 2189 761 2221 quadragesimo
780 2197 859 2215 nono.
879 2195 882 2199 ·

82 2232 127 2261 1³)
145 2231 396 2265 holocaustomatis]
416 2231 496 2257 Editt.
516 2234 610 2256 2-4.:
628 2233 796 2257 holocaustis.

84 2273 128 2304 14)
146 2272 262 2305 Populus
280 2274 360 2298 Israel
379 2274 481 2298 viderat
500 2287 532 2292 —
550 2288 583 2293 —
603 2275 690 2304 Quare
708 2275 757 2299 hoc
773 2275 847 2307 opus]
866 2276 948 2301 Editt.
968 2277 1057 2301 2—4.:

150 2308 190 2331 Ac
213 2309 324 2332 maxime
349 2314 454 2332 mouent
484 2309 602 2333 homines
630 2310 748 2340 exemplu
775 2314 936 2340 sanctorum,
966 2311 1059 2335 horum

150 2342 297 2366 imitacioue
315 2347 421 2372 sperant
442 2349 469 2366 se
487 2344 595 2374 perinde
620 2348 804 2367 consecuturos
828 2351 882 2368 esse
906 2346 1059 2369 reconcilia-

152 2376 257 2405 tionem,
276 2380 304 2400 nt
321 2377 359 2400 ini
378 2378 508 2401 consecuti
527 2382 594 2402 sunt.
631 2377 745 2408 Populus
763 2378 843 2402 Israel
869 2379 971 2403 uiderat
993 2380 1058 2404 Pro-

152 2409 242 2441 phetas
262 2411 289 2434 in
308 2412 416 2435 excelsis
434 2411 604 2435 sacrificasse.
641 2412 700 2435 noe
719 2419 784 2443 opus

83 2452 128 2484 1⁶)
148 2451 227 2484 cepit]
247 2451 326 2476 Editt.
346 2454 436 2478 2-4,:
457 2455 544 2485 coepit

81 2493 128 2526 16)
147 2499 289 2518 mereretur
315 2496 490 2520 remissionem
514 2501 691 2528 peccatorum,
719 2497 838 2528 gratiam.
857 2501 883 2521 et
909 2497 1057 2531 iusticiam]

150 2529 232 2553 Editt.
251 2530 340 2554 2—4.:
359 2529 474 2560 placaret
492 2532 556 2555 iram
575 2531 632 2555 Dei.

83 2571 128 2601 17)
148 2576 174 2595 et
190 2571 321 2605 grainan]
339 2573 365 2596 in
383 2573 465 2597 Editt.
485 2574 560 2598 2—4.
580 2573 673 2598 desum.

285 2630 436 2651 HELANTH.
451 2631 533 2652 OPRB.
548 2631 611 2651 VOL.
627 2632 715 2651 XXVH.

513 129 739 164 APOLOGIA
765 131 1084 164 CONFESSIONIS
1107 131 1422 166 AUGUSTANAE.
1468 131 1507 164 Β.
1557 132 1747 165 ALTERA.

2029 135 2095 168 482

1114 223 1190 257 lios.
1241 225 1286 257 At
1319 224 1488 257 Abraham
1517 235 1585 257 non
1618 225 1682 257 hac
1718 227 1873 267 opinione
1902 226 2094 259 immolabat

1115 266 1228 306 filium,
1250 274 1285 299 vt
1307 269 1340 299 id
1364 278 1449 309 opus
1472 274 1561 300 esset
1583 269 1729 310 precium
1750 277 1779 300 et
1805 270 1998 310 propiciatio
2017 281 2092 311 pro-

1115 314 1188 350 pter
1210 320 1308 350 quam
1329 311 1435 342 iustus
1466 317 1682 352 reputaretur.
1728 311 1786 343 Sic
1814 313 1846 342 in
1872 311 2022 343 Ecclesia
2046 314 2093 343 in-

1115 351 1229 382 stituta
1258 358 1310 383 est
1338 363 1443 384 coena
1465 353 1616 392 Domini,
1647 360 1681 385 vt
1703 355 1933 385 recordatione
1956 356 2092 395 promis-

1115 394 1245 424 sionum
1268 393 1408 432 Christi,
1437 406 1574 437 quarum
1601 398 1632 427 in
1660 396 1725 428 hoc
1748 397 1845 438 signo
1869 398 2093 435 admonemur,

1116 435 1329 468 confirmetur
1352 438 1384 468 in
1408 439 1503 468 nobis
1526 438 1621 477 fides,
1646 444 1678 470 et
1707 438 1788 470 soris
1815 439 2030 471 confiteamur
2057 440 2092 470 fi-

1115 478 1189 509 dem
1212 484 1358 510 nostram
1382 485 1414 510 et
1436 482 1663 521 praedicemus
1687 481 1848 513 beneficia
1870 481 2007 519 Christi,
2030 483 2094 513 sic-

1114 527 1150 552 ut
1173 520 1296 552 Paulus
1326 522 1380 552 ait.
1433 522 1571 558 Quoties
1604 523 1769 562 fecerum,
1800 531 1936 555 mortem
1960 524 2094 556 Domini

1115 564 1359 595 annunciabitis
1388 570 1451 595 etc.
1509 565 1630 597 Verum
1659 567 1842 608 aducrsarij
1878 568 1981 598 nostri
2016 578 2093 598 con-

1114 606 1252 637 tendunt
1284 605 1423 638 Missam
1456 617 1532 638 esse
1568 619 1653 648 opus
1693 610 1780 650 quod
1812 620 1851 640 ex
1879 620 1980 650 opere
2015 620 2093 651 ope-

1114 655 1189 679 rato
1213 648 1379 686 iustificat,
1402 655 1435 680 et
1457 649 1542 680 tollit
1561 652 1609 688 ¹³)
1634 658 1757 682 reatuin
1777 651 1894 693 culpae
1914 660 1944 683 et
1965 663 2094 693 poenae

1115 692 1147 722 in
1170 691 1222 722 his
1245 702 1305 732 pro
1329 693 1448 732 quibus
1472 692 1518 722 fit.
1554 694 1611 723 Sic
1634 694 1719 724 enim
1742 695 1856 725 scribit
1878 694 2026 726 Gabriel.
2041 697 2046 714 ¹
2061 697 2092 728 ⁰)

1115 734 1299 771 Antonius,
1335 734 1544 772 Bernardus,
1579 735 1781 774 Dominicus,
1816 737 2026 775 franciscus,
2062 744 2094 769 et

1115 775 1169 815 aiij
1204 777 1310 807 sancti
1345 776 1461 808 Patres
1497 776 1664 818 elegerunt
1695 786 1819 810 certum
1852 781 1939 811 vitae
1973 790 2092 822 genuS,

1115 818 1170 850 vel
1203 825 1338 860 propter
1361 820 1520 858 studium,
1555 820 1609 851 vel
1641 827 1774 862 propter
1796 820 1862 853 alia
1886 822 1976 853 vtilia
1999 833 2093 854 exer-

1117 861 1200 892 citia.
1245 862 1377 893 interim
1399 863 1592 894 senciebant
1613 874 1650 894 se
1674 863 1737 894 fide
1761 871 1897 905 propter
1926 864 2094 897 Christum

1114 904 1220 935 iustos
1250 905 1413 944 reputari,
1448 912 1481 936 et
1509 904 1634 937 habere
1662 907 1843 947 propicium
1872 907 1996 946 Deum,
2026 919 2093 939 non

1114 953 1252 988 propter
1284 946 1343 978 illa
1372 948 1507 989 propria
1535 949 1702 979 exercitia.
1719 952 1770 985 ²⁰)
1823 950 1890 981 sed
1919 949 2091 981 multitudo

1115 989 1272 1030 deinceps
1294 990 1418 1021 imitata
1439 997 1501 1028 est,
1524 1001 1590 1022 non
1614 991 1711 1022 fidem
1735 991 1882 1030 l’atrum,
1905 994 1964 1023 scd
1988 1003 2094 1024 exem-

1114 1031 1171 1073 pla
1193 1032 1266 1063 sine
1288 1031 1369 1070 fide,
1401 1038 1434 1064 vt
1458 1043 1517 1074 per
1546 1032 1603 1064 illa
1627 1044 1729 1074 opera
1753 1040 1956 1066 mererentur
1980 1037 2093 1066 remis-

1115 1075 1241 1105 sionem
1264 1081 1489 1115 peccatorum,
1516 1077 1743 1117 2¹)gratiam‚
1767 1083 1800 1107 et
1823 1077 2004 1116 iusticiam,
2028 1089 2095 1109 non

1115 1123 1293 1148 senserunt
1325 1127 1363 1148 se
1397 1118 1481 1149 haec
1511 1120 1614 1160 gratis
1646 1119 1800 1159 accipere
1830 1126 1965 1161 propter
1987 1122 2095 1161 propi-

1115 1160 1273 1191 ciatorem
1303 1159 1481 1191 Christum.
1534 1162 1590 1192 Sic
1619 1162 1661 1192 de
1691 1163 1842 1193 omnibus
1866 1163 2025 1204 operibus
2050 1165 2094 1195 iu-

1115 1203 1204 1233 dicat
1227 1202 1384 1241 munduS,
1418 1204 1506 1244 quod
1528 1204 1595 1234 sint
1617 1205 1830 1245 propiciatio,
1854 1215 1919 1246 qua
1942 1204 2095 1246 placatur

1115 1244 1228 1283 Deus,
1262 1246 1351 1286 quod
1384 1246 1449 1276 sint
1473 1247 1600 1286 precia,
1634 1253 1770 1288 propter
1793 1258 1878 1288 quae
1907 1254 2095 1289 reputamur

1114 1287 1199 1318 iusti.
1255 1287 1331 1318 reon
1364 1289 1465 1319 sentit
1499 1287 1667 1320 Christum
1710 1299 1787 1320 esse
1831 1291 2096 1331 propiciatorem,

1115 1339 1180 1361 non
1204 1330 1323 1368 sentit,
1352 1331 1441 1371 quod
1464 1330 1530 1362 fide
1552 1332 1656 1372 gratis
1680 1341 1940 1373 consequamur,
1963 1340 1998 1365 vt
2021 1334 2097 1365 iusti

1114 1378 1303 1413 reputemur
1325 1379 1460 1414 propter
1478 1372 1657 1406 Christum.
1703 1374 1746 1406 Et
1767 1380 1876 1406 tamen
1899 1385 1973 1407 cum
1994 1386 2098 1417 opera

1115 1425 1182 1446 non
1204 1416 1334 1456 possint
1362 1416 1502 1447 reddere
1532 1422 1685 1458 pacatam
1709 1418 1945 1449 conscientiam
1970 1418 2096 1461 eligun-

1115 1462 1168 1488 tur
1201 1457 1342 1489 subinde
1375 1457 1458 1497 alia,
1493 1458 1576 1490 fiunt
1609 1460 1687 1491 noui
1721 1459 1848 1499 cultus,
1884 1471 1973 1493 noua
2006 1468 2097 1500 vota,

1115 1500 1194 1531 noui
1211 1501 1442 1539 monachatus,
1453 1507 1585 1543 praeter
1607 1503 1797 1534 mandatum
1808 1502 1885 1542 Dei,
1903 1510 1939 1535 vt
1960 1503 2097 1547 aliquod

1114 1552 1269 1584 magnum
1297 1553 1317 1573 ο
1343 1553 1382 1575 us
1409 1550 1604 1586 quaeratur,
1636 1546 1727 1586 quod
1750 1547 1857 1586 possit
1880 1548 2002 1588 opponi
2023 1548 2096 1579 irae

1115 1591 1148 1617 et
1170 1586 1290 1618 iudicio
1347 1586 1387 1618 ei.

1202 1644 1272 1680 Has
1300 1645 1417 1687 impias
1447 1646 1619 1688 opiniones
1654 1648 1695 1679 de
1722 1648 1877 1689 operibus
1911 1649 2093 1690 aduersarij

1115 1693 1248 1720 tuentur
1278 1694 1396 1720 contra
1425 1691 1633 1731 scripturam.
1677 1690 1723 1722 At
1746 1691 1830 1723 haec
1853 1691 1997 1723 tribuere
2019 1702 2095 1733 ope-

1115 1730 1206 1762 ribus
1228 1731 1371 1769 nostris,
1393 1732 1483 1773 quod
1507 1733 1572 1763 sint
1594 1733 1805 1774 propiciatio,
1836 1735 1925 1776 quod
1947 1744 2096 1767 merean-

1114 1779 1168 1804 tur
1190 1773 1418 1805 remissionem
1435 1781 1661 1816 peccatorum,
1685 1782 1716 1807 et
1739 1777 1888 1818 gratiam,
1911 1778 2000 1819 quod
2019 1789 2094 1819 pro-

1114 1821 1188 1857 pter
1211 1826 1251 1847 ea
1273 1815 1350 1847 iusti
1373 1827 1487 1848 coram
1510 1817 1583 1849 Deo
1607 1824 1806 1859 reputemur,
1831 1830 1896 1851 non
1920 1820 1996 1858 fide,
2019 1831 2094 1861 pro·

1113 1864 1186 1900 pter
1208 1857 1375 1890 Christum
1403 1860 1669 1901 propiciatorem.
1714 1861 1801 1897 Quid
1829 1861 1895 1893 hoc
1917 1862 2007 1894 aliud
2030 1869 2093 1901 est,

1114 1911 1213 1943 qnam
1246 1899 1381 1932 Christo
1416 1902 1590 1934 detrahere
1622 1902 1782 1935 honorem
1817 1905 2023 1943 mediatoris,
2059 1910 2093 1937 et

1113 1943 1356 1985 propiciatoris.
1414 1944 1485 1976 Nos
1517 1946 1616 1988 igitur
1648 1947 1710 1978 etsi
1739 1948 1898 1980 sentimus
1926 1957 1967 1980 ac
1996 1949 2092 1980 doce-

1114 2106 1159 2138 18)
1179 2107 1310 2136 iustificat,
1331 2112 1356 2130 et
1374 2106 1453 2138 tollit]
1472 2107 1554 2131 Editt.
1575 2108 1663 2132 2—4.:
1683 2109 1816 2139 insufflet,
1835 2115 1861 2134 et
1878 2110 1953 2134 tollat

1114 2149 1159 2180 19)
1178 2148 1222 2173 Sic
1241 2150 1308 2173 onim
1327 2149 1418 2173 scribit
1437 2150 1564 2182 Gabriel]
1584 2151 1610 2174 u'n
1627 2151 1708 2176 Editt.
1729 2152 1805 2176 2—4.
1825 2153 1918 2177 desunt.

1113 2192 1159 2224 20)
1178 2193 1320 2224 propicium
1341 2192 1432 2223 Deum,
1453 2199 1504 2216 non
1524 2197 1629 2225 propter
1648 2195 1694 2218 illa
1713 2196 1819 2226 propria
1837 2195 1981 2227 exercitia]
2006 2195 2088 2220 Editt.

1181 2227 1271 2250 2—4.:
1290 2226 1375 2250 Deum
1393 2227 1534 2259 propicium
1552 2232 1657 2260 propter
1676 2228 1817 2260 Christum,
1838 2237 1889 2253 non
1916 2234 2020 2262 propter
2044 2231 2089 2255 ill-

1182 2261 1316 2285 exercitia.

1112 2303 1158 2334 21)
1177 2304 1296 2334 gratiam,
1311 2307 1336 2327 et
1354 2305 1491 2334 iusticiam,
1502 2312 1555 2329 non
1567 2309 1743 2329 senserunt—
1753 2320 1784 2324 --
1797 2319 1827 2323 —
1837 2306 1877 2330 Ex
1891 2305 2033 2338 Corinthijs
2053 2309 2087 2332 ci-

1182 2342 1244 2361 ta.·.t.
1259 2337 1303 2371 (p.
1320 2337 1405 2370 483.)]
1421 2347 1469 2371 pro
1488 2338 1525 2363 his
1540 2339 1719 2371 prolixioribus
1737 2340 1848 2372 Ieyuntm·
1867 2341 1893 2363 t'n
1910 2339 1990 2364 Editt.
2012 2342 2087 2366 2—4.

1180 2370 1240 2396 Ιιαεσ
1259 2371 1388 2396 breviora:
1407 2377 1435 2396 ut
1452 2377 1557 2405 propter
1574 2374 1618 2398 ilia
1637 2381 1716 2405 opera
1735 2378 1914 2405 reputarentur
1927 2375 1985 2399 iusti
1999 2383 2086 2399 coram

1180 2405 1249 2429 Deo.
1284 2406 1325 2430 Itu
1344 2410 1412 2430 errat
1430 2407 1554 2431 humanus
1573 2409 1672 2431 animus
1691 2409 1723 2431 de
1742 2409 1871 2440 operibus,
1890 2410 1950 2441 quia
1969 2409 2029 2434 fidei
2049 2412 2087 2434 iu—

1180 2441 1280 2464 sticiam
1299 2448 1351 2464 non
1370 2442 1500 2472 inteiligit.
1525 2441 1558 2465 Et
1574 2442 1640 2465 hunc
1661 2449 1774 2466 errorem
1789 2443 1956 2474 reprehendit
1967 2444 2085 2475 Euange-

1181 2474 1260 2504 lium,
1287 2475 1357 2506 quod
1385 2476 1461 2499 docsst
1487 2475 1603 2499 homines
1631 2477 1712 2500 iustos
1743 2478 1869 2508 reputari,
1898 2485 1950 2502 non
1980 2483 2085 2510 propter

1179 2508 1279 2539 legem,
1302 2509 1347 2532 sed
1372 2514 1476 2540 propter
1493 2510 1574 2534 solum
1599 2511 1744 2541 Christum,
1773 2511 1891 2536 Christus
1918 2516 2002 2536 autem
2029 2514 2086 2537 sol·

1179 2542 1229 2566 fide
1247 2543 1458 2575 apprehenditur,
1482 2543 1566 2572 Quare
1590 2545 1645 2568 sola
1668 2545 1719 2569 fido
1745 2550 1846 2577 propter
1870 2545 1999 2571 Christum
2024 2548 2084 2571 iusti

1178 2581 1333 2608 reputamur.
1369 2577 1423 2602 Sed
1442 2578 1566 2609 obiiciunt
1583 2579 1726 2611 aduersurij
1746 2580 1830 2604 locum
1848 2587 1880 2605 ex
1900 2580 2050 2612 Corinthiis,

1846 2632 1877 2655 31
