2366 2958
83 155 146 187 161
562 154 584 187 1.

81 249 259 285 videntur,v
275 247 488 279 reiiciendum
509 255 571 278 est.
587 249 640 283 69)
671 248 802 280 Scimus
828 250 914 281 enim
929 252 982 287 ⁶³)
1010 259 1053 281 ex

80 288 258 331 Apostolo,
281 290 370 332 quod
393 290 499 321 omnis
521 295 671 330 potestas
695 297 747 322 est
768 291 886 330 aDeo,
907 298 941 324 et
961 301 1054 333 prae·

80 334 177 373 cipue
199 331 430 364 ecclesiastica
452 338 602 373 potestas
617 335 672 373 ⁶⁴)
695 339 747 365 est
769 334 846 366 data
866 344 887 365 a
915 334 990 366 Deo
1020 335 1053 366 in

79 374 358 411 aedificationem3
381 376 456 406 ideo
480 385 521 406 ex
536 377 589 414 ⁶⁵)
620 375 800 408 christiano
829 383 862 408 et
888 376 1053 408 ecclesiae

79 423 218 449 sanctae
240 418 361 449 devoto
383 423 517 458 pectore
544 418 692 450 eiusdem
719 426 857 451 sanctae
885 426 985 460 atque
1000 422 1052 457 66)

79 459 265 492 catholicae
288 467 320 492 et
331 459 537 500 apostolicae
556 459 720 493 ecclesiae
732 462 984 493 constitutiones
999 463 1052 498 ⁶⁷)

78 503 288 544 recipiendae
319 508 413 540 sunt,
429 504 482 541 ⁶8)
516 513 601 544 quae
633 502 733 535 utiles
766 511 844 536 sunt
877 504 1054 543 ecclesiae,

80 552 147 577 tam
171 546 204 576 in
227 544 317 577 cultu
339 546 450 578 divino
474 545 640 587 augendo,
653 556 751 588 quam
769 546 803 577 in
815 547 1053 588 concupiscen-

78 589 124 619 tia
136 588 246 619 carnis
258 588 455 626 coe'rcenda,
467 589 543 620 dum
558 591 571 609 ⁵
580 592 611 627 ⁹)
632 589 853 631 expeditiores
865 588 990 621 faciunt
1001 592 1013 610 7
1022 593 1053 628 ⁰)

77 631 122 662 ad
143 630 254 662 divina
277 638 454 671 praecepta
482 632 664 669 servanda,
695 637 727 662 et
751 632 784 662 in
814 633 920 663 sacris
948 630 1052 664 literis

78 673 288 705 inveniuntur
311 672 499 711 consultae,
515 675 567 711 ⁷¹)
591 680 641 711 et,
656 676 708 708 ⁷²)
731 675 788 715 qui
815 685 874 706 eas
891 677 944 712 ⁷³)
974 685 1052 706 con-

78 716 203 754 temnit,
225 723 281 747 aut
305 722 428 748 temere
451 717 499 748 eis
522 717 658 754 resistit,
676 716 784 748 Deum
796 718 944 759 graviter
956 717 1053 749 offen-

78 758 136 797 dit,
158 759 248 790 iuxta
260 769 378 790 vocem
396 759 532 797 Christi,
547 761 599 796 7ὅ)
623 759 777 791 dicentis:
801 759 864 796 Qui
877 770 938 792 vos
951 762 1053 799 audit,

77 811 130 832 me
154 802 256 838 audit,
280 808 324 839 et,
346 802 402 843 qui
424 811 487 833 vos
505 803 649 843 spernit,
674 812 726 833 ine
748 804 894 844 spernit,
923 810 974 841 et,
999 804 1054 846 qui

77 853 131 879 me
152 844 296 884 spernit,
331 845 457 884 spernit
489 854 582 882 eum,
608 845 663 886 qui
693 855 746 876 me
775 846 872 877 misit.
891 848 943 884 ⁷⁵)
970 846 1052 879 Luc.

78 886 119 918 X.
137 887 189 924 7*9)
224 887 398 928 Spernitur
419 892 529 919 autem
552 886 738 925 praelatus,
762 889 839 920 dum
855 890 907 927 ⁷⁷)
930 895 1054 921 statuta

77 1075 125 1107 62)
143 1074 219 1099 nihili
236 1074 321 1098 facere
340 1074 474 1103 videntur.
493 1075 661 1099 reiiciendum
686 1074 745 1109 esu]
770 1075 891 1106 Pflug.:
916 1074 993 1100 nihili
1016 1076 1053 1100 sa-

147 1110 234 1137 ciunt;
253 1108 351 1132 Mon:
371 1108 445 1132 nihili
464 1109 597 1139 videntum

77 1151 124 1184 63)
145 1150 223 1184 enim]
243 1151 268 1174 n'n
286 1150 376 1174 Fabr.
396 1150 469 1175 deese.

78 1194 126 1226 64)
145 1193 322 1217 ecclesiastica
331 1192 458 1224 potestas]
478 1193 588 1224 Chytr.
598 1211 604 1223 ,
623 1194 728 1220 Febr-z
742 1199 855 1226 potestas
871 1195 1055 1220 Ecclesiastica

80 1235 369 1268 65)ex]c1›ytr.:a
443 1257 445 1259 .

77 1279 126 1310 66)
143 1277 232 1309 atque]
252 1277 383 1309 Chytr.:
403 1284 429 1301 et

77 1322 124 1352 67)
144 1320 354 1351 constitutiones]
373 1320 480 1345 Fabr.:
500 1321 700 1344 consuetudines

78 1362 126 1395 68)
144 1363 246 1388 Scimus
270 1363 339 1387 enim
358 1369 391 1386 ex
415 1363 547 1394 Apostolo
570 1376 605 1381 —
628 1364 795 1394 recipiendae
819 1365 904 1398 sunt‚]
929 1365 1054 1396 Pnug.:

144 1402 172 1421 at
190 1398 250 1429 quia
268 1397 351 1421 omnis
369 1402 483 1428 potestas
503 1402 541 1421 est
559 1404 574 1421 a
591 1397 659 1427 Deo,
679 1403 705 1421 et
722 1400 860 1430 praecipue
879 1402 994 1430 potestas
1013 1407 1055 1424 ec-

146 1432 292 1455 ctesiastica
310 1436 350 1455 est
369 1431 431 1455 data
447 1439 463 1455 a
480 1432 539 1455 Deo
558 1433 584 1456 in
602 1432 821 1462 aedificationem,
838 1433 899 1457 ideo
919 1433 949 1458 C.
963 1434 1001 1458 M.
1021 1441 1054 1458 ex

145 1466 288 1490 christiano
308 1470 333 1489 et
351 1466 478 1490 ecelesiae
496 1471 600 1490 sanctae
620 1466 715 1490 devoto
728 1472 835 1498 pectore
858 1469 950 1499 recipit
969 1472 995 1492 et
1013 1476 1054 1492 ac-

144 1504 229 1531 ceptat
246 1500 361 1523 eiusdem
379 1504 482 1524 sanctae
502 1504 528 1524 et
546 1500 690 1525 catholicae
708 1506 734 1525 et
751 1502 919 1533 Apostolicac
929 1503 1055 1526 ecclesiae

145 1535 344 1559 constitutiones
363 1541 467 1564 omnes,
493 1534 594 1560 Mon:
615 1535 691 1559 caes.
709 1536 772 1559 Mas
799 1536 904 1560 minime
927 1541 1054 1568 acceptat,

145 1569 226 1600 probe
244 1569 328 1592 sciens
347 1575 380 1591 ex
398 1569 541 1601 Apostolo,
559 1569 628 1601 quod
647 1571 728 1594 omnis
752 1574 867 1601 potestas
892 1575 930 1594 est
955 1578 972 1594 a.
995 1571 1053 1595 Deo

144 1604 171 1626 in
190 1603 407 1631 aedificationem,
427 1603 482 1626 Imo
502 1611 549 1626 sua
567 1603 642 1627 Caes.
662 1604 724 1627 Mus
744 1612 776 1628 ex
801 1604 943 1629 christiano
963 1610 989 1628 et
1013 1613 1054 1629 ec-

145 1638 240 1661 clesiae
257 1641 362 1660 sanctae
387 1637 483 1660 devoto
506 1641 610 1668 pectore
635 1638 725 1669 recipit
749 1642 774 1661 et
797 1643 916 1671 acceptat
939 1639 1054 1663 eiusdem

144 1678 236 1694 sacrae
254 1674 279 1693 et
298 1670 441 1694 catholicae
461 1677 486 1694 et
504 1672 673 1703 Apostolicae
696 1672 822 1697 ecclesiae
849 1674 1053 1699 Constitutionis

40 1722 43 1725 «
144 1703 223 1736 (atel)
242 1712 340 1734 omnes,

75 1747 123 1779 69)
143 1746 214 1778 dum]
234 1747 360 1777 Chytr.,
379 1747 485 1777 Febr„
503 1747 626 1779 Pssng.,
644 1748 746 1773 Mon.:
767 1757 823 1773 cnm

76 1790 122 1821 70)
141 1790 316 1821 expeditiores
339 1789 449 1821 faciunt]
476 1789 605 1821 Chytr.,
629 1791 728 1817 Mon:
754 1792 927 1823 expeditiores
945 1793 1053 1823 faciant,

143 1823 265 1854 Pssug.:
286 1825 473 1855 expeditiorem
492 1825 592 1848 faciant

75 1866 122 1898 ’11)
141 1867 307 1890 inveniuntur
325 1866 480 1898 consultae.)
499 1867 519 1891 C
527 1867 543 1890 h
550 1875 566 1898 y
574 1871 584 1890 t
591 1875 610 1891 r.
618 1886 625 1897 ‚
643 1867 683 1891 Fa
691 1867 706 1891 b
713 1875 733 1892 r.
742 1886 749 1898 ,
769 1868 795 1892 M
804 1876 820 1892 ο
827 1876 868 1896 n.:
888 1871 1054 1894 inveniantm·

143 1901 286 1931 consultae,
305 1901 345 1925 1³1·
349 1902 355 1924 l
365 1909 428 1932 ug.:
448 1902 620 1926 inveniantur.

77 1941 125 1975 ⁷2)
144 1943 189 1974 et,]
206 1943 330 1974 Pi'lug.‚
349 1944 445 1970 Mon:
464 1944 528 1968 Ideo

78 1985 125 2017 ⁷3)
145 1984 200 2018 eas]
218 1986 301 2010 Mon.
320 1987 396 2011 male:
415 1994 459 2009 eos

78 2028 126 2060 74)
145 2029 219 2052 iuxta
239 2035 329 2052 vocem
349 2028 468 2060 Christi,]
486 2037 532 2061 pro
551 2028 589 2053 hie
606 2029 678 2055 holm
696 2029 804 2061 Pslug.
822 2030 883 2056 haec
896 2032 1054 2064 prolixiora:

147 2062 221 2085 Hanc
240 2062 316 2085 fidem
336 2070 351 2086 a
369 2063 610 2094 praedecessoribus
631 2069 656 2087 et
673 2065 880 2096 progenitoribus
906 2067 959 2090 suis
986 2067 1054 2091 chri-

146 2096 312 2120 stianissimis
332 2104 361 2120 ac
380 2097 583 2127 religiosissimis
600 2097 781 2130 Principibus,
801 2107 877 2130 qnam
899 2108 944 2132 per
961 2109 1054 2125 manus

146 2130 267 2154 traditam
285 2131 396 2162 suscepit
421 2139 528 2162 eamque
553 2139 599 2163 per
622 2133 700 2156 totius
728 2133 829 2164 imperii
855 2134 965 2159 Romani
991 2135 1054 2160 fines

146 2165 219 2188 iuxta
237 2165 437 2196 uniuscuiusque
455 2167 605 2196 provinciae
623 2167 834 2192 consuetudinem
846 2170 963 2194 districte
981 2177 1054 2202 prae-

147 2200 207 2231 cipit
225 2198 364 2223 obserrari.
403 2200 529 2231 Agnoscit
549 2201 618 2223 enim
638 2202 666 2225 C.
685 2200 722 2224 M.
742 2209 834 2226 vocem
857 2203 967 2233 Christi,
992 2213 1055 2236 quae

145 2235 171 2257 in
194 2232 280 2257 Mon.
299 2234 336 2257 nic
358 2237 452 2257 mutam
474 2237 544 2259 sunl:
569 2234 644 2258 Hanc
669 2234 745 2259 fidem
771 2236 868 2260 Caesar
892 2243 1016 2269 augustus
1040 2247 1056 2263 a

146 2268 390 2299 praedecessoribus
419 2273 445 2291 et
468 2269 680 2299 progenitoribus
703 2269 762 2293 suis·
779 2270 1000 2297 christianissimis
1024 2281 1054 2297 ac

146 2301 351 2332 religiosissimis
369 2301 546 2334 Principibus,
566 2303 639 2335 quasi
658 2310 703 2335 per
721 2311 810 2328 manus
828 2307 950 2331 traditam
968 2314 1055 2331 susce-

146 2336 184 2367 pit
211 2343 318 2368 eamque
346 2343 391 2367 per
417 2338 496 2361 totius
527 2337 636 2361 Romani
662 2338 763 2369 imperii
786 2338 850 2363 fines
869 2341 944 2365 iuxta
967 2343 1054 2366 unius-

147 2371 268 2401 cuiusque
295 2372 443 2402 provinciae
467 2373 680 2395 consuetudinem
716 2373 836 2397 distincte
860 2376 986 2408 praecipit
1009 2377 1054 2401 ob-

146 2405 252 2429 servari.
287 2406 414 2435 Agnoscit
432 2406 499 2429 euim
519 2406 548 2430 C.
566 2405 604 2430 M.
625 2413 715 2430 vocem
735 2406 832 2431 Christi

79 2445 126 2477 75)
143 2453 184 2470 me
202 2445 288 2479 misit]
307 2447 415 2472 Fatua:
434 2448 504 2472 misit
523 2456 572 2472 me.
583 2463 615 2468 —-
631 2448 682 2473 Pro
700 2448 793 2475 verbis:
814 2449 864 2479 Qui
879 2459 925 2476 vos
936 2453 1010 2477 audit
1021 2466 1054 2471 —-

147 2482 192 2512 qui
209 2488 250 2504 me
268 2481 344 2505 misit.
369 2482 482 2513 teguntur
503 2483 530 2510 {1⁸
552 2483 660 2514 Prlug.
686 2483 759 2509 haec:
791 2483 843 2513 Qui
871 2493 918 2510 vos
941 2488 1050 2519 spernit,

147 2522 188 2539 nie
207 2516 314 2547 spernit,
333 2517 377 2546 qui
396 2523 442 2540 vos
461 2517 547 2547 audit,
565 2525 605 2541 me
623 2518 703 2548 audit,
739 2518 834 2549 (Mon.
853 2528 887 2542 =
905 2520 1012 2554 Dess.)

79 2555 127 2585 78)
145 2556 207 2582 Luc.
228 2557 276 2589 Χ.)
297 2557 423 2589 Chytr.:
441 2559 503 2584 Luc.
523 2560 564 2584 10.
584 2561 662 2592 capit.

80 2597 127 2630 77)
146 2599 217 2630 dum]
236 2599 363 2631 Chytr.:
383 2608 439 2625 cum

285 2658 431 2680 tam-ARTE.
446 2660 527 2681 orm.
543 2660 606 2681 VOL.
620 2661 711 2681 nvn.

630 153 913 188 CONFUTATlo
941 155 1260 191 CONFESSIONIS
1279 158 1593 193 AUGUSTANAE.

2024 161 2088 194 162

1105 252 1174 282 eius
1194 257 1465 291 contemnuntur,
1488 261 1522 285 et
1550 256 1640 286 iuxta
1661 255 1696 286 S.
1726 254 1876 290 Paulum,
1891 257 1945 291 ⁷³)
1971 256 2083 288 dicen-

1105 300 1187 325 tem:
1211 293 1275 329 Qui
1298 295 1382 327 haec
1399 297 1450 333 79)
1479 297 1624 337 spernit,
1655 307 1721 328 non
1747 297 1914 329 hominem
1944 301 2082 339 spernit,

1105 336 1167 367 sed
1195 335 1319 374 Deum,
1353 339 1409 378 qui
1428 340 1525 370 etiam
1552 339 1641 370 dedit
1669 340 1826 380 Spiritum
1854 350 1883 371 s-
1912 341 1943 372 in
1973 342 2083 380 vobis,

1109 379 1134 409 l.
1153 377 1273 410 Thess.
1296 378 1351 411 lv,
1375 386 1418 418 et,
1442 381 1518 412 dum
1540 382 1582 412 ad
1599 381 1786 422 Episcopos
1809 383 1930 424 inquit:
1945 386 1998 416 ⁶⁰)
2023 384 2083 415 At-

1103 421 1229 452 tendite
1252 422 1349 453 vobis
1371 428 1405 453 et
1427 424 1583 456 universo
1607 425 1718 466 gregi,
1742 426 1776 455 in
1799 435 1865 466 quo
1889 435 1950 457 vos
1981 426 2083 466 Spiri-

1104 470 1158 497 tus
1181 473 1211 494 s.
1233 464 1343 504 posuit
1358 466 1410 502 δι)
1435 465 1642 506 Episcopus,
1665 477 1784 509 regere
1805 467 1982 499 ecclesiam
2005 468 2081 501 Dei.

1104 507 1178 537 Act.
1201 505 1273 538 XX.
1320 506 1356 538 Si
1379 517 1459 549 ergo
1484 507 1626 540 Praelati
1649 509 1771 541 habent
1802 517 2002 551 potestatem
2032 521 2083 542 re-

1104 549 1222 590 gendi;
1244 549 1414 581 habebunt
1436 556 1469 581 et
1492 557 1689 591 potestatem
1711 558 1835 584 statuta
1858 553 2012 591 faciendi,
2027 555 2082 590 ³²)

1102 602 1164 633 pro
1186 590 1326 623 salutari
1348 593 1506 635 regimine
1529 592 1703 632 ecclesiae,
1719 596 1772 632 3³)
1798 605 1840 627 ac
1855 599 1909 633 Β4)
1936 596 2082 627 subdito-

1103 645 1175 666 rum
1196 635 1410 667 incremento.
1456 635 1630 677 Praecepit
1644 638 1698 669 55)
1723 639 1807 669 enim
1830 638 1917 670 idem
1936 639 2082 680 Aposto-

1103 676 1156 708 lus
1170 678 1223 713 se)
1258 676 1458 716 Corinthiis,
1491 684 1526 708 ut
1565 680 1674 710 omnia
1711 681 1891 712 secundum
1933 682 2082 713 ordinem

1104 719 1182 751 fiant
1205 720 1237 750 in
1266 721 1326 751 eis.
1356 721 1381 750 l.
1405 720 1484 752 Cor.
1507 719 1596 752 XlV.
1631 722 1675 752 At
1698 720 1764 752 hoc
1782 723 1854 754 sine
1872 723 2004 765 legibus
2028 734 2083 756 ne-

1104 763 1174 803 quit
1196 761 1347 800 fieri.8⁷)
1392 762 1519 794 Idcirco
1551 763 1714 795 Hebraeis
1747 765 1910 804 dixitzssss)
1941 766 2084 798 Obedite

1105 806 1301 846 praepositis
1324 806 1459 844 vestris,
1483 812 1515 837 et
1542 807 1714 838 subiacete
1741 808 1806 838 eis:
1822 809 1875 845 ⁸⁹)
1903 809 1964 849 ipsi
1996 810 2082 840 enim

1104 848 1263 879 reddituri
1275 856 1354 879 sunt
1365 849 1523 880 rationem
1536 859 1597 889 pro
1615 850 1787 882 animabus
1803 852 1856 886 ⁹⁰)
1875 852 2007 883 vestris.
2025 854 2038 872 9
2049 853 2080 891 ¹)

1104 891 1205 922 Hebr.
1228 890 1312 921 Xlll.
1328 893 1380 929 ⁹²)
1415 891 1476 923 Hic
1500 891 1536 924 S.
1558 890 1680 923 Paulus
1702 902 1768 924 non
1792 891 1901 925 solum
1924 894 2082 925 obedien·

1103 934 1199 971 tiam,
1226 934 1288 965 sed
1317 940 1349 965 et
1379 943 1514 966 causam
1543 935 1749 966 obedientiae
1778 937 1938 977 assignat.
1983 937 2082 968 Vide·

1103 985 1188 1013 mus,
1203 978 1256 1014 ⁹³)
1279 977 1314 1008 S.
1346 975 1481 1008 Paulum
1510 987 1606 1008 usum
1636 987 1714 1009 esse
1742 977 1804 1009 hac
1828 984 2011 1019 potestate,
2027 981 2081 1017 ⁹⁴)

1103 1019 1159 1059 qui
1173 1020 1226 1056 ⁹⁵)
1263 1025 1331 1050 tam
1358 1018 1478 1050 multas
1506 1018 1600 1061 leges
1629 1026 1763 1061 praeter
1795 1020 2002 1063 evangelium
2026 1022 2082 1053 de-

1104 1061 1163 1099 dit,
1177 1063 1231 1099 ⁹⁶)
1254 1061 1296 1092 de
1315 1061 1471 1104 eligendo
1494 1061 1681 1105 Episcopo,
1706 1063 1750 1096 de
1770 1064 1890 1102 viduis,
1907 1064 1949 1095 de
1971 1063 2084 1096 mulie-

1104 1104 1208 1142 ribus,
1230 1110 1266 1135 ut
1289 1104 1401 1135 velato
1422 1106 1489 1136 sint
1518 1105 1642 1147 capite,
1658 1107 1712 1143 97)
1741 1112 1777 1137 ut
1805 1107 1837 1137 in
1867 1105 2012 1139 ecclesia
2037 1113 2083 1139 ta-

1105 1153 1213 1184 ceant,
1222 1147 1275 1184 ⁹8)
1287 1152 1320 1178 et
1331 1147 1372 1178 de
1382 1148 1484 1179 rebus
1494 1148 1593 1179 etiam
1602 1150 1616 1168 9
1624 1150 1655 1186 9)
1667 1147 1829 1189 profanis,
1839 1149 1994 1181 LThess.
2010 1152 2020 1170 ί
2030 1152 2083 1188 00)

1104 1188 1172 1223 lV.‚
1196 1190 1236 1221 de
1259 1188 1468 1222 secularibus
1491 1190 1620 1222 iudiciis
1653 1191 1680 1221 l.
1709 1190 1785 1223 Cor.
1817 1191 1873 1222 Vl.
1920 1192 1961 1223 Et
1989 1202 2084 1233 aper-

1104 1232 1230 1264 tissime
1252 1232 1294 1264 ad
1321 1231 1512 1264 Corinthios
1532 1235 1560 1271 ι)
1588 1234 1708 1275 inquit:
1742 1234 1827 1266 Nam
1856 1237 1976 1267 ceteris
2005 1236 2082 1268 dico

1106 1410 1152 1441 78)
1172 1416 1198 1433 et
1216 1412 1288 1434 iuxta
1310 1411 1338 1435 S.
1356 1412 1487 1443 Paulum,]
1511 1412 1630 1443 Pnug„
1648 1413 1745 1438 Mon.:
1772 1415 1901 1445 Agnoscit
1923 1415 1951 1439 S.
1974 1414 2083 1440 Paulum

1107 1453 1152 1485 79)
1171 1452 1247 1484 haec]
1267 1452 1390 1484 Pflug.:
1409 1454 1457 1478 hos

1106 1495 1153 1527 80)
1173 1495 1284 1527 inquit:]
1303 1495 1422 1526 Pt’lug.:
1442 1497 1493 1522 ait:

1106 1539 1154 1570 81)
1173 1538 1286 1569 Spiritus
1304 1546 1325 1562 s.
1345 1538 1441 1570 posuit]
1466 1539 1570 1569 Fabr.,
1595 1539 1718 1571 Pflug.:
1743 1543 1829 1572 posuit
1853 1543 1955 1573 spiritus
1979 1548 2083 1569 sanctus

1175 1572 1274 1603 (Mon.
1294 1582 1329 1596 =
1346 1573 1453 1605 Dess.)

1106 1615 1152 1648 82)
1172 1615 1267 1639 habent
1290 1620 1447 1647 potestatem
1469 1617 1592 1647 regendi·r
1618 1631 1650 1635 —
1677 1622 1772 1641 statuta
1795 1617 1908 1643 faciendi
1918 1619 1936 1651 ,]
1964 1619 2084 1651 Pssug.:

1173 1648 1269 1674 habent
1294 1654 1450 1681 potestatem
1475 1651 1596 1682 regendi,
1625 1656 1650 1674 et
1675 1652 1786 1683 faciendi
1812 1657 1908 1677 statuta
1931 1658 2085 1685 potestatem

1172 1683 1280 1713 habent,
1300 1684 1400 1709 Mon.:
1419 1684 1485 1708 hanc
1504 1690 1658 1717 potestatem
1675 1687 1782 1717 regendi
1801 1687 1931 1712 habebunt
1950 1693 1987 1712 est
2006 1688 2083 1722 (pr-o:

1174 1719 1212 1751 et)
1232 1722 1389 1750 potestatem
1407 1723 1505 1743 statuta
1522 1719 1643 1744 faciendi.

1105 1761 1152 1793 83)
1171 1762 1299 1792 regimine
1317 1761 1464 1793 ecclesiae]
1483 1761 1590 1788 Fabr.:
1611 1763 1747 1788 Ecclesiae
1765 1765 1901 1795 regimine,

1106 1803 1152 1836 84)
1172 1803 1214 1835 ac]
1234 1804 1362 1834 Chytr.,
1380 1804 1488 1834 Fsbn,
1507 1804 1604 1830 Mon:
1625 1810 1650 1829 et

1106 1846 1152 1877 85)
1170 1846 1319 1878 Praecepit]
1338 1846 1444 1872 Fabr.:
1463 1847 1593 1879 Praecipit

1106 1888 1152 1921 86)
1173 1888 1326 1921 Apostolus]
1346 1898 1361 1913 α
1378 1889 1484 1920 Pflng.
1504 1889 1581 1915 abest.

1106 1931 1152 1963 87)
1172 1932 1261 1963 nequit
1279 1932 1358 1965 ficri]
1375 1932 1485 1958 Fabr.:
1504 1933 1560 1957 fieri
1578 1941 1631 1957 non
1649 1937 1742 1965 potest,

1107 1975 1154 2006 88)
1172 1975 1275 1999 Idcirco
1294 1975 1421 1999 Hebraeis
1441 1975 1508 1999 dixit
1516 1975 1534 2008 ς]
1555 1975 1674 2007 Pt'lug.:
1694 1977 1753 2002 ideo
1770 1978 1896 2004 Hebraeis
1915 1980 2034 2011 scripsit:

1107 2018 1154 2049 89)
1173 2017 1234 2049 eis:]
1254 2017 1378 2049 Pflug.:
1398 2018 1447 2048 iis,
1465 2018 1563 2044 Mon-2
1582 2019 1642 2043 illos

1106 2061 1154 2091 90)
1174 2059 1316 2093 animabus]
1337 2061 1432 2086 Mon.:
1451 2061 1571 2085 omnibus

1106 2103 1153 2134 91)
1173 2107 1199 2127 et
1216 2104 1345 2127 subiacete
1364 2117 1397 2122 —
1415 2102 1529 2137 vestris]
1546 2105 1573 2128 in
1591 2104 1705 2136 Chytr.
1724 2105 1817 2130 desunt.

1107 2146 1155 2178 92)
1175 2146 1256 2170 Hebr.
1276 2146 1363 2177 X111.]
1382 2146 1489 2172 Fabr.:
1509 2147 1552 2170 Ad
1570 2145 1651 2172 Hebr.
1674 2149 1714 2172 14.

1107 2189 1154 2219 93)
1172 2188 1323 2248 Videznsi]1
1335 2188 1457 2220 Pflug.:
1476 2190 1602 2220 Agnoscit
1627 2189 1658 2214 C.
1683 2190 1737 2220 M„
1760 2190 1859 2217 Mon:
1886 2192 2013 2222 Agnoscit
2037 2192 2084 2216 ita-

1178 2231 1226 2254 que
1271 2242 1276 2248 .
1327 2240 1334 2247 .

1107 2266 1154 2297 94)
1173 2273 1247 2290 usum
1267 2273 1323 2290 esse
1341 2266 1390 2290 hac
1407 2267 1558 2298 potestate,]
1576 2266 1687 2292 Faba:
1707 2267 1755 2292 hac
1773 2275 1845 2292 nsum
1872 2275 1928 2292 esse
1946 2272 2084 2299 potestate,

1108 2308 1155 2340 95)
1174 2307 1228 2341 qui]
1248 2308 1368 2339 Pslng.:
1389 2316 1445 2332 cum
1464 2309 1519 2340 ipse

1107 2351 1154 2383 96)
1175 2351 1269 2383 dedit‚]
1288 2351 1408 2382 Pflug.:
1429 2352 1551 2382 ediderit,
1571 2357 1598 2376 ut

1107 2393 1154 2425 97)
1174 2393 1261 2418 velato
1280 2395 1332 2417 sint
1350 2393 1454 2428 capite‚]
1473 2395 1594 2426 Pflng.:
1615 2396 1716 2419 velatae
1734 2396 1794 2425 sint,

1107 2436 1154 2468 98)
1174 2437 1296 2467 taceant,]
1314 2436 1409 2462 Mon.:
1428 2441 1531 2462 taceant
1548 2442 1596 2462 etc.

1107 2479 1154 2511 99)
1174 2484 1200 2503 ct
1219 2479 1251 2503 de
1269 2480 1346 2503 rebus
1365 2480 1453 2513 etiam]
1474 2481 1580 2507 Fabr.:
1601 2486 1625 2504 et
1644 2482 1675 2505 de
1694 2481 1780 2504 verbis
1800 2482 1891 2511 etiam,
1909 2480 2032 2513 Pssug.:
2052 2482 2084 2506 de

1176 2514 1252 2537 rebus
1272 2514 1398 2546 denique,
1418 2515 1515 2540 Mon:
1535 2516 1566 2538 de
1585 2516 1660 2539 rebus
1680 2515 1758 2539 etiam

1109 2557 1171 2587 100)
1182 2556 1282 2588 Thess]
1303 2556 1405 2583 Mum:
1424 2558 1457 2581 ad
1477 2557 1540 2581 The.

1126 2607 1155 2638 l)
1173 2608 1208 2632 ad
1226 2607 1385 2642 Corinthios]
1405 2617 1422 2633 α
1439 2608 1547 2639 Pflug.
1566 2607 1663 2633 absum.

1847 2663 1875 2685 ll
