2366 2958
112 172 175 204 621
464 170 503 203 11.

113 263 221 297 forma
254 263 374 296 cuculli
407 269 460 296 est
487 265 619 306 signum
653 270 765 296 certae
779 266 833 302 8³)
864 263 1095 306 professionis.
1120 276 1122 299 ;

113 307 244 339 Deinde
278 308 428 350 cogitant
466 308 644 348 praecipue
685 305 782 338 talem
814 313 926 338 notam
961 305 1094 338 Christo

113 349 303 392 placuisse,
331 348 487 381 videlicet
510 351 715 388 conuiuium,
747 354 782 380 vt
804 349 1007 392 significaret
1025 359 1094 381 mu-

113 400 202 425 tuam
226 393 311 424 inter
332 392 541 424 Christianos
570 392 834 424 coniunctionem
863 397 962 433 atque
983 392 1094 423 amici·

112 436 202 473 tiam,
225 435 301 478 quia
329 435 499 477 symposia
529 441 606 466 sunt
628 436 726 477 signa
748 433 938 473 foederum,
962 440 995 465 et
1017 435 1094 465 ami·
1119 445 1121 451 ·’

112 479 220 510 citiae.

126 648 269 691 oquitur,
293 658 379 690 quae
402 648 481 690 quid
504 649 547 680 sit
569 649 665 690 pauci
688 647 886 688 intelligunt.

198 691 414 723 Sacramenta
433 698 510 723 sunt
529 691 626 734 signa
645 689 823 722 voluntatis
835 689 899 720 Dei
917 699 998 731 erga
1016 698 1092 727 noS,

111 743 176 765 non
211 740 336 765 tantum
365 735 461 776 signa
493 741 571 765 sunt
604 732 769 764 hominum
802 733 888 763 inter
918 742 1005 764 sese.

109 783 202 808 recte
224 775 383 808 definiunt
404 781 611 807 sacramenta
633 776 666 806 in
689 785 776 806 nouo
796 780 995 806 testamento
1014 784 1092 806 esse

110 821 208 861 signa
237 819 381 861 gratiae,
413 818 456 850 Et
489 819 566 860 quia
600 818 632 848 111
661 823 871 849 sacramento
902 818 967 849 duo
1001 823 1090 855 sunt,

110 863 250 904 Signum
278 867 311 893 et
338 861 496 892 Verbum.
541 860 689 892 Verbum
718 861 750 891 in
780 871 868 891 nouo
893 867 1090 892 testamento

109 911 161 937 est
189 904 366 946 promissio
399 904 527 945 gratiae
558 903 682 934 addita.
698 904 751 940 S³¹)
802 903 983 935 Promissio
1012 903 1089 935 noui

109 947 301 979 testamenti
336 951 387 977 est
421 945 598 987 promissio
631 946 836 977 remissionis
865 952 1089 988 peccatorum,

108 990 196 1022 sicut
217 988 340 1020 Textus
362 988 419 1019 hic
441 988 530 1026 dicit,
555 988 628 1021 Hoc
651 995 701 1020 est
725 998 848 1030 corpus
871 999 977 1020 meum
1000 989 1089 1030 quod
1114 1012 1117 1022 .

106 1042 168 1074 pro
191 1032 288 1063 vobis
307 1031 414 1069 datur,
438 1031 499 1062 Hic
519 1037 571 1062 est
592 1029 677 1062 calix
697 1031 775 1062 noui
795 1032 992 1070 testamenti,
1016 1041 1089 1062 cum
1114 1027 1117 1067 ξ

107 1075 271 1117 sanguine
294 1083 384 1112 meo,
415 1074 468 1114 qui
492 1084 553 1114 pro
583 1073 693 1105 multis
715 1073 899 1106 effundetur
921 1075 953 1105 in
977 1074 1090 1106 remis-

108 1118 236 1149 sionem
271 1122 496 1157 peccatorum.
554 1116 702 1148 Verbum
735 1117 834 1158 igitur
856 1116 951 1148 offert
973 1117 1088 1148 remis-

106 1161 236 1191 sionem
270 1164 498 1201 pcccatorum.
550 1159 592 1191 Et
626 1159 814 1191 ceremonia
847 1165 899 1190 est
928 1160 1023 1201 quasi
1046 1160 1089 1201 pi-

107 1208 202 1234 ctura
231 1202 325 1233 verbi
355 1212 414 1233 seu
444 1199 607 1244 sigillum,
636 1209 671 1234 vt
696 1201 818 1234 Paulus
841 1208 957 1240 vocat,
980 1209 1085 1233 osten-

106 1245 190 1277 dens
213 1244 478 1286 promissionem.
526 1244 617 1286 Ergo
649 1246 735 1276 sicut
763 1245 940 1286 promissio
964 1243 1088 1276 inutilis

106 1294 176 1326 est,
200 1288 263 1319 nisi
287 1286 351 1318 fide
375 1287 573 1328 accipiatur,
597 1288 641 1318 ita
662 1286 784 1319 inutilis
809 1293 860 1319 est
889 1288 1088 1325 ceremonia,

105 1331 170 1361 nisi
200 1329 286 1361 fides
320 1330 477 1368 accedat,
513 1340 599 1372 quae
632 1340 712 1362 vere
739 1336 866 1361 statuat
895 1330 949 1361 hic
977 1329 1088 1362 offerri

104 1373 335 1404 remissionem
359 1379 585 1413 peccatorum.
619 1372 661 1404 Et
682 1373 766 1404 haec
788 1373 870 1404 fides
893 1374 989 1414 erigit
1012 1383 1088 1405 con-

104 1415 200 1446 tritas
222 1421 361 1446 mentes.
406 1414 448 1445 Et
471 1416 556 1447 sicut
578 1416 716 1447 verbum
738 1416 781 1446 ad
803 1415 890 1446 hanc
913 1415 1011 1446 fidem
1033 1425 1087 1447 ex-

105 1457 270 1490 citandam
293 1457 447 1489 traditum
472 1465 542 1496 est,
566 1457 613 1488 lta
637 1463 882 1489 sacramentum
905 1458 1088 1489 institutum

103 1506 174 1539 est,
208 1506 244 1532 vt
275 1498 333 1531 illa
367 1500 498 1541 species
532 1501 706 1532 incurrens
739 1501 771 1532 in
805 1499 924 1532 oculos
956 1506 1114 1540 moueat¹

103 1543 209 1576 corda
231 1543 273 1574 ad
296 1543 507 1576 credendum.
552 1543 618 1574 Per
640 1542 724 1575 haec
747 1544 833 1575 enim
855 1542 1011 1575 videlicet
1028 1553 1088 1584 per

105 1587 242 1617 verbum
267 1590 301 1616 et
329 1591 571 1617 sacramentum
600 1591 757 1627 operatur
780 1586 914 1627 spiritns
937 1592 1086 1618 sanctus,

103 1627 146 1660 Et
174 1626 253 1659 talis
282 1637 364 1659 vsus
393 1628 610 1666 sacramenti,
637 1638 711 1659 cum
739 1628 823 1659 fides
846 1627 992 1660 viuificat
1013 1639 1087 1670 per-

103 1669 284 1702 terrefacta
312 1670 432 1709 corda,
461 1670 571 1702 cultus
600 1676 653 1702 est
680 1671 758 1702 noui
781 1671 988 1709 testamenti,
1010 1672 1087 1713 quia

103 1723 226 1745 nouum
250 1718 482 1744 testamentum
505 1714 605 1745 habet
633 1719 741 1745 motus
765 1713 976 1755 spirituales,
999 1724 1085 1745 mor-

103 1756 317 1788 tificationem
349 1762 380 1786 et
412 1756 677 1788 viuificationetn.
732 1755 774 1788 Et
807 1757 850 1788 ad
879 1757 968 1788 hunc
989 1766 1085 1789 vsum

102 1799 242 1831 instituit
265 1797 439 1836 Christus,
473 1808 546 1830 cum
570 1800 657 1830 iubet
680 1797 792 1831 facere
814 1800 848 1831 in
870 1801 922 1832 sui
946 1809 1086 1831 comme-

102 1842 331 1873 morationem.
392 1841 476 1872 Nam
517 1842 708 1873 meminisse
742 1841 884 1880 Christi,
925 1852 993 1873 non
1035 1847 1087 1874 est

102 1885 221 1916 ociosa
242 1882 427 1924 spectaculi
451 1882 644 1922 celebratio,
669 1891 725 1916 aut
748 1885 889 1926 exempli
913 1894 1016 1917 causa
1039 1885 1086 1916 in·

102 1928 231 1964 stituta,
245 1927 332 1957 sicut
347 1926 378 1957 in
397 1926 595 1968 Tragoedijs
614 1925 844 1959 celebrabatur
857 1930 911 1963 8⁵)
929 1928 1086 1959 memoria

102 1967 258 2001 Herculis
281 1974 337 2000 aut
354 1967 500 2010 Vlyssis.
546 1969 613 2001 Sed
636 1976 689 2002 est
711 1971 900 2002 meminisse
924 1969 1086 2002 beneficia

104 2012 240 2049 Christi,
265 2020 371 2052 eaque
393 2012 458 2042 tide
480 2013 645 2053 accipere,
669 2019 704 2044 vt
728 2024 789 2055 per
810 2023 850 2045 ea
872 2013 1086 2046 viuificemur.

104 2055 183 2086 ldeo
208 2054 362 2085 Psalmus
385 2055 440 2085 ait.
466 2053 659 2087 Memoriam
682 2054 762 2088 fecit
786 2056 983 2089 mirabilium
1007 2066 1085 2088 suo-

104 2108 196 2135 rum,
229 2097 420 2128 misericors
460 2102 493 2128 et
525 2098 700 2130 miserator
732 2099 908 2131 Dominus.
964 2100 1085 2131 Escam

105 2140 195 2171 dedit
217 2139 404 2170 timentibus
427 2148 476 2170 se.
522 2139 695 2181 Significat
717 2143 802 2174 enim
825 2141 1029 2174 voluntatem
1053 2148 1086 2173 et

104 2182 365 2215 misericordiam
388 2181 452 2213 Dei
475 2184 723 2223 agnoscendam
747 2195 834 2222 esse,
857 2186 889 2216 in
913 2185 971 2217 illa
995 2195 1084 2217 cerc-

105 2226 224 2257 monia.
271 2223 330 2255 1113
354 2231 462 2256 autem
486 2226 587 2263 tides,
617 2237 701 2268 quae
724 2229 879 2269 agnoscit
900 2229 1085 2260 misericor-

104 2269 204 2306 diam,
232 2267 390 2299 viuificat.
436 2268 477 2299 Et
500 2268 554 2299 hic
576 2269 767 2311 principalis
791 2281 873 2302 vsus
892 2278 943 2303 est
972 2281 1084 2311 sacra<

105 2311 218 2349 menti,
240 2311 272 2342 in
297 2320 363 2352 quo
386 2317 525 2352 apparet
548 2312 602 2352 qui
625 2313 691 2343 sint
709 2314 816 2344 idonei
836 2314 878 2345 ad
896 2323 1085 2346 sacramen-

105 2360 192 2392 tum,
223 2352 379 2385 videlicet
409 2353 667 2394 perterrefactae
696 2357 918 2388 conscientiae
945 2364 976 2389 et
1003 2366 1084 2399 quo-

106 2397 205 2428 modo
229 2396 274 2427 vti
296 2396 447 2428 deboent.

109 2533 156 2565 83)
176 2532 274 2564 certae]
293 2532 342 2556 Ed.
362 2532 402 2558 3.:
421 2538 490 2558 certe

109 2576 156 2607 84)
175 2574 286 2607 addita]
306 2574 386 2599 Editt.
405 2575 495 2601 2—4.:
513 2577 603 2601 addita
620 2578 706 2608 signo.

109 2619 156 2649 ⁸5)
176 2617 365 2649 celebrabatur]
385 2617 465 2642 Etim.
486 2619 577 2643 2-4.:
598 2620 738 2644 celebratur

547 170 777 203 APOLOGIA
799 169 1117 204 CONFESSlONlS
1140 170 1459 204 AUGUSTANAE.
1503 171 1543 204 B.
1589 171 1778 204 ALTERA.

272 478 340 510 Sed
370 476 454 509 11380
487 478 598 519 opinio
629 483 681 509 est
709 476 831 515 ciuilis,
861 487 923 508 1180
951 477 1094 508 ostendit
1118 501 1121 518 e

111 521 325 562 praecipuum
347 530 444 551 vsum
467 531 576 552 rerum
599 520 705 551 aDeo
727 520 928 557 traditarum,
951 519 1092 550 Tantum
1118 538 1121 552 ;

112 564 155 595 de
177 564 316 595 caritate
336 563 522 595 exercenda
544 562 700 605 loquitur,
723 573 820 604 quam
842 562 993 594 homines
1017 572 1092 603 pro·
1117 564 1121 594 Ῑ

136 605 212 638 bani
236 611 269 637 et
292 604 424 643 ciuiles,
447 612 613 648 vtcunque
635 603 840 646 intelligunt,
863 604 914 635 De
937 603 1002 635 fide
1025 614 1091 636 non
1118 636 1119 641 ,

1050 723 1119 763 Et'

2060 173 2125 206 622

1119 303 1122 309 1
1231 265 1372 296 Accedit
1401 272 1434 296 et
1462 265 1670 297 sacrificium.
1720 265 1804 298 Sunt
1833 267 1919 298 enim
1952 267 2049 299 vnius
2077 268 2125 299 rei

1146 305 1260 348 plures
1283 307 1380 345 fines,
1403 307 1586 349 Postquam
1609 309 1814 340 conscientia
1837 309 1901 340 fide
1920 315 2031 341 erecta
2050 320 2124 341 sen-

1146 350 1189 381 sit
1213 359 1256 381 ex
1278 349 1431 392 qualibus
1454 351 1637 382 terroribus
1660 349 1827 387 liberetur,
1851 358 1918 384 tum
1937 362 2017 384 vero
2036 353 2123 384 serio

1120 407 1121 413 1
1145 392 1215 434 agit
1245 393 1370 434 gratias
1403 403 1464 434 pro
1494 392 1654 425 beneficio
1687 399 1719 425 et
1747 395 1905 435 passione
1928 393 2067 430 Christi,
2091 400 2124 426 et

1145 436 1246 466 vtitur
1275 436 1349 476 ipsa
1377 437 1565 467 ceremonia
1594 436 1634 467 ad
1659 435 1789 468 laudem
1812 437 1892 475 Dei,
1922 443 1957 468 vt
1979 437 2043 468 hac
2067 438 2123 468 ob-

1145 478 1285 509 edientia
1309 478 1539 518 gratitudinem
1558 479 1713 510 ostendat
1735 485 1767 510 et
1784 486 1926 511 testatur
1943 489 1981 510 se
1999 480 2124 521 magni-

1144 518 1257 551 facere
1298 520 1385 551 dona
1426 519 1498 552 Dei.
1543 521 1591 552 lta
1630 520 1666 552 fit
1700 523 1888 553 ceremonia
1925 521 2123 554 sacrificium

1145 562 1265 594 laudis.
1317 562 1369 594 Ac
1398 562 1514 594 Patres
1547 564 1678 605 quidem
1712 565 1753 596 de
1783 564 1906 607 duplici
1935 564 2054 596 effectu
2077 563 2124 595 lo—

1144 611 1307 647 quuntur,
1347 605 1388 637 de
1422 604 1650 638 consolatione
1679 608 1975 641 conscientiarum,
2016 613 2047 638 et
2082 607 2124 638 de

1117 649 1323 691 frgratiarum
1358 648 1489 680 actione
1526 658 1587 680 seu
1627 647 1737 681 laude.
1792 650 1918 681 Horum
1951 649 2123 682 effectuum

1117 691 1234 733 iprior
1266 691 1309 722 ad
1343 691 1540 722 sacramenti
1574 691 1733 723 rationem
1767 693 1924 733 pertinet,
1958 693 2122 734 posterior

1117 734 1119 759 ¹
1142 735 1283 775 pertinet
1311 734 1355 765 ad
1384 733 1594 765 sacrificium.
1640 733 1693 766 De
1724 734 1950 766 consolatione
1974 735 2019 765 ait
2044 735 2122 765 Am·

1142 777 1287 808 brosiuS.
1332 776 1493 808 Accedite
1515 777 1557 807 ad
1580 787 1654 808 eum
1677 783 1708 808 et
1729 777 1947 816 absoluimini‚
1971 778 2047 818 quia
2070 782 2120 807 est

1142 819 1295 851 remissio
1324 825 1546 860 peccatorum.
1591 819 1655 854 Qui
1685 820 1727 851 sit
1757 821 1820 851 iste
1844 821 2009 862 quaeritis.
2054 818 2120 851 Au-

1143 863 1210 893 dite
1238 863 1344 903 ipsum
1374 862 1545 893 dicentem.
1602 861 1674 903 Ego
1707 872 1780 893 sum
1809 863 1904 903 panis
1928 863 2033 900 vitae,
2065 862 2120 903 qui

1116 916 1117 921 ¹
1142 906 1232 936 venit
1254 905 1296 936 ad
1319 914 1371 936 me
1394 914 1459 936 non
1483 905 1620 942 esuriet,
1642 911 1674 936 et
1697 906 1751 946 qui
1775 906 1880 937 credit
1903 906 1934 936 in
1959 915 2029 942 me,
2052 915 2120 936 non

1142 948 1237 979 siciet
1267 957 1419 989 vnquam.
1466 947 1528 978 Hie
1555 953 1696 979 testatur
1719 948 1751 978 in
1774 953 1985 979 sacramento
2008 946 2117 978 offerri

1141 990 1371 1022 remissionem
1401 996 1629 1031 peccatorum,
1669 996 1811 1022 testatur
1846 996 1877 1022 et
1915 989 1980 1021 fide
2014 990 2121 1030 accipi

1142 1034 1274 1065 debere.
1320 1032 1450 1064 Infinita
1479 1033 1666 1064 testimonia
1694 1032 1851 1075 leguntur
1879 1034 1912 1064 in
1935 1032 2023 1063 hanc
2046 1041 2121 1063 sen-

1114 1083 1116 1100 2
1142 1076 1282 1107 tenciam
1309 1076 1398 1116 apud
1427 1075 1563 1113 Patres,
1591 1086 1676 1116 quae
1703 1077 1813 1107 omnia
1842 1076 2037 1117 detorquent
2066 1075 2121 1106 ad-

1140 1118 1282 1160 uersarij
1316 1118 1359 1149 ad
1399 1128 1485 1159 opus
1522 1124 1693 1158 operatum
1727 1125 1757 1150 et
1793 1118 2026 1159 applicandum
2059 1127 2119 1158 pro

1140 1160 1238 1203 alijs,
1273 1171 1347 1192 cum
1375 1160 1493 1192 Patres
1526 1166 1641 1202 aperte
1678 1162 1849 1203 requirant
1876 1161 1991 1198 fidem,
2019 1166 2051 1191 et
2081 1160 2122 1191 de

1139 1205 1274 1245 propria
1303 1205 1463 1245 cuiusque
1493 1202 1722 1235 consolatione
1750 1203 1944 1245 loquantur,
1985 1213 2050 1234 non
2081 1203 2122 1233 de

1139 1246 1372 1288 applicatione.
1418 1246 1556 1277 Praeter
1578 1246 1661 1278 11380
1690 1245 1844 1288 leguntur
1873 1252 1906 1278 et
1929 1245 2122 1277 sentenciae

1140 1290 1181 1321 de
1215 1290 1395 1332 gratiarum
1423 1290 1572 1327 actione,
1608 1288 1716 1330 qualis
1744 1288 1802 1320 illa
1836 1295 1886 1321 est
1921 1289 2121 1320 suauissime

1140 1333 1226 1364 dicta
1249 1342 1269 1363 a
1292 1331 1458 1373 Cypriano
1488 1332 1530 1363 de
1558 1332 1611 1372 pie
1639 1332 1964 1363 communicantibus.
2009 1331 2121 1362 Pietas

1139 1375 1243 1415 inquit
1266 1375 1351 1406 inter
1374 1375 1452 1406 data
1480 1380 1512 1405 et
1534 1375 1722 1406 condonata
1745 1384 1782 1406 se
1807 1374 1970 1411 diuidens,
1995 1373 2121 1416 gratias

1138 1418 1207 1459 agit
1240 1423 1305 1448 tam
1334 1417 1447 1449 vberis
1476 1417 1629 1457 beneficij
1659 1416 1827 1459 largitori,
1862 1417 1894 1448 id
1916 1421 1986 1454 est,
2011 1417 2120 1457 'pietas

1138 1460 1284 1491 intuetur
1313 1460 1393 1490 data
1415 1465 1447 1491 et
1471 1460 1675 1498 condonata,
1697 1459 1762 1491 hoc
1786 1465 1856 1497 est,
1881 1457 2012 1491 confert
2035 1459 2120 1490 inter

1138 1512 1177 1534 se
1210 1502 1466 1543 magnitudinem
1500 1502 1735 1534 beneficiorum
1765 1501 1828 1533 Dei
1858 1508 1891 1533 et
1922 1501 2119 1544 magnitudi-

1108 1545 1213 1924 'nem
1247 1551 1438 1577 nostrorum
1468 1544 1647 1583 malorum,
1680 1545 1814 1583 mortis,
1849 1552 1880 1576 et
1911 1545 2055 1585 peccati,
2087 1551 2119 1576 et

1138 1587 1207 1629 agit
1230 1588 1354 1629 gratias
1377 1593 1441 1619 etc.
1487 1587 1529 1618 Et
1558 1588 1635 1619 hinc
1668 1588 1773 1619 extitit
1801 1585 1978 1629 appellatio
2003 1588 2118 1628 εὐχαρι-

1137 1635 1224 1666 στίας
1245 1631 1278 1661 1η
1300 1628 1465 1662 Ecclesia.
1510 1630 1628 1672 Neque
1657 1641 1737 1662 vero
1762 1631 1948 1661 ceremonia
1971 1630 2046 1671 ipsa
2069 1636 2119 1661 est

1138 1674 1318 1715 gratiarum
1349 1674 1436 1704 actio
1465 1682 1505 1704 ex
1533 1683 1632 1714 opere
1661 1679 1799 1713 operato
1829 1671 2028 1714 applicanda
2058 1683 2119 1713 pro

1136 1715 1226 1755 alijs,
1247 1722 1282 1747 vt
1304 1721 1470 1747 mereatur
1492 1716 1539 1747 eis
1563 1716 1794 1747 remissionem
1816 1721 2029 1756 peccatorum
2053 1722 2118 1747 etc.

1137 1765 1173 1790 vt
1195 1757 1314 1790 liberet
1336 1760 1462 1790 animas
1487 1757 1726 1790 defunctorum,
1769 1758 1860 1789 Haec
1879 1764 2027 1800 pugnant
2046 1768 2117 1790 cum

1138 1802 1267 1833 iusticia
1289 1800 1376 1839 fidei,
1400 1802 1495 1842 quasi
1518 1802 1721 1840 ceremonia,
1745 1802 1816 1833 sine
1839 1800 1904 1832 fide
1926 1802 2040 1842 prosit,
2065 1807 2118 1832 aut

1138 1844 1282 1880 facienti,
1304 1849 1362 1875 aut
1384 1843 1470 1885 alijs.

1328 1970 1390 2001 DE
1413 1970 1707 2001 VOCABVLIS
1731 1969 1925 2001 MlSSAE.

1110 2024 1113 2045 ι

1110 2068 1113 2088 ι
1225 2057 1420 2097 Aduersarij
1451 2062 1613 2088 reuocant
1642 2065 1706 2087 nos
1737 2056 1834 2087 etiam
1857 2056 1899 2087 ad
1923 2055 2117 2086 Grammati-

1138 2109 1222 2139 cam,
1245 2106 1378 2131 sumunt
1401 2105 1595 2141 argumenta
1618 2109 1659 2130 ex
1681 2097 1958 2140 appellationibus
1981 2097 2118 2136 Missae,

1138 2153 1224 2185 quae
1257 2153 1323 2174 non
1354 2142 1477 2174 habent
1511 2152 1595 2183 opus
1629 2141 1730 2184 longa
1759 2141 1993 2182 disputacione.
2041 2140 2115 2173 Non

1108 2189 1112 2211 Ι
1138 2187 1223 2217 8111111
1247 2186 1395 2227 sequitur
1417 2185 1567 2223 Missam,
1591 2185 1720 2216 etiamsi
1744 2190 1885 2215 vocatur
1907 2182 2116 2220 sacrificium,

1108 2223 1111 2274 ,Τ
1137 2238 1222 2269 opus
1245 2238 1324 2260 esse
1345 2238 1386 2260 ex
1412 2238 1512 2270 opere
1535 2232 1670 2269 operato
1690 2228 1828 2269 gratiam
1847 2225 2036 2264 conserenS,
2060 2232 2117 2257 aut

1108 2278 1111 2306 ἐ
1137 2270 1337 2313 applicatum
1366 2282 1427 2312 pro
1450 2270 1544 2312 alijs,
1571 2271 1688 2302 mereri
1719 2270 1766 2301 eis
1790 2269 2015 2300 remissionem
2039 2279 2116 2310 pec·

1108 2311 1111 2332 ¹
1137 2321 1285 2346 catorum
1305 2320 1368 2346 etc.
1399 2316 1584 2354 λειτουργία,
1608 2313 1774 2354 inquiunt,
1803 2311 1967 2353 significat
1991 2310 2115 2342 sacrifi-

1108 2353 1111 2377 ¹
1138 2357 1234 2389 cium.
1279 2356 1319 2387 Et
1342 2357 1463 2388 Graeci
1486 2356 1623 2387 Missam
1647 2353 1815 2396 appellant
1836 2354 2012 2396 liturgiam.
2047 2353 2115 2385 Cur

1108 2428 1111 2440 ,
1136 2400 1190 2431 hic
1213 2400 1364 2431 omittunt
1388 2398 1640 2440 appellationem
1663 2404 1807 2429 veterem
1830 2396 1998 2439 Synaxis?
2030 2405 2115 2438 quae

1108 2452 1111 2479 ι
1137 2443 1280 2474 ostendit
1302 2442 1442 2474 Missam
1472 2441 1547 2472 olim
1571 2442 1676 2472 fuisse
1698 2439 1871 2472 multorum
1896 2439 2113 2471 communica-

1108 2485 1110 2498 ²
1135 2485 1278 2524 tionem,
1311 2485 1379 2516 Sed
1407 2485 1556 2517 dicamus
1585 2484 1626 2514 de
1654 2483 1814 2524 Liturgia.
1869 2481 1918 2513 Ea
1951 2492 2016 2513 vox
2046 2492 2112 2513 non

1136 2528 1302 2570 significat
1324 2528 1455 2569 proprie
1477 2526 1693 2564 sacrificium,
1722 2526 1782 2557 sed
1805 2525 1915 2566 potius
1943 2523 2111 2565 publicum

1134 2571 1364 2606 ministerium,
1399 2577 1431 2602 et
1462 2574 1537 2611 apte
1563 2569 1701 2611 quadrat
1736 2568 1777 2599 ad
1808 2574 1955 2599 nostram
1979 2574 2110 2598 senten-

1106 2609 1110 2639 ·'
1136 2614 1230 2652 ciam,
1253 2613 1341 2655 quod
1365 2611 1518 2644 videlicet
1540 2621 1625 2642 vnus
1648 2611 1796 2642 minister
1818 2619 2038 2647 consecrans,
2060 2619 2109 2640 re·
