2366 2958
89 173 156 206 525
439 173 478 206 ll.
521 161 751 207 APOLOGIA
774 173 1092 208 CONFESSIONlS
1115 174 1430 208 AUGUSTANAE.
1473 173 1513 206 B.
1542 160 1750 206 'AL'l'ERA.
2033 173 2098 206 526

95 267 265 310 gationem
285 273 486 299 sanctorum.
519 268 561 299 Et
585 269 781 300 addiderunt
804 267 940 311 longam
963 267 1073 300 decla·
1095 269 1100 310 i
1121 268 1211 299 iubet
1223 278 1286 299 nos
1301 269 1447 304 credere,
1470 269 1558 310 quod
1571 269 1612 299 sit
1625 274 1741 300 sancta
1756 266 1919 299 catholica
1932 265 2085 299 Ecclesia

91 310 290 348 mationem,
322 311 411 351 quod
440 309 516 342 mali
540 321 606 342 non
629 312 693 342 sint
716 313 758 343 ab
782 310 935 343 Ecclesia
957 320 1071 352 segre·
1096 314 1098 357 ᾗ
1123 310 1214 351 impij
1245 321 1326 342 vero
1354 322 1422 343 non
1450 318 1527 342 sunt
1555 317 1672 342 sancta
1695 309 1866 347 Ecclesia,
1898 310 1937 340 Et
1968 310 2097 341 videtur

92 353 209 394 gandi,
230 362 304 384 cum
323 353 490 384 lohannes
509 353 948 395 comparaueritEcclesiam
962 363 1073 391 areae,
1096 363 1098 367 ·
1122 353 1269 384 additum
1296 355 1385 394 quod
1414 356 1579 396 sequitur,
1610 360 1800 384 sanctorum
1829 353 2032 390 communio,
2062 359 2097 384 vt

92 396 127 427 in
157 405 223 436 qua
251 396 393 427 triticum
425 402 457 426 et
484 394 600 436 paleae
628 396 727 428 simul
761 402 960 428 coaceruata
994 396 1071 427 sint.
1096 432 1098 436 λ
1123 401 1344 436 exponeretur
1362 397 1440 437 quid
1452 396 1615 438 significet
1629 395 1793 434 Ecclesia,
1818 405 1936 436 nempe
1959 405 2097 436 congre-

93 437 136 469 Et
149 437 302 469 Christus
315 439 560 479 comparauerit
573 448 644 470 eam
656 438 808 480 lagenae,
833 440 864 469 in
884 449 948 480 qua
961 439 1077 486 pisces*
1094 451 1099 491 ἱ
1123 438 1288 480 gationem
1312 444 1515 477 sanctorum,
1539 439 1592 480 qui
1608 439 1729 470 hahent
1744 439 1828 470 inter
1841 448 1878 469 se
1892 438 2095 475 societatem,

92 480 172 512 boni
197 487 228 511 et
250 479 328 511 mali
351 486 427 512 sunt
451 487 514 512 etc.
567 480 722 512 Profecto
747 492 860 512 verum
884 487 951 518 est,
982 481 1071 521 quod
1096 494 1098 519 ς

93 524 197 560 aiunt,
221 522 356 553 Nullum
379 524 556 554 remedium
569 534 645 555 esse
658 525 822 555 aduersus
835 523 1071 565 Sycophantae
1096 534 1097 564 ᾗ

94 575 252 597 morsum.
298 564 388 596 Nihil
411 572 478 597 tam
510 566 750 607 circumspecte
781 566 846 597 dici
874 571 1005 606 potest,
1036 571 1071 596 vt
1096 577 1098 609 j

96 607 295 640 calumniam
334 608 459 640 euitare
494 616 602 649 queat.
660 609 730 640 Nos
766 610 808 639 ob
843 608 930 639 hanc
964 609 1098 653 ipsam4

95 660 231 682 causam
255 651 435 682 adiecimus
460 657 615 683 octauum
639 650 824 688 articulum,
846 661 888 682 ne
912 651 985 692 quis
1005 651 1071 682 exi·
1096 659 1098 682 ζ

95 693 243 724 stimaret
265 704 327 724 nos
351 703 532 735 segregare
555 692 661 724 malos
684 699 717 724 et
739 692 932 734 hypocritas
953 695 994 723 ab
1015 704 1070 724 ex-

95 741 190 766 terna
213 737 375 767 societate
397 735 582 772 Ecclesiae,
605 742 661 767 aut
685 736 828 767 adimere
852 736 1070 767 sacramentis
1094 730 1099 796 ἰ

96 776 281 809 efficaciam
305 788 391 820 quae
412 789 474 820 per
494 779 704 820 hypocritaS,
727 784 783 809 aut
807 777 912 809 malos
936 779 1071 809 admini-
1093 810 1098 814 ,

97 826 258 852 strantur.
292 821 405 862 ltaque
428 821 482 852 hic
505 831 571 851 non
594 827 645 852 est
665 831 748 862 opus
762 820 863 862 longa
877 820 1072 852 defensione

95 863 260 894 aduersus
282 863 371 894 hanc
394 863 600 894 calumniam.
652 863 743 895 Satis
766 873 829 894 nos
853 871 973 905 purgat
997 865 1072 895 arti-

96 904 192 937 culus
215 911 366 937 octauus.
412 905 634 937 Concedimus
659 907 742 937 enim
767 907 857 947 quod
879 905 1073 949 hypocritae

96 953 131 979 et
153 947 230 978 mali
253 949 285 978 in
310 948 375 978 hac
397 949 465 979 vita
486 948 551 979 sint
575 949 709 979 admixti
732 947 920 987 Ecclesiae,
949 956 980 979 et
1007 950 1072 981 sint

97 991 245 1021 membra
267 989 442 1021 Ecclesiae
465 991 646 1022 secundum
680 997 849 1022 externam
879 993 1073 1023 societatem

98 1033 270 1075 signorum
287 1031 475 1071 Ecclesiae,
500 1033 567 1064 hoc
591 1040 641 1064 est
659 1034 765 1071 verbi,
788 1033 1016 1074 professionis,
1041 1041 1074 1066 et

97 1082 396 1113 sacramentorum,
419 1076 616 1116 praesertim
640 1077 669 1107 si
690 1086 756 1107 non
776 1078 841 1107 sint
854 1078 1073 1109 excommuni-

97 1119 174 1156 cati,
197 1118 267 1149 Nec
290 1125 498 1149 sacramenta
521 1119 595 1149 ideo
618 1129 684 1149 non
707 1126 782 1150 sunt
805 1118 973 1157 efficacia,
997 1121 1073 1161 quia

95 1169 156 1201 per
179 1159 286 1191 malos
309 1166 510 1197 tractantur,
536 1161 603 1191 lmo
634 1168 726 1192 recte
747 1162 791 1192 vti
816 1172 995 1202 possumus
1019 1173 1072 1193 sa·
1095 1165 1101 1222 Ἰ

97 1203 293 1240 oramentis,
323 1213 408 1244 quae
438 1213 497 1244 per
525 1202 633 1234 malos
663 1204 942 1236 administrantur.
988 1204 1072 1235 Nam

96 1251 130 1276 et
152 1244 277 1277 Paulus
300 1246 459 1286 praedicit
481 1245 637 1283 futurum,
660 1253 695 1277 vt
706 1247 932 1278 Antichristus
956 1247 1072 1278 sedeat

95 1287 128 1319 in
152 1287 275 1328 templo
298 1287 380 1325 Dei,
404 1287 469 1319 hoc
493 1294 561 1325 est,
584 1290 614 1319 in
639 1288 791 1320 Ecclesia
813 1290 1016 1328 dominetur,
1039 1295 1072 1321 et

96 1336 192 1372 gerat
211 1330 333 1362 officia.
368 1331 414 1360 At
425 1329 592 1368 Ecclesia,
616 1342 681 1362 non
706 1339 756 1362 est
779 1337 905 1363 tantum
925 1333 1070 1363 societas

94 1378 306 1404 externarum
328 1382 437 1403 rerum
461 1383 501 1404 ac
532 1374 666 1412 rituum,
697 1374 783 1405 sicut
811 1374 899 1405 aliae
926 1373 1071 1415 politiae,

94 1415 164 1447 Sed
186 1413 414 1456 principaliter
435 1422 487 1446 est
509 1417 656 1447 societas
670 1416 745 1448 fidei
759 1423 790 1448 et
802 1417 939 1458 spiritus
952 1418 1070 1454 sancti,

93 1458 126 1489 in
150 1458 306 1489 cordibus
314 1480 325 1496 ,
350 1467 436 1499 quae
459 1464 569 1489 tamen
592 1458 692 1489 habet
715 1466 872 1490 externas
896 1466 1012 1497 notaS,
1035 1466 1070 1491 vt

93 1501 233 1543 agnosci
246 1501 366 1541 possit,
389 1499 546 1532 videlicet
557 1511 673 1542 puram
685 1500 775 1533 Euan
781 1501 857 1544 gelij
874 1502 1068 1546 doctrinam,

93 1549 127 1575 et
134 1543 449 1575 administrationem
461 1545 504 1581 60)
512 1550 796 1576 sacramentorum
809 1551 1069 1576 consentaneam

92 1585 277 1627 Euangelio
305 1584 440 1616 Christi.
485 1585 526 1616 Et
556 1585 641 1616 haec
669 1586 823 1618 Ecclesia
850 1587 923 1619 sola
951 1588 1070 1619 dicitur

93 1638 216 1668 corpus
240 1627 381 1661 Christi,
404 1629 492 1669 quod
516 1627 670 1659 Christus
695 1630 811 1670 spiritu
834 1640 896 1661 suo
919 1637 1069 1669 renouat,

93 1670 292 1708 sanctificat,
315 1677 347 1701 et
371 1671 548 1711 gubernat,
572 1676 606 1702 vt
625 1677 768 1703 testatur
780 1671 904 1704 Paulus
918 1672 1023 1714 Ephe.
1039 1674 1067 1704 l.

92 1723 168 1745 cum
191 1714 246 1745 ait.
280 1712 321 1744 Et
344 1714 451 1755 ipsum
473 1713 561 1744 dedit
586 1720 685 1755 caput
696 1717 929 1756 superomnia,
952 1715 1068 1747 Eccle-

92 1757 163 1787 siae
184 1765 271 1797 quae
294 1762 346 1786 est
369 1766 489 1797 corpus
512 1755 601 1793 eius,
625 1756 797 1796 videlicet,
820 1759 1013 1800 integritas,
1035 1759 1068 1790 id

93 1805 158 1837 est,
188 1804 256 1830 tota
279 1799 495 1840 congregatio
520 1799 624 1840 ipsius
648 1801 703 1841 qui
728 1801 837 1831 onmia
860 1802 891 1832 in
916 1802 1067 1833 omnibus

90 1841 230 1883 perficit.
276 1841 386 1876 Quare
415 1840 462 1872 illi
492 1842 525 1872 in
555 1843 675 1883 quibus
704 1842 782 1874 nihil
807 1844 875 1885 agit
900 1843 1067 1882 Christus,

90 1894 157 1916 non
181 1890 259 1916 sunt
281 1885 428 1915 membra
452 1883 583 1916 Christi.
639 1885 739 1926 ldque
772 1886 916 1917 fatentur
950 1887 1067 1918 aduer-
1090 1896 1096 1941 1

92 1927 171 1969 sarij
196 1926 303 1957 malos
328 1937 404 1958 esse
427 1933 553 1958 mortua
576 1929 722 1959 membra
734 1928 918 1960 Ecclesiae.
955 1929 1067 1964 Quare
1090 1951 1095 1987 1

92 1970 260 2007 miramur,
285 1979 343 2001 cur
365 1969 637 2010 reprehenderint
650 1977 798 2002 nostram
811 1972 1065 2013 descriptionem

89 2022 176 2054 quae
199 2012 241 2043 de
265 2012 347 2043 riuis
370 2012 527 2043 membris
549 2011 702 2054 loquitur.

176 2055 293 2096 Neque
315 2055 392 2086 noui
415 2055 589 2096 quidquam
615 2056 767 2095 diximus,
794 2056 917 2089 Paulus
931 2058 1064 2089 omnino

89 2098 206 2129 eodem
240 2098 339 2128 modo
374 2097 522 2128 definiuit
555 2096 741 2130 Ecclesiam
777 2099 878 2141 Ephe.
910 2112 939 2132 v.
976 2102 1064 2142 quod

89 2140 299 2182 purificetur,
324 2146 359 2170 vt
381 2141 423 2171 sit
446 2147 579 2178 sancta,
600 2139 642 2171 Et
665 2142 753 2173 addit
777 2149 932 2174 externas
957 2150 1064 2182 notas,

89 2184 226 2214 verbum
258 2190 289 2214 et
317 2189 535 2214 sacramenta.
592 2183 650 2214 Sic
681 2186 766 2215 enim
797 2186 852 2216 ait.
910 2186 1063 2217 Christus

88 2225 202 2257 dilexit
225 2224 428 2263 Ecclesiam,
464 2232 496 2256 et
530 2235 567 2256 se
596 2227 728 2257 tradidit
758 2238 818 2268 pro
843 2239 901 2266 ea,
934 2236 967 2260 vt
992 2239 1063 2260 eam
1087 2225 1091 2259 l

89 2268 293 2306 sanctificet,
318 2268 498 2309 purificans
523 2267 659 2299 lauacro
684 2279 807 2311 aquae,
831 2281 891 2311 per
915 2273 1063 2310 verbum,

88 2318 122 2342 vt
145 2312 298 2343 exhibeat
322 2321 393 2342 eam
417 2311 479 2341 sibi
506 2310 684 2352 gloriosam
704 2312 891 2344 Ecclesiam
916 2325 981 2345 non
1004 2315 1063 2346 ha-

89 2355 219 2385 bentem
251 2353 432 2391 maculam,
463 2363 570 2395 neque
599 2364 730 2395 rugam,
760 2361 815 2386 aut
838 2355 960 2398 aliquid
984 2357 1063 2395 tale,

90 2398 149 2427 sed
174 2403 207 2427 vt
237 2397 279 2427 sit
310 2402 427 2427 sancta
455 2402 487 2427 et
516 2396 695 2437 inculpata.
742 2398 836 2428 Hanc
859 2401 1062 2431 sentenciam

88 2449 173 2480 pene
195 2439 331 2470 totidem
355 2439 467 2470 verbis
492 2450 554 2470 nos
578 2441 609 2470 in
638 2439 850 2471 confessione
881 2443 1062 2482 posuimus.

90 2482 153 2519 sic·
168 2482 280 2512 delinit
302 2480 488 2513 Ecclesiam
512 2488 543 2513 et
568 2481 727 2514 articulus
751 2485 782 2514 in
803 2483 984 2525 Symbolo‚
1008 2487 1062 2527 qui

1092 1759 1097 1771 1

1092 1776 1096 1783 =

90 2617 136 2649 60)
157 2616 416 2651 administrationem]
435 2617 485 2643 Ed.
503 2618 527 2643 3.
547 2622 597 2651 typ.
619 2627 681 2644 σιτ
701 2620 897 2644 admirationem

1123 481 1272 511 eiusdem
1295 479 1487 523 Euangelij‚
1511 492 1570 512 seu
1595 482 1782 517 doctrinae,
1807 487 1839 512 et
1861 480 2006 512 eiusdem
2030 481 2096 521 spi-

1122 524 1205 553 ritus
1229 523 1353 561 sancti,
1378 524 1432 564 qui
1457 526 1559 554 corda
1583 534 1697 555 eorum
1720 530 1877 561 renouat,
1900 522 2097 561 sanctificat,

1124 571 1156 596 et
1179 566 1354 607 gubernat.
1392 566 1430 596 Et
1454 565 1508 596 hic
1531 565 1690 597 articulus
1715 567 1906 597 necessaria
1932 566 1972 596 de
1995 575 2098 597 causa

1122 609 1316 650 propositus
1340 614 1406 645 est,
1435 608 1562 639 infinita
1591 608 1737 649 pericula
1760 610 1909 641 videmus
1933 618 2019 650 quae
2040 608 2097 639 mi-

1122 656 1243 681 nantur
1265 649 1441 682 Ecclesiae
1465 652 1639 682 interitum.
1686 651 1814 683 infinita
1842 651 2015 683 multitudo
2046 656 2098 682 est

1096 694 1294 734 'impiorum
1329 694 1362 724 in
1398 694 1469 735 ipsa
1500 692 1670 731 Ecclesia,
1703 695 1757 735 qui
1793 695 1979 735 opprimunt
2013 704 2096 725 eam.

1123 737 1236 777 ltaque
1250 746 1291 767 ne
1305 736 1532 777 desperemuS,
1555 737 1614 767 sed
1634 737 1776 768 sciamus
1790 735 1975 768 Ecclesiam
1988 743 2098 767 tamen

1123 789 1314 810 mansuram
1333 788 1419 810 esse.
1455 780 1545 817 Item,
1569 786 1601 809 vt
1626 780 1780 816 sciamus,
1805 780 1954 821 quamuis
1977 790 2097 821 inagna

1124 820 1295 852 multitudo
1319 822 1361 852 sit
1383 822 1572 862 impiorum,
1601 828 1709 852 tamen
1734 821 1919 853 Ecclesiam
1944 822 2097 860 existere,

1125 870 1156 895 et
1175 863 1341 895 Christum
1364 870 1537 905 praestare
1561 862 1616 895 illa
1640 875 1725 905 quae
1749 865 1896 905 promisit
1909 864 2096 903 Ecclesiae,

1124 907 1290 938 remittet-'e
1311 913 1463 947 peccata,
1487 907 1655 944 exaudire,
1681 908 1761 938 dare
1773 907 1922 948 spiritum
1936 913 2097 938 sanctum.

1124 951 1194 982 Has
1218 948 1466 980 consolationes
1489 951 1642 990 proponit
1666 950 1762 980 nobis
1792 948 1952 980 articulus
1983 948 2038 980 ille
2067 950 2100 980 in

1125 991 1298 1033 Symbolo.
1343 992 1384 1023 Et
1415 992 1612 1023 catholicam
1636 992 1827 1023 Ecclesiam
1858 992 1953 1030 dicit,
1983 1002 2024 1023 ne
2053 992 2100 1023 in·

1124 1033 1312 1076 telligamus
1337 1034 1522 1067 Ecclesiam
1546 1045 1623 1066 esse
1653 1033 1798 1075 politiam
1830 1041 1997 1066 externam
2029 1045 2098 1065 cer-

1124 1083 1230 1109 tarum
1255 1078 1416 1119 gentium,
1453 1078 1520 1108 Sed
1551 1078 1658 1119 magis
1690 1077 1841 1109 homines
1871 1087 2009 1118 sparsos
2039 1088 2100 1118 per

1124 1125 1227 1151 totum
1257 1121 1388 1158 orbem,
1423 1121 1478 1161 qui
1509 1120 1549 1151 dc
1578 1119 1761 1162 Euangelio
1790 1120 2028 1158 consenc-ium,
2064 1126 2097 1152 et

1123 1161 1245 1193 habent
1259 1163 1397 1194 eundem
1410 1162 1588 1200 Christum,
1613 1164 1751 1194 eundem
1773 1163 1922 1204 spiritum
1936 1170 2098 1202 sanctum,

1124 1211 1157 1235 et
1179 1205 1293 1236 eadem
1317 1212 1541 1242 sacramenta,
1574 1206 1645 1236 siue
1674 1206 1817 1237 habeant
1841 1206 1974 1236 easdem
1999 1206 2098 1236 tradi-

1124 1248 1231 1278 tiones
1262 1248 1440 1285 humanas,
1474 1249 1545 1278 siue
1574 1247 1762 1279 dissimiles.
1819 1247 1859 1279 Et
1889 1249 1920 1280 in
1944 1249 2098 1279 Decretis

1123 1290 1225 1331 inquit
1238 1289 1348 1331 glosa,
1369 1289 1553 1321 Ecclesiam
1566 1289 1659 1332 large
1672 1291 1788 1322 dictam
1804 1289 1975 1331 complecti
1991 1292 2097 1322 bonos

1123 1338 1154 1363 et
1177 1333 1292 1364 malos.
1340 1334 1418 1364 Item
1449 1332 1555 1364 malos
1586 1334 1716 1365 nomine
1739 1340 1863 1365 tantum
1887 1335 1917 1364 in
1942 1332 2097 1365 Ecclesia

1123 1385 1211 1413 esse,
1235 1386 1301 1406 non
1324 1386 1372 1413 re,
1398 1377 1504 1407 bonos
1528 1387 1608 1407 vero
1631 1387 1667 1407 re
1690 1382 1722 1408 et
1735 1377 1877 1407 nomine.
1913 1375 1954 1407 Et
1967 1377 1997 1407 in
2011 1377 2097 1408 hanc

1122 1419 1326 1449 sentenciam
1350 1417 1450 1450 multa
1474 1418 1629 1460 leguntur
1651 1421 1738 1460 apud
1763 1420 1893 1451 Patres.
1935 1418 2096 1462 Hierony-

1121 1470 1194 1491 mus
1230 1461 1314 1491 enim
1348 1462 1402 1492 ait.
1459 1462 1522 1497 Qui
1553 1472 1633 1503 ergo
1659 1464 1702 1500 61)
1731 1468 1888 1503 peccator
1910 1468 1961 1492 est
1984 1461 2096 1503 aliqua

1121 1503 1222 1533 sorde
1252 1502 1454 1541 maculatus,
1491 1505 1531 1535 de
1560 1503 1712 1536 Ecclesia
1735 1504 1856 1536 Christi
1889 1514 1954 1536 non
1986 1510 2097 1545 potest

1120 1544 1294 1587 appellari,
1318 1556 1382 1578 ncc
1405 1545 1540 1577 Christo
1565 1548 1734 1578 subiectus
1759 1548 1833 1579 dici.

1207 1588 1402 1630 Quanquam
1429 1590 1527 1631 igitur
1549 1589 1745 1631 hypocritae
1769 1596 1799 1621 ct
1823 1589 1899 1621 mali
1923 1590 1987 1621 sint
2010 1590 2093 1632 socij

1119 1630 1218 1662 huius
1251 1642 1352 1663 verae
1386 1632 1559 1664 Ecclesiae
1593 1633 1774 1664 secundum
1810 1640 1966 1665 externos
2000 1634 2094 1671 ritus,

1119 1679 1228 1705 tamen
1250 1686 1324 1706 cum
1346 1674 1500 1706 definitur
1518 1674 1686 1716 Ecclesia,
1708 1685 1850 1707 necesse
1874 1682 1923 1708 est
1948 1685 2019 1706 eam
2043 1676 2096 1707 de-

1120 1717 1223 1754 finiri,
1246 1727 1331 1758 quae
1353 1723 1405 1749 est
1427 1720 1537 1750 viuum
1563 1729 1685 1760 corpus
1710 1718 1852 1757 Christi,
1882 1718 1981 1756 item,
2011 1728 2096 1759 quae

1120 1766 1169 1789 est
1194 1761 1325 1791 nomine
1348 1767 1380 1791 et
1401 1771 1438 1791 re
1460 1760 1624 1798 Ecclesia,
1651 1761 1692 1791 Et
1715 1760 1838 1793 multae
1863 1767 1939 1792 sunt
1963 1771 2095 1792 causae.

1120 1801 1270 1833 Necesse
1298 1809 1349 1834 est
1377 1804 1461 1835 enim
1492 1803 1628 1845 intelligi
1666 1814 1749 1845 quae
1784 1814 1838 1834 res
1872 1802 2097 1845 principaliter

1121 1843 1244 1876 efficiat
1271 1856 1334 1877 nos
1365 1847 1529 1883 membra,
1565 1853 1597 1877 et
1631 1847 1707 1877 vina
1738 1848 1882 1877 membra
1910 1846 2094 1877 Ecclesiae.

1121 1887 1155 1918 Si
1178 1886 1366 1919 Ecclesiam
1389 1895 1514 1920 tantuin
1539 1889 1732 1921 definiemus
1756 1895 1923 1920 externam
1948 1888 2095 1929 politiam

1120 1939 1197 1961 esse
1222 1931 1383 1962 bonorum
1408 1938 1438 1962 ct
1463 1931 1636 1970 malorum,
1659 1942 1725 1963 non
1744 1931 1929 1973 intelligent
1945 1932 2094 1964 homines

1120 1983 1258 2013 regnum
1272 1973 1395 2005 Christi
1410 1984 1486 2005 esse
1500 1975 1661 2006 iusticiam
1681 1975 1805 2011 cordis,
1829 1981 1859 2005 ct
1884 1975 2094 2006 donationem

1119 2016 1253 2056 spiritus
1287 2018 1411 2055 sancti,
1445 2019 1504 2048 sed
1539 2018 1728 2049 iudicabunt
1765 2024 1890 2048 tantum
1925 2024 2092 2049 externam

1119 2059 1388 2091 obseruationem
1420 2070 1497 2091 esse
1526 2068 1690 2091 certorum
1721 2060 1865 2091 cultuum
1894 2071 1934 2091 ac
1963 2061 2091 2091 rituum.

1119 2101 1196 2132 ltem
1222 2103 1299 2143 quid
1324 2104 1469 2133 intererit
1492 2104 1578 2134 inter
1599 2103 1756 2144 populum
1786 2102 1889 2145 legis,
1922 2110 1951 2133 et
1976 2102 2091 2134 Eccle-

1117 2144 1216 2182 siam,
1246 2146 1273 2175 si
1301 2144 1449 2177 Ecclesia
1483 2153 1533 2176 est
1564 2152 1696 2177 externa
1726 2145 1854 2186 politia,
1887 2145 1928 2176 At
1953 2146 2002 2177 sic
2027 2146 2092 2176 dis-

1118 2187 1220 2217 cernit
1245 2186 1368 2219 l'aulus
1389 2188 1575 2219 Ecclesiam
1599 2199 1619 2219 a
1642 2188 1765 2230 populo
1790 2187 1892 2229 legis,
1917 2188 2004 2229 quod
2027 2188 2090 2218 Ec-

1117 2228 1219 2261 clesia
1244 2232 1286 2261 sit
1312 2230 1454 2272 populus
1473 2230 1665 2271 spiritualis
1691 2232 1755 2262 hoc
1770 2238 1833 2268 est,
1858 2242 1921 2261 non
1936 2229 2089 2262 ciuilibus

1116 2273 1232 2304 ritibus
1264 2274 1437 2305 distinctus
1466 2285 1485 2305 a
1516 2275 1687 2316 gentibus,
1718 2275 1782 2305 Sed
1816 2284 1914 2304 verus
1944 2272 2087 2314 populus

1116 2314 1178 2346 Dei
1202 2323 1337 2348 renatus
1360 2327 1418 2358 per
1437 2318 1583 2357 spiritum
1598 2323 1757 2349 sanctum.
1796 2317 1829 2346 ln
1854 2317 1975 2357 populo
2000 2315 2084 2357 legis

1115 2366 1246 2397 praeter
1259 2360 1509 2400 promissionem
1524 2361 1563 2391 de
1578 2359 1725 2397 Christo,
1747 2358 1889 2389 habehat
1911 2365 1941 2389 et
1955 2358 2089 2389 carnale

1116 2411 1227 2433 semen
1251 2403 1489 2442 promissiones
1510 2414 1616 2434 rerum
1638 2401 1869 2443 corporalium.
1896 2403 1999 2442 regni,
2023 2409 2086 2433 etc.

1115 2443 1156 2475 Et
1180 2452 1315 2486 propter
1337 2445 1398 2475 lias
1424 2447 1616 2476 dicebantur
1640 2443 1782 2485 populus
1805 2443 1878 2478 Dei,
1903 2445 1998 2475 etiam
2011 2443 2087 2475 mali

1115 2487 1146 2517 in
1171 2487 1239 2526 his,
1270 2490 1345 2529 quia
1373 2487 1438 2520 hoc
1469 2487 1602 2519 carnale
1631 2497 1741 2518 semen
1767 2488 1849 2517 deus
1873 2494 2088 2527 separauerat

1114 2625 1160 2655 61)
1181 2625 1255 2655 ergo]
1275 2625 1322 2648 Ed.
1342 2625 1380 2648 3.:
1400 2633 1461 2654 erga
