2366 2958
146 173 190 205 3⁷
629 169 653 201 Ι.
698 167 979 201 CONFUTATIO
1004 167 1323 201 CONFESSIONIS
1346 167 1662 202 AUGUSTANAE.
2105 169 2150 202 38

217 284 240 297 .
481 262 590 293 mulam
613 261 802 292 Concordiae
827 265 869 302 [p.
904 262 1066 301 1—246.]‚
1091 262 1299 301 Appendicem
1331 263 1617 302 quinquepartitam:
1649 263 1672 291 1.
1699 261 1835 297 Quatuor
1858 263 1969 292 veteris
1995 262 2149 292 ecclesiae

482 305 624 346 symbola
643 308 686 344 [p.
713 308 728 335 3
753 307 832 344 sq.]‚
862 305 899 334 11.
925 303 1159 334 confessionem
1177 305 1319 334 variatam
1344 315 1370 334 a.
1398 305 1529 335 MDXL.
1549 308 1590 344 [p.
1615 308 1633 335 4
1652 305 1729 335 med.
1755 323 1793 327 -—
1813 307 1851 335 43
1877 305 1984 344 med.]‚
2014 306 2067 334 111.
2091 304 2149 334 Re-

482 349 676 387 sponsionem
700 347 897 386 Poutificiam
924 347 968 376 ad
995 346 1227 387 Censes-sionem
1254 347 1465 384 Anynslanam
1493 349 1533 386 (E
1564 348 1631 381 eod,
1655 346 1787 376 Dessav.
1822 348 1869 377 ed.
1903 347 1994 377 Mieh.
2027 348 2149 377 Weber.

483 390 587 422 Viteb.
611 393 702 421 1810.
730 393 773 425 8.)
799 393 840 430 [p.
863 392 899 420 43
924 389 1000 419 med.
1027 409 1065 413 —
1088 392 1125 419 69
1146 390 1252 428 nied.],
1272 391 1323 418 lv.
1344 390 1567 432 Repetitionem
1587 390 1803 420 consessionis
1822 391 2019 429 Augustanae
2040 393 2080 429 [p.
2111 392 2150 421 69

482 434 560 463 med.
574 452 614 457 --
637 435 695 463 116
710 434 811 471 med.],
832 435 867 463 V.
886 431 1041 462 Articulos
1054 433 1240 462 visitatorios
1254 434 1296 471 [p.
1314 434 1370 462 116
1385 433 1463 461 med.
1478 451 1516 456 -
1535 436 1626 471 1194,
1640 437 1729 472 atque
1742 432 1871 462 lndicem
1886 435 1928 472 [p.
1945 434 2151 471 120—-138,].

305 501 347 532 Ut
375 502 432 532 hae
465 501 625 530 Editiones
651 511 812 540 earumque
841 501 924 539 origo
955 500 1116 538 seriesque
1148 499 1268 529 facilius
1293 510 1352 529 uno
1383 501 1470 539 quasi
1496 501 1601 530 obtutu
1620 501 1791 535 videantur,
1811 501 1889 531 addo
1913 500 2030 530 huncce
2053 509 2154 529 earum

151 549 358 585 conspectum:

949 636 972 664 Ι.
1018 634 1125 664 Codex
1149 635 1356 664 Fabriciauns

708 713 833 751 primum
857 711 959 741 editus
978 712 1015 740 ab
1035 711 1146 740 Andr.
1165 711 1347 740 Fabricio
1366 721 1392 741 a.
1419 713 1508 741 1573.
1533 711 1598 741 Fol.

891 753 939 783 Ex
958 754 1014 783 hac
1031 753 1174 783 Editione
1197 764 1324 783 recusae
1347 758 1418 783 sunt

321 801 1620 821 ff——ffihss—

340 837 365 863 l.
387 833 488 863 Editio
508 831 571 861 Ge.
598 830 816 860 Coelestini
840 833 931 860 1577.
955 821 1001 868 {et
1022 833 1128 866 1597.)
1147 830 1229 864 Fnl.;
1255 832 1282 859 2.
1311 830 1414 860 Editio
1445 810 2003 869 Lamberffi

831 876 859 903 3.
883 873 985 903 Editio
1010 872 1104 902 Phil.
1125 873 1304 902 Muelleri
1332 875 1422 903 1705.
1448 876 1475 902 4.

957 975 994 1004 11.
1039 973 1146 1004 Codex
1164 974 1358 1004 Ebncrimms

435 1053 559 1092 primum
579 1052 679 1082 editus
703 1061 721 1081 a
743 1050 831 1080 Dav.
853 1049 1046 1090 Chytraeo
1071 1061 1097 1080 a.
1120 1053 1209 1081 1578.
1236 1053 1271 1080 4⁰
1294 1055 1339 1088 (et
1358 1061 1446 1090 seqq.
1468 1061 1534 1080 ann.
1559 1051 1658 1081 denuo
1685 1053 1880 1091 impressus).

893 1093 940 1123 Ex
963 1094 1019 1123 hac
1041 1093 1183 1124 Editione
1205 1104 1333 1123 recusae
1356 1098 1428 1123 sunt

258 1147 2051 1163 ae———-——-—·————‘———————————q

267 1176 292 1202 1.
312 1172 415 1203 Editio
446 1170 531 1201 Chr.
556 1171 684 1201 Matth.
709 1170 848 1200 Pfassii
882 1172 971 1200 1730.
998 1173 1050 1204 8⁰5.
1095 1172 1123 1200 2.
1143 1169 1302 1200 Editiones
1322 1170 1388 1199 Ad.
1408 1170 1700 1209 Rechenbergii
1728 1173 1817 1200 1742.
1842 1175 1874 1200 et
1896 1174 1984 1219 175C3.
2009 1172 2054 1201 8⁰.

931 1273 984 1301 111.
1030 1270 1137 1301 Codex
1161 1272 1376 1301 Dessaviensis

612 1349 737 1388 primurn
757 1347 858 1377 editus
882 1358 899 1376 a
921 1347 1032 1378 Mieh.
1053 1348 1218 1377 Webero
1242 1359 1267 1379 a.
1291 1351 1379 1379 1810.
1405 1351 1441 1378 8⁰
1463 1348 1568 1385 (Editt.
1596 1353 1620 1378 1.
1645 1350 1697 1386 2.).

795 1389 843 1419 Ex
861 1389 964 1419 harum
983 1390 1157 1420 Editionum
1181 1391 1276 1420 altera
1300 1401 1426 1420 recusae
1444 1396 1516 1421 sunt

325 1454 354 1498 ’1.
374 1467 535 1498 Editiones
555 1466 637 1498 Car.
661 1467 754 1505 Aug.
774 1465 885 1495 Hasii
912 1468 1002 1496 1827.
1027 1469 1230 1505 1ξ37.18·16.
1249 1468 1302 1502 8⁰;
1332 1469 1358 1496 2.
1382 1467 1484 1497 Editio
1508 1468 1605 1497 Frid.
1628 1467 1806 1498 Franckii
1834 1470 1922 1498 1847.
1943 1469 1987 1498 8⁰.

772 1525 820 1555 Ex
843 1525 948 1555 harum
968 1528 984 1556 3
1009 1525 1184 1556 Editionum
1203 1528 1297 1566 prima
1319 1537 1448 1556 recusae
1471 1531 1542 1556 sunt

418 1614 445 1634 a.
464 1603 566 1634 Editio
589 1604 625 1633 H.
650 1604 687 1633 A.
708 1602 745 1632 G.
769 1602 919 1642 Meyeri
943 1605 1032 1632 1830.
1057 1575 1165 1638 8⁰3-bj.
1183 1603 1286 1634 Editio
1310 1602 1392 1634 Chr.
1416 1603 1516 1634 Guil.
1539 1603 1719 1643 Spiekeri
1750 1606 1838 1634 1530.
1859 1607 1903 1633 80.

308 1672 339 1702 ln
362 1673 467 1702 horum
491 1671 639 1701 Codicum
657 1672 737 1700 serie
755 1671 874 1700 nonnisi
899 1674 1016 1709 tempus
1033 1673 1170 1710 respexi,
1195 1683 1255 1711 quo
1277 1673 1402 1711 primum
1424 1673 1496 1702 editi
1518 1677 1604 1708 sunt;
1628 1673 1655 1701 si
1682 1682 1752 1701 vero
1778 1676 1882 1701 textus
1906 1683 2008 1703 eorum
2035 1675 2159 1713 respici-

153 1720 218 1748 tur.
241 1716 313 1745 ordo
336 1725 438 1744 eorum
459 1716 598 1744 inversus
623 1718 682 1744 est.
728 1713 803 1743 Nam
824 1714 937 1743 Codem
957 1713 1193 1748 Dessaviensis,
1218 1725 1397 1754 quamquam
1417 1715 1539 1745 scribae
1558 1716 1724 1755 ignorantia
1747 1715 1857 1745 multos
1877 1726 1994 1746 errores
2014 1720 2044 1746 et
2067 1718 2159 1747 omis·

152 1760 259 1789 sioues
284 1759 425 1791 continet,
447 1761 545 1787 tamen
570 1757 743 1796 ceteroquin
767 1760 881 1786 textum
905 1758 1065 1796 genuinum
1090 1757 1236 1787 formulae
1267 1759 1389 1797 quintae
1417 1759 1513 1797 magis
1545 1759 1675 1797 genuine
1699 1758 1823 1788 exbibet
1852 1769 1940 1797 quam
1967 1761 2058 1789 ceteri
2089 1760 2159 1795 duo,

153 1803 295 1842 quoniam
315 1801 353 1830 ad
374 1801 535 1831 lectionem
556 1799 701 1829 formulae
719 1800 916 1838 yet-manicae
937 1801 1086 1838 genuinae
1105 1801 1227 1839 publice
1250 1801 1278 1830 d.
1293 1804 1320 1831 3.
1346 1803 1424 1840 Aug.
1447 1802 1598 1837 recitatae.
1623 1802 1662 1830 de
1681 1802 1823 1840 quainsra
1843 1802 2042 1837 disseremus,
2062 1804 2159 1842 magis

153 1844 287 1881 accedit;
313 1843 425 1873 Codex
446 1843 651 1872 Fabricinnus
671 1846 769 1872 autem
790 1853 878 1871 curas
901 1842 1055 1871 secundas
1079 1844 1229 1878 ostendit,
1253 1854 1330 1882 quas
1350 1845 1438 1874 ctiam
1459 1844 1570 1874 Codex
1588 1844 1782 1874 Ehnerianus
1802 1855 1858 1874 non
1889 1845 1977 1884 plane
2001 1846 2104 1875 abnuit
2118 1848 2160 1884 ³⁸²).

152 1887 262 1917 Finitis
281 1888 358 1916 enim
383 1885 523 1916 Comitiis
543 1885 676 1924 theologi
696 1884 836 1914 catholici
856 1889 994 1924 poterant
1015 1885 1137 1920 addere,
1160 1887 1282 1915 demere.
1301 1891 1331 1916 et
1349 1888 1496 1926 corrigere
1519 1888 1611 1916 verba
1635 1892 1664 1917 et
1688 1898 1736 1916 res
1767 1887 1911 1917 formulae
1936 1887 2159 1918 confutationis

154 1933 216 1960 tum
236 1930 365 1959 nondum
385 1930 468 1968 typis
492 1939 636 1964 excusae,
660 1932 690 1957 et
713 1928 831 1957 demum
851 1932 923 1967 post
941 1932 1066 1958 mortem
1085 1928 1291 1958 Melanthonis
1310 1930 1508 1968 aliorumque,
1529 1931 1579 1968 qni
1605 1930 1652 1959 his
1678 1929 1819 1960 Comitiis
1839 1931 2044 1965 interfuerant,
2068 1932 2097 1961 in
2116 1931 2159 1961 lu-

154 1983 220 2003 cem
240 1973 349 2005 editae,
374 1982 465 2011 quum
484 1982 571 2000 nemo
595 1975 665 2001 tunc
683 1970 772 2000 facile
796 1972 982 2010 reperiretur.
1007 1972 1057 2010 qui
1082 1982 1136 2001 eos
1156 1971 1379 2001 Confutationis
1403 1980 1474 2012 post
1496 1972 1627 2002 Comitia
1656 1974 1736 2002 finita
1759 1983 1775 2002 a
1802 1973 1998 2008 munerariis,
2023 1978 2054 2003 ut
2080 1975 2160 2004 vide-

154 2019 211 2051 tur,
235 2015 323 2055 plane
346 2014 513 2053 neglectae,
532 2025 610 2043 nunc
628 2024 699 2043 vero
726 2018 839 2043 temere
865 2014 1044 2053 depravatae
1067 2018 1098 2043 et
1121 2015 1250 2044 variatae
1274 2026 1342 2044 reos
1368 2019 1478 2054 ageret.
1523 2015 1629 2045 lnsunt
1647 2017 1722 2045 adeo
1747 2016 1940 2046 Editionibus
1970 2018 2159 2052 Fabricii,

156 2057 374 2088 Coelestini
398 2061 428 2086 et
447 2056 632 2096 Chytraei
652 2057 863 2091 additamenta,
883 2067 962 2095 quae
986 2058 1086 2086 versio
1106 2058 1275 2095 germanica
1293 2057 1469 2097 Moguntina
1488 2058 1610 2097 publice
1629 2058 1781 2098 praelecta
1799 2060 1923 2098 ignorat,
1942 2063 1975 2089 ut
1994 2061 2022 2089 in
2034 2059 2160 2089 articulo

158 2101 197 2130 de
220 2101 360 2139 coniugio
379 2100 579 2134 sacerdotum,
599 2109 677 2138 quae
697 2100 766 2138 quis
787 2100 903 2129 dubitat
926 2100 996 2138 quin
1021 2103 1091 2139 post
1114 2099 1245 2130 Comitia
1275 2100 1358 2130 allita
1387 2101 1469 2131 sint?
1502 2101 1577 2131 Erat
1606 2111 1677 2140 ergo
1690 2103 1794 2131 ‚eiiam
1819 2102 1972 2141 theologis
2001 2102 2160 2132 catholicis

157 2144 346 2185 Confutatm
366 2143 487 2171 variata
507 2146 537 2171 et
559 2146 680 2177 mutata,
700 2143 780 2171 sicut
804 2142 985 2172 Lutheranis
1004 2143 1129 2172 variata
1147 2143 1328 2181 Augustam
1349 2143 1524 2183 Confessio,
1548 2155 1603 2173 nec
1623 2145 1773 2174 habebant
1792 2155 1877 2181 sane,
1897 2145 1978 2184 quod
2001 2149 2060 2174 tam
2074 2146 2159 2184 tragi-

156 2197 211 2217 cos
235 2187 358 2216 ederent
377 2185 535 2217 clamores.
548 2189 579 2214 et
597 2189 678 2214 tanta
687 2185 808 2223 linguae
821 2186 1047 2225 intemperantia
1059 2190 1161 2215 contra
1173 2185 1398 2216 Melantbonem
1412 2187 1541 2226 eiusque
1553 2191 1694 2217 mutatam
1708 2186 1941 2217 confessionem
1956 2188 2085 2218 furerent
2097 2190 2159 2226 ³³⁶).

313 2241 396 2272 Hanc
425 2243 463 2271 ob
492 2250 614 2269 causam
644 2240 790 2270 Hasius
819 2241 931 2280 aliique
957 2240 1089 2271 Codicis
1118 2241 1334 2271 Dessaviensis
1365 2246 1477 2272 textum
1502 2253 1519 2272 a
1553 2243 1660 2273 Mich.
1691 2243 1852 2272 iVebero
1884 2244 1994 2273 editum
2021 2248 2160 2283 tanquam

158 2286 319 2324 genuinum
344 2286 372 2314 in
397 2295 472 2314 suas
497 2282 657 2313 Editiones
676 2288 870 2323 receperunt,
897 2294 1014 2313 errores
1038 2288 1137 2314 autem
1157 2285 1224 2314 eins
1244 2284 1429 2324 lacunasque
1453 2295 1490 2315 ex
1518 2286 1587 2315 sola
1605 2287 1724 2316 scribae
1751 2287 1914 2325 ignorantia
1942 2290 2024 2316 ortos
2054 2287 2160 2317 Fabri-

159 2329 268 2358 cinnae
296 2331 326 2358 et
347 2327 564 2368 Chytraeanae
585 2326 759 2357 Editionurn
779 2326 959 2356 adminiculo
979 2327 1184 2357 emendarunt.

266 2474 293 2505 ⁶)
313 2473 383 2499 Cont.
401 2472 488 2498 nasii
507 2472 693 2501 prolegomena
712 2478 738 2502 p.
757 2471 813 2497 LIV.
834 2471 875 2497 Ed.
893 2471 917 2495 3.
938 2484 969 2489 -—
989 2472 1186 2497 Koeiinerus
1206 2472 1230 2497 in
1250 2470 1368 2502 ἓηηιυοῐ.
1389 2476 1428 2498 bet
1447 2472 1508 2503 [urb.
1527 2471 1610 2498 stit-die
1634 2480 1660 2504 p.
1681 2474 1739 2496 416.
1766 2476 1824 2498 nota
1846 2474 1883 2497 11.
1911 2473 2069 2505 suspicatur,
2092 2475 2160 2501 eius-

314 2507 383 2533 modi
400 2507 555 2532 mutationes
575 2506 761 2532 confutationis
780 2505 863 2531 factas
881 2511 941 2531 esse
960 2512 975 2531 a
999 2509 1108 2537 quatuor
1132 2507 1330 2537 commissariis,
1354 2508 1448 2539 fabro,
1473 2508 1555 2539 Eccio,
1580 2508 1735 2538 wolfgango
1758 2507 1897 2533 Redorfero
1918 2510 1945 2533 et
1968 2508 2018 2533 alio
2040 2508 2159 2540 quodam,

313 2542 405 2573 quihus
423 2541 573 2572 imperator.
591 2543 658 2566 teste
677 2540 817 2568 cochlaeo.
843 2539 1004 2571 mandasset,
1027 2543 1055 2566 ut
1077 2540 1282 2567 confutationem
1305 2542 1420 2568 ederent.
1460 2542 1530 2568 cont.
1553 2545 1651 2569 autem.
1677 2548 1742 2573 quae
1767 2542 1833 2567 intra
1856 2548 1879 2573 p.
1898 2543 1927 2566 41
1948 2548 1986 2574 sq.
2006 2542 2037 2567 de
2060 2543 2108 2568 hae
2129 2549 2159 2569 re

316 2577 341 2601 in
361 2581 482 2606 suprema
501 2575 665 2601 annotatione
684 2575 807 2599 dicentur.

256 2617 299 2650 0‘)
319 2617 380 2643 Vide
400 2618 465 2644 cnr.
483 2617 598 2644 Gottrr.
616 2617 767 2643 Muelleri
786 2616 903 2647 Prolegg.
922 2617 947 2642 in
965 2617 1110 2643 Formuiam
1131 2617 1212 2648 Pflug.
1232 2618 1332 2644 confut.
1351 2625 1375 2650 p.
1394 2618 1441 2644 LV.

1920 2670 1955 2694 3·
