2366 2958
56 877 66 882 »-
101 859 197 890 liberi
229 860 332 891 eritis.

102 131 168 164 433
445 129 483 162 11.

103 225 186 256 sime
208 224 355 264 disputat
378 228 494 255 contra
516 221 734 264 Pelagianos,
757 223 895 264 gratiam
916 231 982 253 non
1007 220 1077 252 dari

102 273 239 308 propter
260 266 376 297 merita
398 272 524 297 nostra.
540 267 592 302 ³⁰)
636 263 678 295 Et
705 265 747 296 de
776 271 891 296 natura
916 271 947 296 et
971 264 1078 306 gratia

102 310 216 350 inquit.
262 309 298 340 Si
326 306 528 350 possibilitas
557 305 718 338 naturalis
743 318 802 348 per
828 305 966 339 liberum
994 307 1078 338 arbi-

104 352 220 389 trium,
253 356 287 382 et
320 351 364 382 ad
394 349 662 392 cognoscendum
690 350 856 391 quomodo
880 351 993 381 viuere
1021 349 1076 380 de-

103 395 191 433 beat,
214 400 246 425 et
263 394 305 424 ad
329 395 413 425 bene
435 393 613 424 viuendum
636 391 769 427 sufficit,
792 393 854 424 sibi
879 402 961 433 ergo
985 391 1078 423 Chri-

104 442 177 468 stus
201 437 306 477 gratis
327 442 475 467 mortuus
498 442 560 466 est.
594 434 683 475 Ergo
697 442 891 466 euacuatum
909 440 962 465 est
983 444 1079 465 scan-

103 479 213 511 dalum
236 479 358 510 crucis,
404 477 473 509 Cur
495 487 560 508 non
585 478 681 508 etiam
705 487 769 518 ego
795 476 849 507 hic
876 476 1079 508 exclamem?

103 521 171 552 lmo
194 519 388 552 exclamabo
412 526 445 551 et
467 520 550 551 istos
573 520 752 560 increpabo
776 518 893 550 dolore
923 518 1079 550 Christia-

103 573 158 594 no.
203 562 362 594 Euacuati
385 563 466 594 estis
489 573 508 593 a
532 561 667 593 Christo
690 562 745 602 qui
772 562 805 592 in
829 567 945 593 natura
967 560 1079 593 iustifi-

103 603 233 643 camini,
257 615 277 636 a
300 605 406 646 gratia
429 605 608 636 excidistis.
653 604 847 645 Ignorantes
876 604 960 635 enim
989 604 1079 635 iusti-

104 648 186 679 ciam
210 647 291 686 Dei,
319 654 351 678 et
380 654 526 679 vestram
554 646 705 678 volentes
739 647 956 684 constituere,
989 647 1080 677 iusti-

103 691 174 721 ciae
195 689 259 721 Dei
282 700 348 721 non
371 691 454 721 estis
477 688 627 720 subiecti.
663 689 758 720 Sicut
780 689 865 720 enim
883 689 958 720 finis
981 688 1080 730 legis,

102 733 147 764 ita
179 733 344 766 etiam³¹)
378 739 516 764 naturae
552 731 713 762 humanae
752 732 898 763 viciosae
931 728 1107 778 saluator}

103 773 256 807 Christus
281 780 350 813 est,
380 776 423 806 ad
453 774 617 805 iusticiam
641 774 728 804 omni
757 774 914 805 credenti.
960 773 1002 804 Et
1030 774 1079 805 lo·
1105 779 1107 788 ⁴

102 817 222 848 hannis
252 824 384 849 octauo.
400 819 453 855 ³²)
503 816 538 846 Si
565 825 628 847 vos
654 815 742 847 filius
768 815 971 854 liberauerit,
1001 827 1080 848 vere
1105 791 1108 861 i

383 859 457 890 Non
490 858 590 899 igitur
620 868 800 899 possumus
833 870 892 901 per
923 860 1080 890 rationem

101 901 236 933 liberari
261 911 281 933 a
303 902 471 942 peccatis,
493 908 526 932 et
556 902 674 932 mereri
705 902 933 933 remissionem
962 912 1080 942 pecca-

101 950 220 976 torum.
264 943 306 974 Et
324 942 479 975 lobannis
499 944 595 974 tertio
619 945 778 985 scriptum
803 950 865 975 est.
911 945 984 975 Nisi
1005 945 1080 986 quis

101 993 237 1018 renatus
251 985 350 1017 suerit
362 996 402 1017 ex
426 996 512 1027 aqua
531 992 565 1016 et
583 986 710 1026 spiritu,
730 996 798 1017 non
818 992 927 1027 potest
945 987 1081 1018 introire

100 1030 134 1061 in
168 1039 309 1071 regnum
341 1028 416 1059 Dei.
462 1028 560 1063 Quod
593 1029 622 1058 si
656 1038 740 1069 opus
776 1036 826 1060 est
860 1030 992 1061 renasci
1021 1039 1082 1070 per

101 1071 251 1112 spiritum
275 1078 438 1109 sanctum,
461 1070 595 1101 lusticia
617 1071 753 1102 rationis
771 1081 837 1102 non
849 1072 1006 1103 iustificat
1018 1081 1080 1103 nos
1105 1047 1109 1118 l

102 1124 216 1146 coram
237 1113 324 1152 Deo,
346 1124 413 1144 non
435 1113 513 1144 facit
536 1111 656 1154 legem,
678 1112 795 1144 Roma.
808 1115 853 1153 iij.
870 1117 922 1153 33)
957 1114 1081 1145 Omnes
1105 1121 1110 1179 1

102 1163 215 1188 carent
239 1155 346 1197 gloria
375 1155 456 1193 Dei,
483 1156 516 1186 id
544 1162 612 1194 est,
636 1162 752 1187 carent
781 1157 943 1197 sapientia
972 1164 1003 1188 et
1034 1157 1081 1188 iu-

102 1199 199 1230 sticia
220 1197 296 1236 Dei,
316 1208 403 1240 quae
426 1197 532 1229 Deum
554 1199 710 1239 agnoscit
734 1204 766 1229 et
789 1198 966 1240 glorificat.
1001 1199 1081 1230 Item

100 1240 217 1272 Roma.
239 1247 372 1272 octauo.
389 1242 441 1278 ³2)
476 1240 604 1271 Sensus
629 1241 737 1271 carnis
761 1242 927 1273 inimicitia
952 1249 1003 1273 est
1026 1241 1082 1273 ad-

101 1293 222 1314 uersus
246 1283 364 1321 Deum,
388 1282 470 1324 Legi
489 1283 574 1313 enim
592 1282 656 1314 Dei
679 1293 745 1314 non
765 1290 817 1314 est
836 1285 1018 1322 subiectus,
1041 1294 1082 1315 ac

100 1335 143 1356 ne
165 1330 278 1366 potest
299 1325 431 1366 quidem
457 1325 486 1356 ei
517 1325 647 1364 subijci.
694 1325 757 1360 Qui
780 1331 890 1357 autem
920 1328 952 1357 in
982 1337 1082 1358 carne

101 1373 190 1406 sunt,
212 1367 287 1398 Deo
316 1366 450 1408 placere
477 1376 544 1398 non
573 1373 725 1408 possunt.
770 1368 863 1400 Haec
890 1369 976 1400 adeo
1006 1374 1082 1400 sunt

101 1415 218 1451 aperta
239 1410 440 1443 testimonia,
463 1414 499 1440 vt
521 1419 588 1440 nen
611 1411 801 1442 desiderent
829 1415 963 1443 acutum
991 1410 1082 1442 intel-

100 1451 280 1490 lectorem,
313 1452 374 1483 sed
404 1457 564 1483 attentum
596 1453 799 1491 auditorem,
837 1459 872 1484 vt
905 1453 1083 1496 Augustini

101 1495 215 1527 verbis
248 1500 396 1534 vtamur,
430 1495 550 1535 quibus
579 1493 635 1526 ille
664 1496 696 1525 in
728 1496 842 1527 eadem
871 1505 973 1527 causa
1001 1506 1083 1528 vsus

101 1544 164 1569 est.
199 1537 234 1569 Si
257 1546 379 1569 sensus
402 1538 512 1568 carnis
532 1543 583 1568 est
602 1538 768 1569 inimicitia
787 1539 951 1570 aduersus
962 1538 1084 1576 Deum,

103 1585 194 1612 certe
213 1590 292 1610 caro
313 1589 380 1611 non
400 1577 504 1620 diligit
517 1579 632 1610 Deum.
665 1580 702 1610 Si
724 1590 791 1611 non
810 1587 921 1621 potest
939 1580 1008 1623 legi
1019 1580 1084 1613 Dei

102 1622 234 1664 subiici,
252 1632 320 1652 non
337 1626 450 1662 potest
468 1621 577 1652 Deum
596 1620 743 1663 diligere.
777 1622 814 1654 Si
833 1633 955 1655 sensus
974 1625 1084 1656 carnis

101 1670 155 1696 est
166 1664 333 1695 inimicitia
352 1664 514 1695 aduersus
526 1663 646 1702 Deum,
663 1671 781 1705 peccat
801 1676 882 1697 caro
900 1667 997 1698 etiam
1011 1678 1085 1698 cum

101 1713 240 1739 externa
262 1706 371 1738 ciuilia
390 1716 493 1747 opera
512 1706 662 1738 facimus.
696 1707 734 1738 Si
752 1717 818 1739 non
839 1713 948 1749 potest
965 1710 1085 1752 subijci

101 1748 169 1791 legi
192 1748 274 1788 Dei,
309 1755 400 1780 certe
422 1755 557 1789 peccat,
591 1750 719 1780 etiamsi
748 1752 885 1793 egregia
914 1750 1020 1790 facta,
1054 1758 1085 1784 et

102 1792 203 1834 digna
221 1789 320 1822 laude
336 1792 426 1822 iuxta
443 1790 620 1822 humanum
639 1793 794 1824 iudicium
813 1792 924 1825 habet.
958 1795 1086 1826 Aduer-

102 1836 179 1872 sarij
207 1835 374 1865 intuentur
402 1840 579 1875 praecepta
608 1836 777 1866 secundae
811 1835 962 1875 tabulae,
999 1847 1086 1879 quae

103 1877 265 1907 iusticiam
298 1875 428 1907 ciuilem
458 1877 644 1914 contin-snt,
679 1888 777 1918 quam
806 1879 961 1921 intelligit
990 1880 1084 1911 ratio.

102 1918 175 1950 Hac
195 1919 342 1950 contenti
361 1925 477 1958 putant
494 1928 532 1949 se
550 1917 615 1960 legi
629 1918 692 1951 Dei
711 1919 917 1953 satisfacere.
953 1922 1085 1954 Interim

102 1962 240 2002 primam
262 1960 406 1992 tabulam
429 1971 496 1993 non
515 1962 639 2000 vident,
662 1973 747 2004 quae
767 1965 936 2005 praecipit,
961 1972 996 1997 vt
1014 1964 1085 1996 dili-

102 2012 221 2045 gamus
250 2002 374 2039 Deum,
397 2009 434 2034 vt
455 2013 534 2035 vere
557 2010 758 2043 statuamus,
791 2008 880 2047 quod
906 2007 998 2039 Deus
1021 2009 1084 2040 ira-

102 2051 217 2077 scatur
239 2052 399 2086 peccato,
430 2052 467 2077 vt
497 2055 576 2077 vere
599 2047 770 2079 timeamus
795 2049 923 2088 Deum,
946 2056 981 2081 vt
1003 2061 1084 2083 vere

102 2094 300 2126 statuamus,
322 2089 411 2129 quod
433 2088 528 2120 Dens
551 2090 715 2121 exaudiat.
761 2091 806 2122 At
828 2091 993 2125 humanus
1015 2094 1083 2125 ani-

102 2140 175 2162 mus
201 2131 273 2161 sine
295 2132 412 2171 spiritu
435 2137 569 2165 sancto,
593 2138 650 2163 aut
672 2142 811 2164 securus
835 2137 1015 2167 contemnit
1036 2136 1083 2167 iu-

102 2173 224 2205 dicium
247 2173 329 2212 Dei,
360 2180 415 2205 aut
442 2174 476 2204 in
501 2183 609 2215 poena
630 2173 715 2217 fugit
737 2181 770 2206 et
792 2177 861 2208 odit
883 2178 1082 2210 iudicantem

101 2215 221 2248 Deum.
251 2216 365 2257 ltaque
385 2226 451 2247 non
471 2218 679 2258 obtemperat
696 2219 820 2258 primae
833 2219 975 2253 tabulae.
1002 2222 1083 2253 Cum

102 2259 203 2300 igitur
231 2257 369 2290 hereant
395 2260 429 2290 in
459 2265 577 2291 natura
604 2258 745 2291 hominis
774 2268 983 2305 contemptus
1006 2263 1082 2302 Dei,

102 2301 270 2333 dubitacio
289 2301 331 2333 de
348 2303 452 2334 verbo
465 2301 538 2343 Dei,
557 2303 599 2334 de
617 2303 725 2342 minis,
746 2309 779 2335 ct
796 2305 1082 2346 promissionibus,

101 2435 151 2468 30)
170 2435 281 2469 nostra-J
300 2437 382 2461 Editt.
401 2438 494 2462 2-4.:
512 2443 612 2469 nostra,

103 2479 151 2510 31)
171 2479 258 2510 etiam]
278 2479 328 2503 Ed.
347 2479 372 2504 3.
391 2484 442 2513 typ.
462 2489 526 2507 vra:
546 2483 624 2506 etaim

103 2521 151 2553 32)
169 2521 282 2554 octauo]
304 2522 386 2546 Editt.
407 2523 430 2547 2.
450 2525 476 2547 4.
495 2527 598 2557 utroque
617 2525 681 2549 loeo:
700 2525 725 2549 8.

103 2563 150 2595 ³³)
169 2563 261 2589 nom.
279 2563 329 2596 ὡκ]
348 2564 428 2589 adm.
448 2566 472 2590 2.
491 2567 530 2591 4.:
549 2566 644 2592 nomm.
663 2568 703 2597 3.;
723 2567 772 2592 scr
790 2567 831 2592 3.;
849 2567 1078 2596 nomo-tenio.

312 2622 460 2644 neuma.
476 2624 558 2645 OPRB.
573 2625 636 2645 vm..
651 2626 740 2645 xxvn.

529 128 761 162 APOLOGlA
784 126 1096 161 coNFEssles
1119 125 1435 159 AUGUSTANAE.
1480 126 1520 158 B.
1564 124 1754 158 ALTERA.

2042 127 2110 160 434

1128 230 1207 251 vere
1237 226 1379 261 peccant
1408 218 1576 257 homines,
1613 220 1710 250 etiam
1739 229 1813 250 cum
1841 219 1982 250 honesta
2006 230 2111 260 opera

1129 261 1255 294 faciunt
1283 263 1355 294 sine
1382 262 1499 303 spiritu
1528 268 1665 299 sancto,
1694 261 1771 302 quia
1799 260 1922 292 faciunt
1946 272 1985 293 ea
2008 262 2108 303 impio

1130 305 1232 335 corde
1266 306 1355 335 iuxta
1389 303 1469 335 illud
1485 306 1548 339 ³⁴).
1594 304 1759 345 Quidquid
1794 314 1860 335 non
1885 310 1936 335 est
1964 315 2004 335 ex
2032 304 2108 344 fide,

1129 353 1302 387 peccatum
1323 353 1384 377 est.
1414 345 1514 378 Tales
1533 347 1618 378 enim
1637 352 1816 386 operantur
1828 357 1901 377 cum
1919 353 2108 388 contemptu

1130 388 1211 425 Dei,
1236 389 1324 420 sicut
1343 388 1505 429 Epicurus
1528 399 1595 420 non
1619 390 1718 420 sentit
1741 399 1778 419 se
1803 388 1876 420 Deo
1901 398 1999 419 curae
2023 399 2110 428 esse,

1130 431 1261 471 respici,
1284 437 1339 462 aut
1364 431 1509 462 exaudiri
1534 442 1553 462 a
1576 431 1659 462 Deo.
1705 430 1766 462 Hic
1785 437 1989 471 contemptus
2013 433 2111 463 viciat

1131 483 1234 514 opera
1256 474 1287 504 in
1312 474 1456 513 speciem
1477 472 1629 511 honesta,
1652 474 1726 515 quia
1745 472 1838 503 Deus
1859 474 1978 505 iudicat
1998 476 2109 506 corda.

1215 513 1391 546 Postremo
1414 515 1480 546 hoc
1503 515 1800 555 imprudentissime
1822 517 1977 547 scribitur
1996 517 2037 547 ab
2058 517 2111 548 ad-

1129 559 1309 597 uersarijs,
1344 557 1432 599 quod
1464 557 1612 589 homines
1642 559 1687 589 rei
1715 564 1870 589 aeternae
1892 559 1977 596 irae,
2008 569 2110 591 mere-

1131 608 1229 632 antur
1241 601 1468 632 remissionem
1480 608 1692 639 peccatorum
1706 611 1764 641 per
1775 607 1885 632 actum
1899 600 2042 633 elicitum
2059 604 2111 640 ³⁵)

1132 643 1332 681 dilectionis,
1356 653 1430 674 cum
1453 641 1657 683 impossibile
1680 644 1722 674 sit
1744 642 1881 684 diligere
1905 643 2113 682 Doum,.nisi

1131 686 1222 727 prius
1246 685 1312 716 fide
1333 684 1600 726 apprehendatur
1619 686 1770 716 remissio
1789 692 2010 725 peccatorum.
2039 687 2113 718 Non

1133 729 1217 759 enim
1240 734 1349 769 potest
1369 738 1427 759 cor
1446 737 1525 758 vere
1545 729 1699 758 senciens
1713 728 1820 759 Deum
1840 729 1951 767 irasci,
1975 728 2113 771 diligere

1133 771 1252 808 Deum,
1275 771 1337 802 nisi
1358 771 1552 802 ostendatur
1575 769 1739 811 placatus,
1764 771 1872 802 donce
1889 773 1941 809 36)
1964 778 2063 804 terret
2082 778 2114 803 et

1133 815 1263 845 videtur
1286 823 1348 843 nos
1372 813 1521 852 abiicere
1543 813 1576 843 in
1599 818 1766 843 aeternam
1789 819 1940 851 mortem,
1967 824 2033 845 non
2058 824 2113 855 po-

1135 862 1199 887 test
1227 866 1265 887 se
1293 856 1421 897 erigere
1449 860 1567 886 natura
1595 855 1756 892 humana,
1786 861 1821 885 vt
1850 855 1964 897 diligat
1986 857 2115 895 iratum,

1134 899 1332 930 iudicantem
1356 904 1387 930 et
1404 898 1601 939 punientem.
1641 896 1754 928 Facile
1774 904 1824 928 est
1845 899 1969 930 ociosis
1988 899 2115 941 fingere

1134 942 1198 972 ista
1226 941 1354 972 somnia
1382 942 1434 972 de-
1452 939 1645 977 dilectione,
1670 941 1759 981 quod
1783 951 1858 972 reus
1882 943 2008 981 peccati
2032 953 2115 973 mor-

1134 982 1209 1015 talis
1237 983 1343 1024 possit
1372 982 1479 1014 Deum
1510 981 1646 1024 diligere
1669 992 1770 1023 super
1793 984 1920 1021 omnia,
1951 984 2026 1025 quia
2048 995 2116 1016 non

1134 1026 1303 1064 senciunt,
1339 1026 1418 1066 quid
1448 1026 1490 1056 sit
1516 1026 1584 1063 ira,
1618 1032 1673 1056 aut
1704 1025 1853 1056 iudicium
1885 1025 1955 1057 Dei.
2010 1027 2055 1058 At
2083 1027 2115 1058 in

1135 1078 1243 1109 agone
1266 1068 1490 1099 conscientiae
1511 1074 1545 1099 et
1567 1068 1600 1098 in
1622 1068 1695 1098 acie
1725 1069 1891 1107 experitur
1915 1070 2117 1101 conscientia

1135 1111 1313 1142 vanitatem
1343 1109 1473 1141 illarum
1501 1109 1766 1151 speculationum
1800 1110 2117 1152 philosophicarum.

1135 1152 1260 1184 Paulus
1284 1154 1338 1184 ait.
1388 1152 1460 1184 Lex
1478 1153 1560 1184 iram
1583 1158 1748 1193 operatur.
1793 1152 1867 1183 Non
1892 1155 1969 1184 dicit
1992 1165 2050 1195 per
2072 1155 2115 1186 le-

1136 1205 1210 1237 gem
1228 1195 1347 1227 mereri
1370 1195 1522 1226 homines
1545 1196 1771 1226 remissionem
1790 1203 2012 1235 peccatorum.
2046 1197 2116 1229 Lex

1135 1239 1221 1269 enim
1244 1247 1378 1278 semper
1400 1243 1537 1268 accusat
1559 1238 1796 1275 conscientias,
1819 1244 1851 1269 et
1874 1238 2116 1279 perterrefacit.

1135 1280 1210 1311 Non
1233 1281 1331 1321 igitur
1354 1279 1527 1317 iustificat,
1552 1281 1628 1320 quia
1651 1281 1856 1312 conscientia
1878 1281 2118 1321 perterrefacta

1135 1322 1211 1363 lege
1233 1320 1316 1363 fugit
1338 1322 1492 1353 iudicium
1514 1321 1589 1352 Dei.
1634 1321 1756 1353 Errant
1779 1323 1887 1363 igitur,
1912 1326 1966 1365 qui
1989 1335 2050 1366 per
2072 1323 2117 1356 le-

1137 1375 1228 1406 gem,
1261 1374 1320 1406 per
1343 1374 1446 1405 opera
1467 1374 1529 1396 sua
1550 1365 1668 1396 mereri
1691 1374 1730 1395 se
1752 1366 1980 1398 remissionem
2003 1377 2118 1408 pecca-

1136 1413 1244 1438 torum
1267 1408 1448 1438 confidunt.
1493 1406 1586 1438 Haec
1606 1407 1648 1438 de
1670 1408 1800 1439 iusticia
1823 1409 1970 1447 rationis,
1994 1416 2052 1442 aut
2074 1409 2119 1442 le-

1137 1449 1200 1491 gis,
1224 1458 1323 1490 quam
1341 1450 1526 1489 aduersarii
1547 1450 1681 1487 docent,
1705 1451 1787 1481 satis
1806 1451 1849 1481 sit
1867 1452 2002 1484 dixisse.
2033 1453 2118 1485 Nam

1136 1490 1237 1533 paulo
1254 1493 1307 1529 ³7)
1330 1497 1408 1533 post
1425 1501 1500 1524 cum
1523 1498 1671 1523 nostram
1700 1494 1902 1525 sentenciam
1925 1495 1967 1526 de
1988 1496 2119 1528 iusticia

1137 1535 1214 1565 fidei
1237 1534 1403 1572 dicemus,
1432 1544 1487 1566 res
1510 1535 1584 1575 ipsa
1611 1540 1711 1576 coget
1732 1535 1828 1576 plura
1851 1538 2037 1569 testimonia
2060 1549 2118 1579 po-

1137 1587 1230 1615 nere,
1253 1587 1338 1618 quac
1361 1578 1459 1608 etiam
1481 1578 1665 1618 proderunt
1687 1578 1731 1609 ad
1753 1577 1831 1610 illos
1850 1589 1982 1611 errores
2001 1582 2118 1613 aduer-

1138 1620 1313 1654 sariorum,
1337 1629 1421 1661 quos
1443 1620 1611 1652 hactenus
1634 1621 1863 1653 recensuimus
1885 1624 2096 1656 euerteudos.

1225 1661 1310 1697 Quia
1340 1663 1440 1704 igitur
1462 1672 1529 1694 non
1552 1669 1694 1704 possunt
1728 1664 1880 1696 homines
1902 1667 2027 1698 viribus
2048 1668 2119 1699 suis

1138 1703 1247 1746 legem
1269 1703 1334 1736 Dei
1355 1705 1488 1743 facere,
1521 1712 1554 1737 et
1577 1715 1694 1737 omnes
1716 1713 1793 1738 sunt
1816 1709 1877 1739 sub
1901 1715 2056 1750 peccato,
2085 1716 2119 1742 et

1138 1748 1186 1778 rei
1208 1752 1365 1778 aeternae
1398 1749 1469 1779 irae
1497 1758 1538 1779 ac
1567 1749 1692 1780 mortis.
1743 1749 1822 1781 Ideo
1853 1761 1918 1783 non
1940 1763 2118 1793 possumus

1138 1799 1197 1829 per
1228 1788 1338 1831 legem
1371 1800 1392 1821 a
1421 1796 1560 1831 peccato
1587 1789 1739 1829 liberari,
1772 1803 1812 1823 ac
1842 1794 2028 1834 iustificari,
2058 1797 2117 1827 sed

1139 1833 1216 1863 data
1237 1838 1287 1863 est
1308 1833 1485 1873 promissio
1508 1833 1714 1865 remissionis
1736 1843 1949 1876 peccatorum
1972 1844 2005 1869 et
2026 1839 2118 1870 iusti·

1137 1874 1303 1906 ficationis
1324 1881 1459 1916 propter
1477 1874 1645 1908 Christum
1668 1878 1722 1918 qui
1746 1879 1841 1910 datus
1861 1885 1913 1910 est
1930 1890 1991 1921 pro
2010 1882 2119 1920 nobis,

1138 1923 1172 1948 vt
1203 1916 1412 1950 satisfaceret
1440 1927 1502 1959 pro
1532 1919 1678 1959 pcccatis
1702 1921 1830 1959 mundi,
1859 1928 1890 1953 et
1914 1924 2041 1963 positus
2065 1933 2117 1957 est

1137 1961 1299 1992 mediator
1328 1971 1370 1991 ac
1397 1961 1608 2002 propiciator.
1661 1961 1702 1993 Et
1731 1962 1816 1995 haec
1844 1966 2022 2005 promissio
2050 1977 2117 2000 non

1137 2001 1237 2034 habet
1257 2003 1479 2035 conditionem
1497 2005 1686 2036 meritorum
1708 2012 1911 2046 nostrorum,
1935 2009 1994 2040 sed
2013 2011 2117 2051 gratis

1139 2044 1235 2076 offert
1254 2046 1481 2077 remissionem
1494 2053 1706 2087 peccatorum
1720 2054 1752 2079 et
1764 2049 2037 2090 iustificationem,
2052 2053 2116 2085 sic-

1137 2094 1172 2119 ut
1190 2087 1315 2120 Paulus
1340 2089 1394 2119 ait.
1428 2089 1465 2120 Si
1489 2099 1530 2120 ex
1554 2091 1727 2130 operibus,
1750 2092 1814 2122 iam
1835 2102 1900 2124 non
1923 2101 1974 2125 est
1998 2097 2115 2136 gratia.

1136 2129 1178 2160 Et
1201 2129 1288 2163 alibi.
1335 2131 1468 2163 lusticia
1490 2130 1553 2162 Dei
1580 2133 1644 2163 iam
1672 2133 1899 2167 manifestatur
1928 2137 2001 2168 sine
2029 2137 2115 2179 lege,

1136 2173 1169 2204 id
1196 2179 1264 2211 est,
1299 2175 1404 2215 gratis
1435 2173 1570 2206 offertur
1601 2176 1755 2208 remissio
1776 2184 1997 2218 peccatorum.
2044 2180 2114 2213 Nec

1135 2216 1258 2256 pendet
1288 2216 1516 2249 reconciliatio
1545 2227 1586 2249 ex
1614 2219 1738 2250 nostris
1768 2221 1900 2251 meritis.
1953 2221 2050 2257 Quod
2085 2225 2114 2255 si

1135 2268 1176 2289 ex
1198 2259 1322 2290 nostris
1345 2259 1470 2290 meritis
1489 2261 1648 2300 penderet
1670 2263 1820 2293 remissio
1844 2270 2057 2304 peccatorum
2080 2271 2115 2297 et

1134 2300 1361 2334 reconciliatio
1393 2308 1486 2334 esset
1518 2313 1559 2335 ex
1592 2302 1689 2346 lege,
1723 2311 1814 2337 esset
1845 2306 1979 2339 inutilis.
2030 2307 2114 2344 Quia

1133 2446 1180 2477 34)
1200 2445 1284 2480 illud.]
1304 2447 1386 2471 Editt.
1406 2448 1497 2471 2-4.:
1516 2448 1590 2478 illud,

1133 2488 1180 2519 35)
1200 2489 1328 2521 elicitum]
1347 2491 1384 2514 nic
1400 2489 1481 2514 Editt.
1502 2491 1592 2520 1—3.;
1610 2490 1660 2516 Ed.
1680 2492 1718 2515 4.:
1737 2492 1854 2517 illicitum

1132 2531 1180 2562 36)
1199 2531 1332 2562 placatus,
1352 2532 1447 2564 donec]
1465 2532 1546 2557 Editt.
1566 2534 1656 2558 2-4.:
1676 2535 1799 2566 placans.
1828 2536 1920 2560 Donec

1133 2572 1180 2605 37)
1198 2574 1288 2607 paulo]
1307 2575 1356 2599 Ed.
1377 2575 1402 2599 3.
1420 2578 1471 2609 typ.
1490 2583 1553 2600 en:
1572 2575 1654 2600 Paulo
