2366 2958
186 209 248 241 511
629 203 742 236 PmL.
763 200 869 233 MEL.
888 198 1076 232 SCRIPTA
1098 197 1369 231 DOGMATch
1390 197 1447 229 m·
1469 196 1739 231 SYMBOMCA.
2129 199 2194 232 512

187 301 280 338 Quos
302 299 504 337 iustificauit,
530 298 664 329 eosdem
689 302 720 327 et
744 294 953 337 glorilicauit.
993 294 1066 326 Huc
1087 303 1161 334 per·
1185 304 1190 362 Ι
1213 297 1322 323 terant
1345 301 1387 322 ex
1416 297 1534 322 natura
1562 289 1667 332 legis,
1697 301 1784 332 quae
1814 292 1891 333 quia
1918 291 2072 335 longiora
2100 301 2191 332 sunt.

186 345 266 376 tinet
293 343 383 385 quod
413 340 537 373 Paulus
565 341 630 377 ait,
663 338 820 379 Reposita
849 342 903 368 est
930 337 1007 368 mihi
1036 346 1162 368 corona
1185 369 1189 378 .
1213 333 1280 366 alio
1304 335 1336 365 in
1360 333 1437 364 loco
1461 331 1658 373 explicanda
1680 340 1784 366 erunt.

186 387 348 424 iusticiae,
372 395 469 426 quam
482 383 599 415 reddet
613 381 688 413 mihi
701 381 853 412 dominus
866 381 974 411 iustus
986 379 1085 410 iudex
1096 385 1161 410 etc.
1185 382 1190 423 1
1304 376 1425 408 Verum
1438 382 1557 417 vrgent
1568 377 1765 418 aduersarij‚
1789 377 1877 419 quod
1891 378 2026 419 proprie
2041 388 2190 411 merean-

186 429 337 461 Debetur
366 428 451 459 enim
481 436 605 457 corona
635 424 822 455 iustificatis
854 430 990 464 propter
1022 423 1162 463 promis·
1185 427 1190 465 g
1215 425 1267 450 tui·
1289 419 1388 449 vitam
1411 425 1579 450 aeternam
1604 420 1693 450 bona
1720 430 1839 461 opera,
1867 421 1943 462 quia
1966 419 2089 453 Paulus
2112 423 2191 455 dicit

187 474 325 504 sionem.
349 469 389 501 Et
403 470 490 500 hanc
502 467 754 510 promissionem
766 466 854 498 scire
867 472 1006 497 sanctos
1019 471 1162 505 oportet,
1215 461 1332 493 Roma.
1356 462 1390 503 ij.
1427 461 1555 493 Reddet
1577 462 1753 503 vnicuique
1775 464 1959 494 secundum
1982 473 2085 505 opera
2108 466 2190 496 eius.

183 526 253 547 non
276 521 310 545 vt
334 519 474 554 propter
497 521 592 542 suum
617 509 824 540 commodum
842 507 1008 546 laborent,
1031 507 1163 538 Debent
1215 505 1307 544 Item,
1329 503 1454 545 gloria,
1478 503 1602 542 honor,
1627 511 1659 535 et
1684 515 1748 545 pax
1774 506 1860 536 omni
1885 507 2037 546 operanti
2058 507 2192 540 bonum.

187 559 272 590 enim
296 556 450 587 laborare
472 560 608 594 propter
632 552 772 594 gloriam
794 551 872 589 Dei,
893 551 954 582 sed
979 561 1020 583 ne
1043 551 1160 591 despe-
1186 562 1190 591 Ι
1215 546 1374 578 lohan.v.
1388 548 1443 588 qui
1457 548 1543 578 bona
1556 545 1716 584 fecerunt,
1739 548 1770 578 in
1795 549 2072 581 resurrectionem
2091 551 2190 589 vitae,

186 607 259 632 rent
280 600 311 629 in
335 597 587 634 afflictionibus,
611 597 698 627 scire
721 605 780 626 eos
803 601 933 636 oportet
955 593 1162 625 voluntatem
1215 589 1333 621 Matth.
1347 600 1425 621 xxv.
1460 589 1604 627 Esuriui,
1624 595 1656 620 et
1669 589 1808 621 dedistis
1821 590 1898 622 mihi
1910 592 2112 624 manducare
2125 599 2190 625 etc.

186 643 268 679 Dei,
301 642 390 683 quod
421 638 497 670 velit
531 648 591 670 eos
625 639 799 675 adiuuare,
832 637 976 677 eripere,
1009 645 1159 667 seruare.
1214 632 1250 663 ln
1275 633 1326 663 his
1349 631 1435 664 locis
1458 638 1490 662 et
1512 631 1675 663 similibus
1699 633 1863 671 oinnibu5‚
1887 635 1920 665 in
1943 635 2063 675 quibus
2087 645 2191 676 opera.

187 686 260 717 Etsi
283 683 380 716 aliter
402 681 552 724 perfecti,
576 680 672 712 aliter
684 680 802 712 infirmi
816 680 951 711 audiunt
963 680 1161 710 mentionem
1214 675 1394 706 laudantur
1406 676 1437 706 in
1450 676 1636 716 scripturis,
1661 685 1803 706 necesse
1827 683 1880 707 est
1903 675 2100 719 intelligere,
2124 688 2192 710 non

188 738 370 770 poenarum
389 733 422 757 et
441 725 651 766 premiorum.
687 723 770 754 Nam
792 723 910 753 intirmi
934 721 1087 753 laborant
1110 721 1161 752 sui
1217 724 1340 749 tantum
1354 725 1490 749 externa
1510 728 1625 759 opera,
1649 718 1710 748 sed
1732 718 1828 750 tidem
1847 720 1944 750 etiam
1967 721 2092 759 cordis,
2115 722 2192 762 quia

188 770 352 803 commodi
384 778 493 800 causa.
551 766 593 798 Et
620 774 731 798 tamen
754 765 938 807 predicatio
963 765 1161 805 premiorum

188 821 220 846 et
241 821 421 855 poenarum
443 810 635 842 necessaria
658 816 718 841 est.
764 808 799 839 ln
829 807 1055 849 predicatione
1084 816 1161 846 poe-
1187 819 1190 826 ·

187 867 303 888 narum
326 855 375 886 ira
398 853 461 885 Dei
485 853 689 889 ostenditur,
712 861 815 893 quare
837 851 880 881 ad
903 849 1161 891 predicationem

187 899 406 941 poenitentiae
437 897 587 937 pertinet.
633 895 667 926 ln
696 893 921 936 predicatione
949 892 1161 933 premiorum,

189 943 292 984 gratia
315 940 510 977 ostenditur,
533 938 573 970 Et
595 938 681 969 sicut
705 937 871 977 scriptura
883 945 984 975 saepe
997 935 1163 965 mentione

1214 761 1379 801 scriptura
1399 771 1466 791 non
1491 759 1636 802 loquitur
1659 761 1699 792 de
1723 761 1906 803 hypocrisi,
1929 763 1988 793 sed
2007 763 2048 794 de
2062 765 2192 795 iusticia

1216 804 1328 835 cordis
1353 813 1427 835 cum
1449 802 1613 835 fructibus
1637 804 1719 835 suis.
1755 805 1894 839 Quoties
1913 811 2022 836 autem
2045 805 2081 837 fit
2104 816 2192 838 men·

1215 847 1268 877 cio
1291 845 1376 886 legis
1401 852 1434 877 et
1458 856 1611 886 operum,
1641 847 1812 878 sciendum
1836 853 1908 885 est,
1939 849 2027 889 quod
2058 859 2124 880 non
2148 850 2193 880 sit

1215 887 1446 920 excludendus
1471 889 1626 920 Christus
1648 890 1820 921 mediator.
1868 890 1899 921 ls
1928 897 1978 921 est
2008 892 2095 922 enim
2116 891 2192 923 finis

1214 930 1312 972 legis,
1337 937 1370 962 et
1391 931 1463 971 ipse
1486 932 1602 973 inquit,
1627 932 1707 963 Sine
1730 943 1781 963 me
1804 932 1885 963 nihil
1907 935 2048 974 potestis
2066 932 2191 966 facere.

1214 973 1266 1004 Ex
1300 973 1366 1004 hoc
1399 973 1537 1005 Canone
1576 975 1716 1005 diximus
1757 986 1877 1016 supra,
1918 977 2055 1008 iudicari
2090 987 2194 1018 posse

1215 1026 1330 1048 omnes
1354 1015 1449 1047 locos
1473 1017 1514 1048 de
1532 1017 1698 1058 operibus.
1734 1018 1844 1052 Quare
1857 1029 1931 1050 cum
1945 1020 2102 1060 operibus
2114 1020 2189 1052 red·

1215 1060 1302 1090 ditur
1324 1059 1392 1090 vita
1414 1064 1565 1095 aeterna,
1588 1059 1736 1090 redditur
1757 1060 1958 1099 iustificatis,
1982 1063 2058 1104 quia
2080 1072 2190 1104 neque

1215 1103 1300 1133 bene
1323 1102 1453 1143 operari
1477 1107 1618 1143 possunt
1639 1101 1807 1140 homines,
1835 1103 1898 1134 nisi
1921 1104 2105 1139 iustificati,
2133 1105 2190 1146 qui

1219 1150 1363 1187 aguntur
1385 1145 1501 1185 spiritu
1515 1144 1647 1176 Christi.
1683 1144 1752 1176 Nec
1771 1146 1843 1176 sine
1862 1146 2042 1178 mediatore
2055 1146 2190 1178 Christo

1216 1194 1250 1219 et
1271 1188 1336 1218 fide
1364 1186 1499 1228 placent
1529 1189 1616 1219 bona
1644 1197 1746 1228 opera
1776 1189 1867 1219 imtta
1895 1187 1996 1228 illud,
2024 1190 2104 1222 Sine
2126 1189 2192 1222 fide

1216 1229 1420 1271 impossibile
1454 1237 1505 1262 est
1538 1229 1673 1272 placere
1705 1229 1798 1269 Deo,
1831 1230 1912 1263 Cum
1947 1232 2025 1264 dicit
2054 1231 2192 1271 Paulus,

1216 1273 1347 1305 Reddet
1375 1274 1552 1315 vnicuique
1579 1274 1762 1305 secundum
1795 1283 1896 1315 opera
1929 1275 2017 1313 eius,
2052 1273 2192 1317 intelligi

1217 1317 1316 1348 debet
1337 1326 1403 1347 non
1426 1322 1552 1348 tantum
1573 1327 1593 1348 o
1618 1327 1658 1348 us
1678 1323 1863 1354 externum,
1887 1317 1948 1348 sed
1969 1324 2037 1349 tota
2048 1318 2191 1357 iusticia,

1217 1358 1271 1391 vel
1290 1359 1466 1391 iniusticia.
1501 1361 1558 1392 Sic
1581 1370 1603 1401 g
1618 1360 1687 1390 oria
1711 1360 1862 1399 operanti
1885 1361 2019 1398 bonum,
2041 1359 2105 1391 hoc
2128 1367 2193 1398 est,

1218 1403 1317 1434 iusto.
1359 1402 1509 1434 Dedistis
1531 1403 1608 1433 mihi
1632 1402 1844 1434 manducare.
1884 1403 2027 1435 Fructus
2050 1409 2084 1434 et
2104 1404 2192 1434 testi-

188 986 351 1016 bonorum
383 992 519 1024 operum
550 981 647 1012 tidem
678 979 927 1020 complectitur,
962 976 1043 1008 Vult
1075 977 1162 1008 enim

190 1025 364 1069 complecti
386 1025 549 1057 iusticiam
574 1023 685 1054 cordis
705 1033 778 1054 cum
800 1020 975 1058 fructibus,
999 1019 1046 1051 lta
1064 1021 1162 1051 inter-

190 1071 266 1102 dum
294 1079 368 1101 cum
399 1068 474 1110 alijs
503 1066 655 1108 premijs,
690 1064 789 1096 simul
817 1063 911 1095 offert
941 1063 1097 1105 gratiam,
1126 1068 1162 1093 vt

188 1111 359 1154 Esa.lviij.
383 1117 415 1142 et
438 1119 538 1150 saepe
561 1108 645 1140 alias
668 1108 757 1149 apud
778 1106 974 1148 Prophetas.
1008 1105 1163 1137 Fatemur

190 1162 222 1188 et
245 1156 326 1193 hoc,
349 1154 439 1195 quod
461 1162 563 1193 saepe
585 1152 696 1183 testati
719 1160 851 1187 sumus,
875 1149 964 1190 quod
988 1149 1050 1180 etsi
1072 1148 1162 1179 iusti-

190 1199 301 1230 ficatio
330 1204 360 1228 et
388 1197 455 1227 vita
483 1202 619 1226 aeterna
649 1195 690 1225 ad
718 1193 815 1224 fidem
843 1193 1024 1233 pertinent,
1053 1198 1163 1222 tamen

190 1243 279 1272 bona
311 1249 414 1281 opera
447 1244 632 1269 mereantur
663 1235 729 1268 alia
759 1236 883 1276 premia
914 1233 1101 1275 corporalia
1131 1240 1164 1264 et

189 1282 386 1326 spiritualia,
410 1288 442 1312 et
465 1281 588 1323 gradus
611 1280 827 1321 premiorum,
850 1279 939 1310 iuxta
963 1277 1043 1308 illud
1070 1276 1163 1307 Vnus

190 1328 332 1369 quisque
363 1325 502 1366 accipiet
531 1323 718 1355 mercedem
752 1323 843 1353 iuxta
875 1331 971 1352 suum
1003 1319 1165 1358 laborem,

189 1370 274 1402 Nam
303 1368 433 1400 iusticia
456 1365 648 1408 Euangelij‚
677 1375 761 1407 quae
789 1370 944 1395 versatur
973 1364 1063 1394 circa
1091 1372 1165 1404 pro-

191 1413 383 1445 missionem
407 1411 552 1452 gratiae,
575 1409 679 1451 gratis
701 1407 823 1449 accipit
845 1406 1109 1438 iustificationem
1132 1411 1166 1437 et

190 1455 464 1491 viuificationem,
492 1453 560 1483 Sed
589 1450 742 1493 implecio
773 1450 874 1493 legis,
902 1459 990 1491 quae
1017 1449 1166 1490 sequitur
1217 1446 1362 1477 monium
1380 1446 1531 1478 iusticiae
1551 1445 1675 1483 cordis,
1698 1452 1731 1476 et
1744 1445 1818 1477 fidei
1831 1444 2007 1488 allegatur,
2032 1445 2194 1477 Redditur

191 1499 288 1531 fidem
312 1503 465 1529 versatur
487 1497 578 1527 circa
601 1494 721 1536 legem,
744 1495 776 1525 in
799 1504 866 1535 qua
883 1502 950 1523 non
963 1492 1081 1534 gratis,
1104 1491 1165 1523 sed
1218 1490 1318 1532 igitur
1340 1489 1407 1520 vita
1424 1494 1560 1519 aeterna
1577 1489 1736 1519 iusticiae.
1771 1488 1824 1519 Ad
1848 1487 1935 1520 hunc
1956 1489 2089 1521 modum
2111 1489 2194 1520 scri·

190 1552 252 1584 pro
281 1541 406 1572 nostris
434 1539 591 1580 operibus
619 1537 756 1569 offertur
787 1543 819 1567 et
853 1536 992 1567 debetur
1023 1544 1166 1572 merces,
1218 1538 1313 1574 ptura
1336 1529 1432 1562 simul
1455 1529 1683 1572 complectitur
1706 1531 1868 1562 iusticiam
1892 1532 2004 1563 cordis
2027 1542 2102 1564 cum
2125 1531 2194 1564 sru-

191 1586 259 1617 Sed
284 1584 339 1626 qui
362 1583 450 1614 hanc
472 1587 650 1619 merentur,
672 1581 764 1621 prius
777 1578 945 1611 iustificati
956 1584 1045 1616 sunt,
1068 1587 1166 1618 quam
1221 1575 1346 1612 ctibus,
1378 1573 1419 1604 Et
1442 1584 1544 1615 saepe
1565 1573 1694 1606 fructus
1717 1575 1882 1611 nominat,
1912 1579 1947 1606 vt
1969 1575 2012 1606 ab
2036 1575 2195 1616 imperitis

192 1627 301 1670 legem
324 1625 457 1663 faciunt,
480 1625 593 1665 ltaque
615 1624 708 1664 prius
731 1628 807 1654 sunt
819 1620 1012 1653 translatiin
1026 1630 1167 1662 regnum
1221 1618 1329 1659 magis
1353 1615 1577 1658 intelligatur,
1604 1623 1635 1648 et
1664 1623 1698 1647 vt
1728 1616 1893 1658 significet
1921 1617 2043 1659 requiri
2074 1627 2196 1649 nouam

193 1670 252 1713 filij
277 1670 359 1707 Dei,
383 1674 417 1699 vt
442 1666 565 1699 Paulus
588 1668 649 1704 ait,
672 1673 704 1698 et
722 1665 799 1697 sacti
824 1664 1007 1697 coheredes
1031 1663 1166 1695 Christi.
1224 1662 1325 1692 vitam
1338 1666 1371 1691 et
1383 1661 1680 1701 regenerationem,
1705 1669 1771 1690 non
1784 1659 1988 1701 hypocrisin.
2023 1659 2074 1691 Fit
2085 1667 2196 1692 autern

193 1714 261 1746 Sed
285 1711 486 1752 aduersarij,
518 1709 649 1752 quoties
680 1709 721 1740 de
751 1709 866 1740 merito
890 1707 1028 1744 dicitur,
1056 1706 1167 1737 statim
1221 1703 1431 1746 regeneratio
1454 1702 1520 1734 fide
1542 1703 1574 1733 in
1597 1702 1806 1743 poenitentia.
1862 1702 1966 1733 Nemo
1989 1712 2092 1735 sanus
2116 1703 2197 1735 indl-

193 1754 400 1788 transserunt
427 1753 499 1785 rem'
525 1763 544 1783 a
575 1751 709 1794 reliquis
738 1751 891 1793 premijs,
930 1751 971 1781 ad
1012 1748 1168 1780 iustifica-
1191 1749 1197 1829 Ι

193 1800 327 1835 tionem,
341 1808 414 1829 cum
426 1794 642 1838 Euangelium
656 1795 759 1837 gratis
773 1794 887 1826 offerat
900 1792 1167 1824 iustificationem

193 1848 330 1884 propter
343 1840 465 1872 Christi
478 1839 603 1872 merita,
626 1849 693 1869 non
713 1844 839 1875 nostra,
862 1835 902 1866 Et
916 1836 1030 1867 merita
1042 1834 1166 1866 Christi

194 1884 476 1917 communicantur
504 1882 600 1912 nobis
630 1891 689 1922 per
715 1880 822 1911 fidem.
869 1878 1043 1910 Caeterum
1066 1887 1168 1919 opera

193 1934 226 1960 et
254 1926 456 1958 afflictiones
484 1930 670 1962 merentur,
699 1934 764 1955 non
794 1921 1077 1958 iustificationem,
1108 1920 1167 1951 sed

194 1969 259 2002 alia
282 1970 422 2010 premia,
453 1975 487 1999 vt
512 1969 542 1999 in
566 1967 616 1998 his
636 1966 826 2007 sententiis,
856 1974 986 1997 merces
1011 1964 1168 2006 operibus

1195 2266 1202 2394 i

1198 2399 1201 2421 ι

1198 2430 1202 2472 l

1221 1756 1299 1778 care
1321 1746 1418 1777 aliter
1439 1751 1560 1787 potest,
1583 1755 1645 1777 nec
1668 1755 1731 1776 nos
1754 1743 1897 1787 aliquam
1921 1746 2070 1777 ociosum
2092 1746 2197 1778 subti-

1221 1789 1348 1821 litatem
1381 1787 1435 1820 hic
1467 1788 1677 1826 affectamus,
1716 1794 1752 1819 vt
1784 1786 1981 1819 diuellamus
2014 1787 2143 1820 fructus
2176 1798 2198 1820 a

1222 1833 1351 1865 iusticia
1376 1832 1506 1870 cordis,
1534 1833 1562 1862 si
1592 1838 1716 1862 tantum
1744 1831 1929 1872 aduersarij
1955 1832 2197 1870 concesserint,

1221 1877 1312 1918 quod
1336 1874 1466 1906 fructus
1488 1882 1624 1916 propter
1647 1874 1743 1905 tidem
1756 1880 1787 1904 et
1799 1874 2014 1905 mediatorem
2028 1873 2198 1906 Christum

1221 1918 1392 1961 placeant,
1421 1927 1488 1949 non
1517 1919 1583 1948 sint
1611 1927 1668 1958 per
1695 1926 1788 1953 sese,
1819 1917 1909 1958 digni
1940 1917 2046 1959 gratia
2076 1923 2107 1948 et
2130 1917 2198 1948 vita

1221 1969 1370 1994 aeterna.
1405 1961 1477 1991 Hoc
1496 1961 1580 1991 enim
1598 1959 1872 2001 reprehendimus
1886 1960 1917 1990 in
1930 1959 2199 1991 aduersariorum

195 2013 340 2045 offertur.
388 2012 450 2047 Qui
475 2020 576 2051 parce
599 2011 756 2047 seminat,
786 2019 887 2050 parce
913 2013 1029 2045 metet,
1059 2013 1091 2038 et
1114 2006 1169 2048 qui

196 2056 332 2097 largiter
355 2055 511 2091 seminat,
539 2052 676 2095 largiter
698 2058 806 2084 metet.
852 2051 915 2082 Hic
937 2049 1027 2081 clare
1049 2050 1169 2081 modus

195 2099 372 2135 mercedis,
394 2097 435 2127 ad
459 2097 590 2127 modum
615 2097 725 2136 operis
749 2093 929 2126 confertur.
965 2094 1100 2125 Honora
1113 2103 1169 2133 pa-

196 2149 279 2173 trem
302 2148 332 2171 ct
357 2146 506 2176 matrem,
529 2146 561 2170 vt
586 2139 632 2170 sis
657 2137 820 2171 lonzeuus
842 2147 942 2178 snper
961 2143 1093 2167 terra-n.
1130 2134 1171 2166 Et

196 2185 250 2216 hic
274 2183 427 2226 proponit
452 2181 504 2213 lex
525 2188 616 2213 certo
636 2171 727 2222 operi
741 2181 938 2212 mercedem.
974 2179 1170 2220 Quanquam

198 2229 296 2270 igitur
320 2226 404 2268 legis
434 2224 583 2266 implecio
615 2231 758 2256 merctur
789 2224 986 2254 mercedem.
1035 2221 1172 2262 Proprie

200 2272 285 2303 enim
309 2279 437 2301 merres
461 2269 502 2299 ad
527 2266 635 2309 legem
665 2268 821 2308 pertinet,
850 2272 957 2297 tamen
986 2265 1172 2296 meminisse

201 2324 263 2345 nos
287 2311 459 2353 Etinngelij
483 2317 628 2352 oportet,
660 2310 748 2351 qnod
773 2310 875 2349 gratis
899 2309 994 2340 oll'ert
1018 2307 1173 2339 iustifica-

203 2358 323 2388 tionem
337 2352 471 2396 propter
483 2354 662 2393 Clu-istum,
687 2353 755 2383 Nec
780 2350 886 2393 legem
910 2353 1000 2392 prius
1022 2350 1174 2386 facimus,

201 2406 256 2431 aut
281 2399 392 2430 facere
416 2407 594 2439 possumus
619 2407 715 2437 quam
740 2394 943 2426 reconciliati
970 2393 1062 2429 Deo,
1086 2393 1175 2424 iusti-

1222 2004 1390 2041 doctrina,
1419 2003 1506 2045 quod
1539 2001 1659 2034 talibus
1688 2001 1771 2033 locis
1795 2003 1978 2043 scripturae
2002 2012 2063 2034 seu
2087 2002 2199 2034 Philo-

1222 2048 1362 2089 sophico
1386 2057 1446 2078 seu
1470 2046 1601 2077 ludaico
1625 2055 1716 2077 more
1738 2044 1915 2076 intellectis
1939 2045 2073 2077 abolent
2105 2046 2197 2077 iusti-

1223 2092 1306 2123 ciam
1331 2089 1418 2123 fidei.
1440 2095 1472 2119 et
1495 2087 1673 2120 excludunt
1697 2089 1910 2120 mediatorem
1930 2088 2110 2120 Christum.
2147 2088 2198 2120 Ex

1223 2134 1274 2165 his
1295 2132 1381 2164 locis
1394 2133 1645 2169 ratiocinantur,
1669 2132 1757 2173 quod
1782 2131 1865 2162 haec
1889 2142 1989 2172 opera
2008 2138 2198 2163 mereantur

1224 2177 1375 2219 gratiam,
1398 2174 1481 2206 alias
1505 2176 1546 2206 de
1569 2185 1732 2215 congruo,
1756 2172 1840 2205 alias
1864 2175 1905 2205 de
1924 2175 2101 2216 condigno,
2125 2184 2200 2206 cum

1224 2218 1376 2251 videlicet
1402 2218 1528 2249 accedit
1555 2217 1705 2254 dilectio,
1736 2218 1767 2248 id
1792 2224 1861 2254 est,
1892 2218 1980 2258 quod
2009 2216 2201 2255 iustificam,

1225 2270 1254 2294 et
1280 2263 1355 2303 quia
1379 2262 1440 2291 sint
1466 2262 1612 2296 iusticia,
1642 2261 1743 2302 digna
1766 2261 1829 2291 sint
1855 2262 1920 2291 vita
1944 2266 2091 2291 aeterna.
2137 2259 2200 2292 llic

1225 2315 1319 2337 error
1342 2303 1514 2335 nmnifeste
1542 2303 1653 2335 abolet
1684 2303 1845 2335 iusticiam
1874 2303 1965 2336 fidei.
1995 2312 2080 2344 quae
2102 2303 2201 2334 sentit

1226 2349 1314 2390 quod
1337 2357 1511 2378 accessum
1536 2348 1578 2378 ad
1603 2346 1709 2378 Deum
1740 2346 1920 2377 habeamus
1949 2352 2085 2387 propter
2108 2345 2203 2377 Chri·

1226 2398 1329 2427 stum,
1361 2401 1425 2421 non
1451 2396 1584 2431 propter
1606 2400 1708 2430 opera
1732 2395 1864 2422 nostra.
1894 2398 1979 2429 quae
2009 2389 2109 2419 sentit
2139 2397 2202 2419 nos

204 2443 306 2477 ficati.
342 2449 371 2472 et
408 2441 512 2471 renati
545 2450 670 2471 sumus.
724 2438 794 2469 Neo
823 2437 875 2468 illa
907 2436 991 2477 logis
1023 2434 1174 2476 implecio
1227 2444 1286 2476 per
1315 2434 1502 2475 potitilit‘cm
1533 2440 1562 2463 et
1588 2433 1801 2463 mediatorem
1825 2431 1993 2462 Christum
2017 2431 2137 2462 adduci
2159 2430 2203 2461 ad

226 2485 346 2515 laceret
373 2485 463 2521 noo,
493 2484 552 2514 nisi
583 2488 716 2524 propter
739 2481 835 2512 fidem
860 2491 1010 2510 essemus
1034 2478 1173 2519 accepti,
1229 2477 1371 2511 Patrem.
1394 2483 1426 2507 et
1449 2476 1572 2507 habere
1594 2475 1759 2517 placatum
1783 2481 1921 2515 patrem,
1947 2481 1978 2505 vt
2005 2484 2107 2515 snpra
2119 2474 2203 2505 sati·

218 2528 241 2558 ’,ι
283 2528 357 2569 quia
398 2527 548 2557 homines
592 2531 726 2566 proptor
771 2524 868 2554 fidem
914 2520 997 2553 sun?
1034 2521 1175 2563 accepti,
1228 2521 1424 2551 dictumest.
1460 2519 1500 2550 Et
1526 2519 1609 2549 haer·
1633 2519 1785 2549 doctrina
1809 2518 1849 2547 ulo
1873 2517 2000 2548 iusticia
2025 2518 2112 2553 fidet.
2137 2525 2203 2549 non

201 2572 274 2601 ideo
300 2570 354 2600 illa
379 2570 532 2600 inchoata
562 2567 644 2609 logis
675 2567 827 2609 implecio
858 2565 984 2607 placi-t.
1012 2571 1045 2595 et
1074 2565 1175 2595 tmtwt
1228 2570 1277 2593 ost
1307 2565 1338 2594 in
1365 2561 1514 2593 Ecclesia
1542 2561 1666 2593 t‘hristi
1696 2560 1912 2601 negligenda.
1946 2561 2022 2601 quia
2056 2561 2129 2590 sine
2163 2568 2204 2590 ea

200 2614 385 2644 mores-dem
411 2614 440 2643 in
466 2613 528 2642 hnc
552 2613 636 2646 vim.
670 2617 701 2641 et
736 2617 811 2652 post
846 2609 932 2640 hano
967 2610 1076 2639 vitam.
1125 2607 1174 2638 Dc
1228 2612 1438 2646 nowpotest
1473 2605 1618 2636 osticium
1652 2603 1772 2636 Christi
1808 2603 1974 2644 conspici.
2011 2609 2042 2634 et
2076 2601 2205 2644 reliqua

202 2657 333 2688 nomine
355 2657 518 2687 mercedis
543 2655 723 2696 plaernque
746 2652 811 2685 alia
834 2653 887 2684 hio
911 2653 1006 2684 ettam
1031 2652 1095 2682 dici
1119 2660 1175 2691 po-
1228 2651 1380 2681 doctrina
1403 2648 1663 2681 iustificationis,
1694 2653 1818 2678 tuntum
1848 2653 1901 2677 est
1929 2646 2078 2677 doctrina
2106 2644 2203 2687 legia-
