2366 2958
139 155 206 188 609
484 153 524 185 n.
569 153 798 186 Aromata
817 135 1132 186 CONFEssloxis

141 249 356 281 Germanicas
379 248 567 286 cantiones,
601 255 708 280 tamen
737 247 807 280 sere
840 247 961 288 vbique
989 245 1112 287 aliquid
1138 247 1143 322 Ι

142 293 283 324 canebat
316 289 458 332 populus
487 300 548 321 sua
571 289 694 333 lingua.
740 289 823 321 Illud
848 299 927 321 vero
949 298 1112 330 nusquam

142 336 300 375 scriptum
324 339 379 365 aut
402 333 523 374 pictum
546 339 608 370 est,
632 333 818 364 hominibus
841 332 1004 374 prodesse
1027 341 1111 372 opus

140 377 294 409 audiendi
321 375 481 408 lectiones
507 386 573 408 non
600 375 802 416 intellectas,
835 375 998 416 prodesse
1021 384 1112 406 cere-

141 421 281 457 monins,
304 430 370 450 non
394 419 469 460 quia
493 419 644 453 doceant,
668 417 721 450 vel
743 418 959 454 admoneant,
988 417 1048 448 sed
1072 426 1112 448 ex
1138 435 1142 458 ,

141 473 244 503 opere
280 468 434 503 operam,
469 462 544 503 quia
578 463 628 492 sic
661 461 758 499 fiant,
794 461 870 502 quia
907 465 1111 500 spectentur.

142 504 230 536 Male
252 504 384 536 valeant
406 504 493 535 istae
515 504 726 536 Pbarisaicae
748 504 931 544 opiniones.
1138 464 1142 539 l

229 547 324 583 Quod
347 557 429 579 vero
453 553 576 578 tantum
600 548 635 578 fit
658 547 745 588 apud
766 556 829 577 nos
847 544 979 586 publica
996 543 1113 581 Missa,

140 601 202 622 seu
231 591 432 627 communis,
466 589 546 621 nihil
571 590 605 621 fit
636 596 752 621 contra
776 587 972 620 catholicam
996 586 1113 618 Eccle-

142 634 236 664 siam.
280 633 363 664 Nam
387 633 419 663 in
443 632 583 664 Graecis
607 632 776 673 parochijs
799 642 840 662 ne
862 631 961 661 hodie
983 630 1113 671 quidem

142 676 223 707 fiunt
245 676 394 716 priuatae
417 675 559 711 Missae,
589 676 649 706 sed
680 675 715 705 fit
742 684 807 705 vna
836 672 969 714 publica
997 673 1113 710 Missa,
1137 688 1144 918 ι

141 719 240 760 idque
263 724 386 749 tantum
411 717 590 749 Dominicis
614 718 747 755 diebuS,
770 722 802 748 et
821 716 938 747 Festis.
984 715 1020 746 ln
1043 715 1113 745 Mo-

142 761 298 803 nasterijs
332 760 368 791 fit
397 762 542 802 quotidie
568 760 688 797 Missa,
722 760 782 790 sed
811 765 935 790 tantum
969 757 1112 799 publica.

141 803 232 835 Haec
247 806 299 842 ⁵⁷)
329 809 405 835 sunt
428 803 568 844 vestigia
589 812 716 834 morum
738 808 896 833 veterum.
942 801 1113 842 Nusquam

140 847 225 878 enim
253 853 385 878 veteres
414 846 604 887 Scn‘ptores
635 851 711 876 ante
735 845 950 887 Gregorium,
973 844 1113 876 mencio-

139 899 213 920 nem
236 887 361 920 faciunt
388 889 589 929 priuatarum
612 887 801 919 Missarum.
849 886 965 922 Qualia
994 886 1114 918 fuerint

144 933 233 963 initia
255 942 343 963 nunc
365 932 555 968 omittimuS,
578 931 642 962 hoc
666 936 808 968 constat,
832 931 921 971 quod
940 936 1113 971 postquam

143 974 298 1006 Monachi
321 973 546 1004 mendicantes
569 984 711 1015 regnare
735 979 915 1014 coeperunt
941 983 982 1004 ex
1005 971 1113 1003 salsis-

141 1017 234 1048 simis
246 1017 530 1058 persuasionibus,
553 1023 585 1047 et
596 1023 731 1058 propter
744 1022 916 1057 quaestum
940 1017 985 1046 ita
997 1021 1114 1046 auctae

142 1065 236 1093 sunt,
264 1066 298 1089 vt
323 1069 438 1090 omnes
463 1060 540 1090 boni
563 1060 624 1090 viri
653 1060 707 1090 diu
730 1060 794 1090 iam
818 1059 889 1089 eius
912 1060 959 1089 rei
983 1058 1114 1089 modum

142 1102 412 1133 desiderauerint.
481 1101 676 1143 Quanquam
711 1102 746 1133 S.
782 1099 984 1133 Franciscus
1025 1106 1115 1131 recte

142 1143 246 1176 voluit
269 1145 297 1175 ei
321 1145 369 1175 rei
392 1146 601 1185 prospicere,
629 1146 684 1186 qui
706 1145 892 1181 constituit,
926 1149 961 1174 vt.
983 1142 1116 1185 singula

142 1185 284 1228 collegia
318 1187 464 1229 quotidie
497 1188 593 1218 vnica
625 1188 788 1218 communi
823 1187 927 1217 Missa
962 1192 1117 1217 contenta

141 1237 264 1261 essent.
308 1229 381 1261 Hoc
410 1236 527 1270 postea
554 1236 711 1262 mutatum
740 1236 791 1261 est
819 1230 891 1261 siue
920 1239 979 1269 per
1001 1239 1116 1269 super-

141 1273 313 1304 sticionem
335 1273 406 1303 siue
429 1279 589 1313 quaestus
613 1282 725 1304 causa.
762 1272 810 1303 lta
832 1273 886 1303 vbi
910 1272 1117 1303 commodum

141 1321 195 1347 est
227 1315 376 1346 instituta
411 1315 569 1347 maiorum
605 1321 731 1346 mutant
758 1316 838 1355 ipsi,
872 1321 990 1356 postea
1020 1315 1116 1346 nobis

141 1357 288 1399 allegant
317 1358 525 1389 autoritatem
556 1358 726 1389 maiorum.
770 1357 972 1398 Epiphanius
1003 1358 1118 1389 scribit

141 1401 173 1431 in
197 1400 277 1431 Asia
301 1400 449 1441 Synaxin
473 1406 524 1431 ter
547 1400 747 1431 celebratam
783 1410 860 1431 esse
888 1399 1029 1441 singulis
1064 1409 1116 1430 se·

139 1443 306 1486 ptimaniS,
329 1452 391 1473 nec
405 1443 614 1484 quotidianas
635 1442 741 1474 fuisse
753 1442 888 1473 Missas.
923 1442 965 1473 Et
986 1443 1117 1483 quidem

139 1486 186 1517 ait
213 1486 303 1517 hunc
325 1494 449 1516 morem
478 1486 519 1516 ab
543 1485 716 1526 Apostolis
745 1485 900 1516 traditum
927 1494 1014 1516 esse.
1060 1485 1117 1516 Sic

140 1529 226 1560 enim
248 1529 368 1569 inquit,
397 1528 530 1566 συνάξεις
557 1528 588 1559 δὲ
612 1528 833 1567 ἐπιτελούμεναι
855 1531 1022 1567 ταχθεῖσαί
1041 1530 1117 1558 εἰσιν

140 1570 204 1602 ἀπὸ
231 1571 291 1601 τῶν
314 1570 506 1608 ἀποστόλων,
529 1571 666 1612 τετράδι,
683 1572 736 1609 ⁶²3)
768 1573 819 1601 καὶ
842 1570 1045 1612 προσαββάῐῳ
1067 1572 1117 1601 καὶ

141 1613 278 1654 κνριακῇ.

227 1655 298 1686 Etsi
320 1661 429 1686 autern
451 1655 635 1695 aduersarij
664 1655 696 1686 in
724 1654 790 1686 hoc
817 1653 893 1686 loco
916 1653 1018 1686 multa
1041 1665 1117 1686 con—

167 1704 274 1735 erunt,
298 1704 334 1728 vt
356 1699 497 1739 probent
517 1697 655 1730 Missam
678 1707 755 1729 esse
774 1697 984 1735 sacrificium,
1007 1703 1116 1729 tamen

165 1740 197 1772 le
226 1743 345 1782 ingens
374 1739 532 1772 tumultus
562 1742 739 1772 verborum
766 1740 897 1781 prolata
926 1740 990 1771 hac
1020 1741 1116 1772 vnica

141 1784 362 1824 responsione
385 1782 599 1821 consilescet‚
623 1784 711 1825 quod
733 1782 817 1814 haec
841 1783 990 1825 quamuis
1014 1781 1116 1826 longa

141 1826 354 1858 coaceruatio
377 1827 603 1862 autoritatum,
633 1827 813 1864 rationum,
843 1826 1116 1863 testimoniorum,

141 1879 208 1900 non
231 1869 401 1906 ostendat,
435 1869 524 1909 quod
548 1869 652 1899 Missa
682 1879 724 1900 ex
753 1879 853 1909 opere
877 1875 1014 1909 operato
1038 1878 1116 1899 con-

140 1910 227 1943 ferat
249 1912 408 1953 gratiam,
430 1916 487 1942 aut
508 1910 675 1952 applicata
697 1922 758 1952 pro
780 1910 855 1953 alijs
883 1917 1046 1943 mereatur
1068 1913 1116 1943 eis

140 1954 370 1986 remissionem
392 1952 584 1992 venialium,
619 1959 651 1985 et
683 1953 867 1986 mortalium
890 1960 1116 1995 peccatorum,

141 1995 260 2038 culpae
294 2003 326 2027 et
357 2006 494 2036 poenae.
559 1996 650 2028 Haec
692 2007 756 2028 vna
790 1998 964 2037 responsio
999 1997 1116 2029 euertit

141 2040 251 2071 omnia
281 2049 368 2080 quae
396 2039 578 2080 aduersarij
604 2039 752 2080 obijcunt
775 2049 841 2070 non
865 2038 973 2071 solnm
996 2041 1028 2070 in
1053 2040 1116 2072 hac

140 2081 392 2118 consutacione,
427 2082 486 2112 sed
520 2082 551 2112 in
585 2082 737 2113 omnibus
771 2083 923 2123 scriptis,
956 2092 1041 2124 quae
1075 2083 1116 2114 de

140 2123 246 2156 Missa
269 2124 452 2155 ediderunt.
491 2122 533 2155 Et
555 2125 609 2155 hic
622 2134 743 2156 causae
767 2131 875 2157 status
899 2131 962 2162 est,
987 2125 1028 2156 de
1050 2135 1115 2166 quo

140 2167 186 2198 ita
214 2167 310 2198 nobis
340 2167 536 2198 admonendi
566 2173 643 2198 sunt
676 2165 837 2206 lectores,
870 2174 906 2199 vt
928 2167 1115 2199 Aeschines

140 2210 339 2241 admonebat
362 2209 502 2247 ludices,
527 2215 562 2240 vt
585 2210 720 2250 perinde
744 2220 784 2240 ac
806 2210 937 2252 pugiles
961 2211 1002 2241 de
1025 2217 1116 2242 statu

139 2253 226 2284 inter
247 2262 286 2283 se
309 2258 448 2289 certant,
471 2252 515 2283 ita
539 2262 613 2283 cum
631 2252 824 2284 aduersario
837 2254 1029 2284 dimicarent
1051 2254 1114 2294 ipsi
1140 2252 1143 2337 ἱ

140 2295 183 2326 de
206 2301 295 2326 statu
319 2295 581 2332 controuersiae,
605 2305 667 2326 nec
685 2295 830 2326 sinerent
843 2306 918 2327 eum
931 2305 1024 2328 exn-a
1037 2307 1116 2328 cau-

140 2347 211 2368 sam
245 2337 369 2378 egredi.
423 2337 475 2368 Ad
509 2339 648 2369 eundem
684 2338 816 2369 modum
844 2338 897 2369 hic
930 2339 1114 2380 aduersarij
1142 2369 1143 2374 ,

141 2381 246 2411 nostri
269 2380 411 2422 cogendi
434 2387 522 2418 sunt,
547 2387 580 2411 vt
602 2381 643 2412 de
667 2390 703 2411 re
725 2382 895 2422 proposita
917 2381 1040 2413 dicant.
1076 2381 1116 2413 Et
1142 2409 1143 2418 ,

1142 2423 1143 2452 j
1169 2417 1309 2454 sectari,
1345 2417 1482 2458 eiusque
1510 2422 1665 2457 tanquam
1693 2414 1755 2446 Dei
1790 2415 1932 2456 vestigia
1956 2414 2061 2455 sequi.

1142 2459 1143 2494 ἒ
1169 2460 1260 2491 iubet
1281 2460 1479 2492 diuidentem
1507 2460 1539 2490 in
1568 2459 1648 2500 ipsis
1675 2456 1825 2489 articulis
1849 2457 1996 2489 membra
2017 2466 2148 2493 secare,

1142 2504 1144 2515 i

139 2525 187 2557 67)
207 2525 287 2557 Hanc]
308 2525 357 2549 Ed.
377 2526 401 2550 4.
421 2526 495 2550 mule:
516 2526 570 2550 Nec

138 2566 187 2599 68)
207 2565 337 2599 τετράδι,]
356 2567 403 2591 Ed.
424 2567 448 2591 3.
467 2572 517 2601 ryp.
537 2577 601 2593 erra:
620 2565 750 2600 τεπράδι,
771 2581 801 2586 -
821 2567 892 2593 Haec
909 2567 984 2593 verbu
1003 2568 1117 2600 &quatur

210 2603 234 2624 n'n
254 2602 392 2633 Epiphanii
411 2602 510 2627 haeres.
530 2603 572 2627 35.
593 2601 673 2633 (Opp.
694 2603 734 2626 ed.
753 2602 842 2626 Petav.
862 2603 894 2627 T.
914 2603 934 2627 Ι.
954 2610 979 2633 p.
1000 2603 1084 2635 371.)-

347 2660 495 2680 unt-ARTE.
509 2661 590 2680 OPBR.
606 2661 669 2682 VOL.
685 2661 776 2680 XXVH·

1155 132 1470 188 AuGUSTANAE.
1515 154 1555 185 B.
1600 153 1791 186 ALTERA.

2072 153 2138 186 610

1164 250 1298 289 cognito
1322 249 1569 280 controuersiae
1591 253 1680 278 statu
1703 245 1857 279 facillima
1874 247 1933 279 erit
1947 247 2137 289 dijudicatio

1165 291 1206 321 de
1226 292 1429 333 argumentis
1453 293 1484 322 in
1508 297 1648 331 viraque
1671 296 1772 331 parte.
1806 289 1876 320 Nos
1896 291 1980 320 enim
2002 291 2035 321 in
2059 298 2137 321 con-

1164 332 1310 365 fessione
1330 341 1444 366 nostra
1457 334 1672 371 ostendimus,
1696 342 1757 364 nos
1771 333 1905 369 sentire,
1930 333 2017 373 quod
2032 342 2138 364 coena

1165 375 1296 407 Domini
1326 389 1391 408 non
1422 377 1571 408 conserat
1606 376 1744 416 gratiam
1779 385 1820 406 ex
1856 385 1956 416 opere
1989 381 2137 415 operato,

1164 429 1228 450 nec
1251 418 1415 460 applicata
1438 431 1497 460 pro
1521 418 1596 460 alijs
1615 419 1699 449 vinis
1723 425 1777 449 aut
1802 419 1950 455 mortuis,
1974 423 2138 449 mereatur

1166 462 1214 493 eis
1238 472 1279 492 ex
1302 472 1401 503 opere
1425 469 1560 502 operato
1581 462 1806 492 remissionem
1820 466 2045 499 peccatorum,
2071 459 2138 491 cul-

1165 514 1227 545 pae
1250 510 1306 535 aut
1329 515 1466 546 poenae.
1500 504 1538 535 Et
1564 503 1659 535 huius
1683 510 1790 534 status
1804 503 1895 534 clara
1908 509 1939 534 et
1957 503 2051 535 firma
2063 513 2138 543 pro·

1166 547 1254 577 batio
1280 553 1331 578 est
1355 547 1454 584 haec,
1490 548 1565 588 quia
1592 545 1797 587 impossibile
1826 552 1877 576 est
1907 547 2066 587 consequi
2088 555 2138 576 re-

1165 590 1355 621 missionem
1385 596 1595 631 peccatorum
1629 595 1763 629 propter
1796 599 1880 629 opus
1914 594 2063 620 nostrum
2097 597 2138 619 ex

1165 642 1266 673 opere
1288 638 1436 674 operato,
1459 633 1519 663 sed
1542 632 1606 662 fide
1630 638 1758 672 oportet
1783 632 1868 662 vinei
1891 637 2038 662 terrores
2062 640 2139 672 pec-

1166 676 1231 707 cati
1254 681 1287 706 et
1310 676 1435 712 mortis,
1459 685 1530 707 cum
1555 675 1708 715 erigimus
1728 674 1828 705 corda
1843 674 2032 715 cognitione
2045 673 2139 704 Chri-

1166 718 1220 755 sti,
1243 724 1275 749 et
1299 720 1457 749 sentimus
1481 718 1576 748 nobis
1599 718 1727 758 ignosci
1752 724 1888 757 propter
1901 716 2078 754 Christum,
2097 725 2137 746 ac

1167 761 1282 792 donari
1305 762 1421 792 merita
1443 766 1476 792 et
1497 760 1657 791 iusticiam
1671 759 1804 796 Christi,
1830 758 1945 790 Roma.
1969 770 1998 789 v.
2024 758 2137 790 {ustifi-

1167 805 1230 835 cati
1254 814 1294 835 ex
1317 803 1382 835 fide
1404 814 1520 845 pacem
1542 802 1713 833 habemus.
1750 802 1843 833 Haec
1866 809 1931 833 tam
1945 808 2048 839 certa,
2072 808 2138 833 tam

1166 845 1260 877 firma
1294 852 1388 884 sunt,
1423 852 1458 877 vt
1490 847 1652 877 aduersus
1687 854 1801 876 omnes
1824 850 1938 884 portas
1961 843 2138 875 inferorum

1167 890 1353 921 consistere
1377 895 1508 930 queant.
1548 889 1583 920 Si
1608 894 1766 928 quantum
1779 897 1862 928 opus
1876 894 1938 925 est,
1962 887 2139 918 dicendum

1167 931 1239 970 fuit,
1262 933 1325 962 iam
1350 942 1452 964 causa
1476 933 1563 962 dicta
1586 936 1646 961 est.
1693 930 1798 961 Nemo
1818 931 1901 960 enim
1924 939 2026 960 sanus
2049 928 2139 960 illam

1167 974 1392 1006 Pharisaicam
1423 980 1455 1005 et
1478 974 1653 1005 Etlinicam
1686 973 1934 1014 persuasionem
1968 973 2009 1003 de
2038 981 2139 1013 opere

1167 1024 1303 1058 operato
1327 1019 1471 1058 probare
1493 1023 1613 1058 potest.
1658 1015 1701 1047 Et
1727 1022 1835 1046 tamen
1859 1015 1941 1046 haec
1964 1015 2139 1055 persuasio

1168 1060 1281 1092 haeret
1303 1061 1336 1091 in
1359 1059 1492 1101 populo,
1517 1059 1600 1090 haec
1623 1059 1713 1089 auxit
1735 1059 1767 1089 in
1790 1057 1949 1089 infinitum
1963 1058 2141 1089 Missarum

1168 1113 1350 1134 numerum.
1396 1103 1633 1134 Conducuntur
1651 1102 1735 1132 enim
1750 1102 1885 1138 Missae,
1909 1101 1951 1132 ad
1974 1102 2055 1131 iram
2076 1099 2141 1131 Dei

1168 1144 1379 1186 placandam,
1413 1152 1443 1176 et
1478 1145 1542 1176 hoe
1566 1154 1666 1185 opere
1699 1144 1927 1176 remissionem
1961 1143 2078 1183 culpae
2107 1148 2141 1174 et

1168 1199 1295 1229 poenae
1309 1189 1468 1230 consequi
1493 1186 1617 1225 volunt,
1644 1186 1761 1217 volunt
1783 1187 1960 1227 impetrare
1984 1185 2140 1227 quidquid

1168 1232 1200 1262 in
1224 1232 1311 1262 omni
1334 1232 1401 1262 vita
1425 1241 1508 1271 opus
1532 1236 1592 1261 est.
1629 1229 1754 1260 Volunt
1778 1229 1871 1260 etiam
1894 1235 2043 1260 mortuos
2062 1227 2141 1259 libe-

1169 1284 1254 1305 rare.
1300 1274 1395 1305 Hanc
1424 1273 1645 1305 Pharisaieam
1681 1272 1868 1313 opinionem
1897 1272 2081 1303 docuerunt
2108 1271 2141 1302 in

1169 1315 1320 1349 Ecclesia
1343 1316 1499 1348 Monachi
1521 1322 1553 1346 et
1576 1313 1764 1355 Sophistae.

1256 1358 1450 1400 Quanquam
1474 1365 1583 1390 autem
1607 1367 1709 1388 causa
1732 1358 1796 1388 iam
1819 1357 1907 1388 dicta
1929 1362 2000 1395 est,
2033 1363 2142 1387 tamen

1170 1402 1245 1443 quia
1268 1402 1450 1440 aduersarii
1470 1400 1591 1432 multas
1615 1401 1799 1440 scripturas
1822 1399 1934 1440 inepte
1945 1399 2144 1440 detorquent

1169 1445 1212 1475 ad
1237 1443 1464 1476 defensionem
1499 1454 1633 1475 suorum
1655 1453 1820 1479 errorum,
1853 1452 1961 1483 pauca
1989 1442 2033 1473 ad
2054 1442 2144 1472 hunc

1169 1485 1280 1518 locum
1306 1487 1476 1518 addemus.
1527 1485 1634 1518 Multa
1667 1486 1708 1517 de
1737 1484 1903 1516 sacrificio
1931 1484 1965 1516 in
1995 1483 2144 1516 confuta·

1171 1529 1266 1560 cione
1288 1530 1452 1568 dixerunt,
1475 1539 1548 1561 cum
1570 1539 1633 1559 nos
1656 1529 1689 1559 in
1709 1527 1925 1559 confessione
1937 1533 2053 1559 nostra
2065 1537 2143 1558 con-

1170 1571 1260 1603 sulto
1283 1573 1315 1603 id
1339 1582 1471 1610 nornen,
1493 1578 1629 1613 propter
1650 1571 1895 1612 ambiguitatem
1918 1569 2143 1601 vitauerimus.

1170 1613 1252 1646 Rem
1274 1616 1499 1655 exposuimus,
1524 1614 1601 1655 quid
1624 1613 1824 1645 sacrificium
1847 1614 1900 1644 isti
1916 1623 2004 1644 nunc
2026 1611 2145 1644 intelli·

1170 1664 1262 1699 gant,
1285 1668 1423 1699 quorum
1446 1658 1672 1698 improbamus
1695 1657 1831 1687 abusus.
1877 1656 1975 1687 Nunc
2001 1661 2037 1686 vt
2059 1653 2145 1687 male

1170 1701 1318 1731 detortas
1347 1701 1530 1740 scripturas
1559 1698 1782 1740 explicemus,
1802 1708 1944 1729 necesse
1966 1703 2017 1729 est
2039 1698 2143 1736 initio,

1169 1743 1247 1783 quid
1265 1743 1308 1773 sit
1331 1742 1530 1774 sacrificium
1558 1751 1735 1781 exponere.
1781 1741 1865 1772 Toto
1894 1742 1957 1772 iam
1981 1740 2144 1772 decennio

1169 1784 1295 1816 infinita
1323 1795 1408 1826 pene
1436 1784 1602 1816 volumina
1625 1784 1797 1815 ediderunt
1819 1784 2002 1823 aduersarij
2033 1783 2073 1814 de
2095 1793 2146 1813 sa-

1169 1826 1305 1866 crificio,
1327 1838 1435 1869 neque
1450 1829 1502 1866 6³¹)
1526 1828 1700 1868 quisquam
1720 1836 1832 1857 eorum
1848 1826 2069 1857 definitionem
2092 1835 2146 1856 sa-

1170 1869 1283 1911 crificij
1315 1869 1476 1901 haetenus
1505 1870 1627 1910 posuit.
1672 1868 1812 1900 'l'antum
1840 1869 2000 1909 arripiunt
2027 1878 2146 1899 nomen

1169 1913 1336 1954 sacrificij,
1360 1912 1414 1945 vel
1433 1923 1473 1944 ex
1485 1912 1675 1953 Scripturis,
1699 1910 1752 1943 vel
1769 1922 1809 1942 ex
1822 1912 1987 1943 Panibus.
2013 1908 2147 1942 ‘Postea

1168 1954 1332 1998 affingunt
1354 1966 1415 1987 sua
1437 1955 1564 1987 somnia
1601 1955 1694 1996 quasi
1718 1964 1798 1986 vero
1823 1954 2023 1986 sacrificium
2045 1954 2146 1996 signi·

1169 1998 1256 2036 ficet,
1279 1998 1437 2040 quidquid
1461 1999 1542 2040 ipsis
1565 1978 1657 2029 libet.

1169 2117 1291 2154 QVID
1311 2116 1389 2148 Sl'r
1413 2115 1759 2151 SACRIFICIVM,
1785 2115 1847 2146 ET
1872 2115 2008 2151 QVAE
2032 2114 2146 2145 SINT

1398 2158 1675 2190 SACRlFlCll
1704 2158 1922 2189 SPECIES.

1256 2245 1416 2277 Socrates
1445 2246 1476 2276 in
1502 2245 1656 2277 Phaedro
1681 2243 1829 2275 Platonis
1853 2244 1913 2281 ait,
1946 2253 1984 2274 se
2007 2243 2148 2275 maxime

1170 2288 1323 2329 cupidum
1347 2298 1424 2320 esse
1447 2289 1655 2325 diuisionum,
1679 2287 1767 2329 quod
1780 2287 1852 2317 sine
1863 2286 1914 2317 his
1939 2285 2020 2316 nihil
2039 2295 2148 2327 neque

1169 2331 1327 2372 explicari
1351 2331 1503 2368 dicendo,
1526 2340 1634 2372 neque
1657 2328 1792 2371 intelligi
1806 2330 1923 2370 possit,
1947 2338 1988 2359 ac
2010 2329 2037 2359 si
2051 2339 2148 2370 quem

1170 2372 1422 2415 deprehenderit
1445 2374 1581 2415 peritum
1603 2373 1780 2410 diuidendi,
1803 2373 1891 2403 hunc
1915 2371 2017 2413 inquit
2040 2381 2078 2402 se
2095 2381 2148 2444 ΒΞ-

2137 2419 2149 2444 t

1170 2604 1218 2636 69)
1237 2605 1332 2636 neque]
1350 2605 1399 2629 Ed.
1418 2605 1455 2629 3.:
1474 2611 1521 2628 nee

1911 2654 1943 2678 :39
