2366 2958
194 193 239 225 79
635 186 749 219 prm..
772 183 876 217 MEL.
899 157 1087 215 scalpra
1107 178 1378 213 DOGMA'HCA
1398 178 1454 211 ET
1477 176 1753 212 SYMBOLICA.
2155 176 2201 210 m

1173 274 1213 306 A.

958 341 1232 374 CONFUTATlo
1267 338 1434 371 LATrNA.

349 436 446 465 Huius
477 432 700 463 confutationis
723 431 855 470 quinque
881 428 1036 469 formulas
1063 437 1154 466 supra
1181 436 1210 465 p.
1241 427 1258 455 5
1285 434 1355 463 sqq.
1385 423 1622 463 descripsimus,
1650 433 1775 463 quarum
1800 425 1922 464 primae
1949 428 2063 455 tantum
2089 425 2203 464 ‘exigua

195 489 276 520 pars.
297 483 423 518 quatuor
441 477 568 516 priorum
593 473 780 503 articulorum
806 472 1023 502 confessionis
1053 469 1296 500 confutationem
1322 467 1546 506 complectens,
1575 477 1593 496 a
1626 465 1704 496 lob.
1739 465 1933 497 cochlaeo
1962 468 1991 497 iu
2019 466 2202 507 Philippicis

194 533 222 552 a.
249 524 337 552 1534.
361 522 397 549 ab
422 521 487 558 ipso
507 518 598 547 editis
617 517 770 555 adscripta
789 519 854 548 estz
872 514 1009 544 secunda
1027 520 1078 542 aut
1103 513 1222 541 omnino
1247 509 1420 549 deperdita,
1448 514 1500 540 aut
1532 513 1614 539 certe
1643 509 1774 540 nondum
1805 514 1924 549 reperta
1947 514 2013 545 est3
2048 511 2143 540 tertia
2171 510 2202 540 in

196 565 315 595 Codice
335 563 510 600 Psluqiauo.
531 570 620 598 quern
640 559 724 588 Ubr.
744 558 880 588 Gottsr.
904 555 1071 586 Mueller
1095 557 1183 584 1808.
1210 554 1323 593 primus
1349 552 1459 586 edidit,
1484 556 1599 592 quarta
1617 553 1645 582 in
1667 552 1748 582 Coa.
1771 552 1970 588 Monacensi,
1989 554 2078 583 cuius
2101 553 2201 583 varias

196 607 353 639 lectiones,
378 606 488 643 quibus
507 613 524 632 a
547 601 625 632 Cod.
647 601 743 639 Pssug.
764 601 932 639 discrepat,
957 598 1283 628 Foerstemannus
1303 595 1428 634 collegit
1446 599 1477 625 et
1500 597 1589 626 1835.
1605 597 1633 625 in
1652 595 1672 627 l.
1698 598 1907 628 urtunuenbucb
1929 597 1968 626 11.
1982 606 2010 636 p.
2026 597 2202 626 142—176.

195 649 340 679 exhibuit.
359 648 467 686 qw‘nla
488 647 515 674 in
542 644 621 674 cod.
643 644 845 674 Dessaviemsi
867 653 885 672 a
903 641 1010 672 Mich.
1035 640 1198 669 Webero
1217 649 1243 668 a.
1272 641 1363 668 1810.
1388 638 1482 671 edito,
1506 642 1706 669 conservatae
1724 642 1806 668 sunt.
1850 638 1890 668 Hi
1913 643 1976 669 tres
1995 638 2130 669 Codices
2153 638 2203 668 ad-

194 693 254 722 huc
273 694 400 720 exstant.
447 688 608 717 Praeterea
631 687 840 716 recensuimus
863 685 956 714 hasce
975 685 1100 723 quintae
1120 681 1276 722 formulae
1299 681 1482 711 Editiones:
1505 685 1535 717 1)
1558 681 1614 711 Ed.
1641 681 1754 713 Andr.
1774 680 1946 711 Fabricii
1968 682 2037 712 anni
2070 683 2162 712 1573.
2183 691 2202 711 e

194 734 309 764 Codice
329 742 405 761 nunc
428 731 596 770 deperdito,
616 741 704 769 quem
732 729 949 758 Fabricianum
977 725 1213 765 appellavimus.
1239 725 1267 754 in
1298 724 1459 753 Harmonia
1483 725 1682 763 Augustanae
1711 723 1926 755 Confessionis
1955 727 2144 760 contentam
2170 725 2206 762 2)

194 777 251 807 Ed.
272 776 408 812 Georg.
433 773 654 804 coelestini
679 783 704 802 a.
739 774 827 802 1577.
858 781 875 799 e
899 769 1076 798 Fabriciana
1094 769 1250 808 repetitam
1279 768 1307 796 in
1332 766 1465 797 Historia
1491 766 1687 797 Comitiorum
1708 769 1879 806 Augustan.
1912 766 1998 797 Tom.
2023 767 2077 797 111.
2107 767 2159 798 fol.
2187 769 2202 796 1

194 829 282 858 sqq:
308 821 340 853 3)
361 816 416 846 Ed.
439 816 526 846 Dav.
552 814 737 855 Chytraei
759 825 776 842 e
801 813 918 843 Codice
937 812 1114 841 Elmeriuno
1133 821 1211 840 nunc
1241 810 1397 849 deperdito
1421 811 1449 839 in
1473 810 1525 841 lat.
1550 810 1686 840 Historia
1713 811 1914 849 Augustanae
1938 809 2154 840 Confessionis
2178 819 2205 840 a.

199 864 288 892 1578.
307 861 431 899 primum
455 859 581 894 editam;
602 861 634 896 4)
654 857 710 887 Ed.
734 856 831 886 Phil.
853 855 1034 885 Muelleri
1059 865 1085 883 a.
1114 856 1204 884 1705.
1228 854 1256 883 in
1280 852 1451 883 Concordia
1473 863 1540 892 pag.
1565 855 1575 882 1
1600 863 1689 893 seqq.
1709 863 1747 883 ex
1769 853 1825 884 Ed.
1851 852 2022 884 Caelestini
2046 854 2205 889 insertam3

197 907 229 934 5)
248 902 304 933 Ed.
329 902 412 932 Chr.
438 901 567 931 lilatth.
588 900 724 929 Prassii
744 910 768 929 a.
791 901 882 929 1730.
907 899 935 926 111
959 907 1016 926 sua
1037 897 1094 926 Ed.
1116 897 1273 926 Librorum
1292 895 1424 935 symbol.
1448 896 1611 926 Ecclesiae
1636 905 1742 935 evang.
1759 907 1797 926 ex
1814 896 1872 929 Ed.
1892 896 2084 936 Chytraeana
2099 893 2207 935 repeti-

193 951 268 982 tam;
293 947 325 983 6)
344 944 438 975 Editt.
460 945 582 974 Adam.
608 942 886 979 Rechenbergii
906 950 932 970 a.
956 941 1045 970 1742.
1060 944 1091 969 et
1114 942 1202 970 1756.
1221 941 1249 969 in
1269 939 1448 978 Appendice
1466 940 1589 969 duarum
1602 940 1833 969 novissimarum
1845 939 1940 969 Editt.
1960 939 2150 970 Concordiae
2169 949 2208 969 ex

129 981 139 989 ⁷
194 989 255 1019 Ed.
273 988 466 1027 Chytraeana
488 997 630 1021 recusas;
656 989 688 1023 7)
706 985 798 1015 Editt.
822 982 901 1014 Car.
923 985 1012 1022 Aug.
1036 983 1087 1012 Ha
1098 983 1148 1012 sii
1174 992 1200 1012 a.
1228 984 1318 1012 1827.
1353 984 1443 1012 1837.
1464 986 1495 1012 et
1518 984 1608 1012 1846.
1633 983 1662 1011 in
1686 981 1918 1022 prolegomenis
1940 981 2099 1012 Librorum
2123 991 2205 1021 sym-

194 1031 255 1062 bol.
280 1031 443 1061 Ecclesiae
462 1040 567 1068 evang.
591 1041 608 1058 ‹-
633 1028 710 1058 Coa.
734 1027 865 1056 Dessav.
886 1037 904 1055 a
927 1026 1091 1055 NVebero
1111 1025 1193 1055 edito
1213 1026 1356 1064 repetitas
1378 1024 1435 1054 hac
1458 1025 1581 1064 quidem
1612 1024 1700 1064 lege,
1723 1029 1756 1055 ut
1780 1035 1829 1060 ea,
1853 1035 1932 1065 quae
1956 1024 2082 1055 Codicis
2106 1025 2208 1055 scriba

194 1075 318 1114 probus,
342 1074 396 1102 secl
423 1073 524 1103 idiota.
545 1082 602 1101 non
623 1071 785 1101 intellecta.
806 1069 854 1098 vel
878 1069 996 1098 lacunis
1015 1068 1198 1106 designavit.
1221 1067 1270 1097 vel
1294 1079 1312 1097 e
1336 1079 1393 1097 suo
1418 1068 1538 1106 ingenio
1563 1066 1722 1097 infeliciter
1744 1067 1909 1107 supplevit,
1932 1079 1950 1098 e
1972 1067 2143 1098 Fabricii
2171 1077 2207 1097 ac

194 1116 381 1156 Chytraei
405 1116 634 1145 recensionibus
659 1115 900 1146 restituerentur3
926 1117 959 1149 ὅ)
979 1111 1036 1141 Ed.
1064 1110 1205 1141 Christ.
1233 1110 1334 1140 Guil.
1360 1110 1542 1149 Spiekeri
1567 1122 1592 1139 a.
1623 1112 1714 1140 1830.
1745 1121 1783 1140 ex
1811 1110 1905 1141 Editt.
1935 1110 2209 1149 Recbenbergiana

194 1164 225 1189 et
244 1159 376 1189 Hasiana
396 1159 552 1197 repetitam
572 1162 601 1186 et
621 1167 687 1186 cum
707 1155 913 1186 confessione
932 1155 1112 1193 Augustaua
1131 1155 1262 1192 eiusque
1289 1153 1440 1192 Apologia
1471 1156 1678 1184 coniunctam:
1710 1155 1744 1186 9)
1770 1152 1828 1183 Ed.
1854 1153 1963 1183 Henr.
1993 1154 2083 1193 Aug.
2110 1152 2207 1183 Guil.

194 1202 346 1241 Meyeri
381 1212 407 1230 a.
448 1203 536 1231 1830.
563 1210 600 1229 ex
623 1200 680 1229 Ed.
708 1199 841 1228 Hasinna
864 1207 1002 1227 recusam
1022 1198 1099 1226 inter
1121 1196 1335 1226 Additamenta
1363 1195 1401 1225 ad
1424 1195 1536 1225 Libros
1563 1195 1694 1235 symbol.
1718 1195 1882 1226 Ecclesiae
1903 1195 2047 1232 Luther.;
2073 1198 2125 1235 10)
2147 1195 2207 1226 Ed.

194 1245 292 1275 Frid.
318 1243 500 1274 Franckii
526 1254 552 1273 a.
580 1245 671 1273 1847.
691 1253 718 1271 e.
743 1240 819 1271 cod.
839 1240 971 1270 Dessav.
1000 1250 1017 1269 a
1039 1240 1204 1270 Webero
1224 1239 1306 1269 edito
1326 1248 1465 1269 recusam
1490 1239 1519 1268 in
1549 1238 1729 1279 Appendice
1758 1238 1916 1269 Librorum
1940 1237 2072 1279 symbol.
2100 1237 2209 1269 Eccle-

193 1289 259 1317 siae
281 1287 371 1317 Luth.

348 1329 461 1360 Nostra
484 1339 605 1368 quoque
629 1327 730 1357 Editio
750 1337 787 1356 ex
810 1327 869 1356 hoc
893 1325 1013 1356 Codice
1037 1325 1238 1355 Derum'ensi
1260 1334 1278 1354 a
1301 1324 1466 1353 Webero
1485 1323 1567 1353 edito
1586 1327 1749 1363 repetetur,
1769 1323 1889 1354 collatis
1904 1325 1994 1353 etiam
2013 1323 2209 1354 Editionihus

194 1373 381 1406 Fabricii,
406 1371 609 1411 Chytraei,
630 1371 741 1400 Hasii
763 1374 793 1399 et
812 1369 1008 1403 Franckii‚
1033 1379 1110 1408 quae
1134 1378 1240 1398 omnes
1263 1368 1396 1407 quintam
1416 1366 1571 1396 formulam
1591 1366 1744 1397 exhibent.
1791 1365 1834 1397 Ut
1851 1370 1951 1397 autem
1974 1366 2107 1397 lectores
2131 1367 2209 1406 prio-

193 1426 258 1446 rum
282 1425 402 1455 quoque
427 1414 630 1445 formularum.
650 1416 800 1452 quotquot
818 1416 994 1453 supersunt,
1014 1413 1052 1442 ab
1071 1412 1128 1441 hac
1147 1412 1251 1450 quinta
1273 1411 1480 1440 diversitatem
1503 1409 1704 1449 perspiciant,
1723 1410 1814 1439 etiam
1843 1409 1947 1440 barum
1972 1410 2146 1439 varietatem
2171 1418 2210 1439 ex

193 1458 279 1489 libris
310 1457 512 1489 Cochlaei.
538 1456 624 1486 Chr.
651 1455 791 1486 Gottfr.
820 1454 1006 1485 Muelleri
1036 1459 1066 1485 et
1091 1453 1384 1484 Foerstemanni
1414 1452 1592 1483 adscribam.
1645 1452 1677 1482 ln
1702 1452 1760 1482 hac
1783 1453 1928 1483 varietate
1953 1453 2047 1483 textui
2082 1451 2210 1482 Codicis

194 1501 417 1531 DessavIensis
436 1499 649 1538 subiungenda
668 1498 804 1529 Codices
823 1508 859 1528 ac
881 1497 1049 1528 Edieiones
1068 1497 1155 1527 hisce
1174 1496 1262 1536 siglis
1285 1495 1503 1526 indicabimus:
1528 1499 1557 1533 1)
1578 1495 1667 1526 Dese.
1681 1494 1803 1535 (Codex
1815 1494 2038 1526 Dessaviensis
2057 1505 2074 1525 a
2092 1494 2208 1528 Micb,

193 1544 354 1574 Webero
381 1545 472 1573 1810.
496 1544 545 1572 bis
566 1542 682 1572 editus:
703 1546 735 1577 a)
755 1552 821 1571 cum
842 1539 1049 1571 Confessione
1070 1542 1248 1580 Augustana
1266 1539 1461 1573 coniunctim,
1480 1539 1514 1576 b)
1538 1549 1597 1568 una
1615 1549 1682 1568 cum
1702 1537 1779 1568 cod.
1799 1537 1919 1577 Pflug..
1934 1539 1985 1578 qui
2003 1537 2210 1568 Dessavieusi

194 1596 213 1616 a
231 1587 354 1617 sinistra
377 1587 537 1626 appositus
564 1590 621 1615 est.
666 1584 731 1615 Has
763 1585 840 1614 duas
868 1583 979 1619 Editt.‚
1005 1585 1057 1614 ubi
1082 1582 1317 1623 distinguendae
1341 1585 1428 1616 sunt,
1459 1581 1516 1611 litt.
1541 1592 1570 1611 α.
1591 1585 1622 1611 et
1645 1581 1672 1611 b.
1702 1581 1906 1620 signabimus:
1930 1581 2023 1613 Dm.
2047 1592 2092 1616 a.‚
2116 1580 2210 1611 Dm.

194 1630 255 1668 6.),
286 1631 318 1667 ῖί)
341 1629 426 1659 Μοιι.
451 1627 543 1660 (Cod.
573 1628 770 1658 Monacensis
794 1638 811 1657 a
835 1626 1141 1658 Foerstemanno
1171 1637 1238 1656 cum
1263 1623 1340 1656 cod.
1368 1623 1526 1664 Pssugiauo
1553 1624 1709 1662 collatus),
1737 1626 1770 1661 3)
1788 1623 1893 1663 Pfluy.
1917 1622 2011 1662 (Cod.
2034 1623 2210 1664 Pflugianus
2273 1651 2280 1653 ,

196 1683 214 1702 a
232 1671 315 1702 Chr.
341 1672 474 1701 Gottsr.
504 1671 693 1702 Muellero
720 1671 852 1705 editus),
883 1673 915 1709 4)
941 1669 1047 1711 Chytr.
1077 1669 1194 1709 (Editio
1225 1667 1396 1708 Chytraei),
1418 1670 1451 1700 5)
1477 1667 1584 1698 Cockl.
1615 1666 1778 1704 (Cocblaei
1804 1666 2025 1707 Philippicae),
2058 1669 2091 1703 6)
2118 1666 2211 1696 Febr.

197 1714 314 1753 (Editio
338 1714 498 1753 Fabricii),
530 1717 562 1747 7)
589 1714 722 1745 Franck.
746 1713 862 1751 (Editio
887 1713 1056 1752 Franckiij,
1088 1715 1121 1749 8)
1150 1713 1227 1743 Has.
1253 1711 1368 1750 (Editio
1393 1713 1420 1741 3.
1450 1710 1538 1740 Hasii
1565 1720 1592 1740 a.
1625 1711 1741 1747 1846.).
1771 1708 1832 1739 Ubi
1861 1708 2084 1740 Coelestini
2109 1708 2212 1740 Editio

196 1758 388 1787 memoranda
407 1762 464 1793 est,
477 1757 556 1797 sigla
570 1757 652 1788 Coel.
666 1757 854 1788 indicabitur.
890 1755 1073 1796 Plerumque
1091 1767 1162 1786 vero
1176 1756 1267 1786 huius
1285 1754 1437 1785 Editionis
1462 1753 1573 1783 nullam
1592 1753 1700 1783 faciam
1719 1753 1912 1788 mentionem,
1936 1753 2050 1793 quippe
2072 1752 2154 1792 quod
2171 1761 2212 1782 ex

197 1800 255 1831 Ed.
285 1801 460 1831 Fabriciana
487 1811 596 1831 recusa
619 1805 684 1835 est,
713 1810 784 1839 ergo
815 1800 940 1830 easdem
968 1799 1032 1830 fere
1055 1800 1154 1830 varias
1181 1799 1329 1829 lectiones
1356 1796 1490 1831 exhibet,
1513 1806 1594 1836 quae
1611 1806 1650 1826 ex
1669 1795 1726 1826 bae
1746 1795 1915 1826 afferentur.
