2366 2958
172 200 238 232 619
624 196 734 230 PntL.
757 196 860 229 MEL.
881 197 1069 231 SCRIPTA
1089 197 1360 233 DOGMAthA
1381 199 1438 232 ΕΤ
1461 198 1730 233 SYMssoLtcA.
2114 206 2180 238 620

257 291 342 324 Tota
366 293 420 323 via
449 297 560 323 errant
582 291 637 333 qui
659 291 786 333 fingunt
815 291 981 324 sacrificia
1001 291 1151 324 Leuitiea
1174 302 1178 326 t
1203 299 1367 325 mereatur
1398 293 1447 325 eis
1489 295 1716 326 remissionem
1748 302 1960 336 peccatorum
1994 297 2114 339 culpae
2147 306 2180 332 et

172 345 286 367 coram
309 333 382 366 Deo
407 335 568 366 meruisse
597 335 823 365 remissionem
847 340 1080 375 peccatorum,
1109 335 1151 366 Et
1202 346 1341 377 poenae.
1392 336 1485 367 Haec
1518 338 1627 369 omnia
1648 336 1751 376 falsa,
1781 344 1814 370 et
1837 339 1934 380 impia
1956 346 2053 379 sunt,
2075 352 2180 383 nuper

169 378 234 409 hoc
258 375 411 418 exemplo
445 377 611 408 sacrificia
639 375 903 418 applicandaffl)
938 387 998 418 pro
1020 377 1096 418 alijs
1119 378 1150 408 in
1174 391 1178 425 Ι
1202 380 1244 410 ab
1268 379 1408 410 indoctis
1438 378 1613 411 Monachis
1644 379 1787 412 conficta
1814 387 1847 412 et
1875 383 2018 414 obruunt
2040 382 2180 426 gloriam

168 430 257 452 nouo
282 426 479 450 testamento
503 420 681 461 requirunt,
704 425 836 460 praeter
858 426 996 452 mortem
1016 420 1149 452 Christi.
1174 433 1178 453 ι
1201 422 1368 463 passionis
1393 421 1528 460 Christi,
1553 428 1584 453 et
1609 423 1771 454 iusticiam
1795 423 1881 455 fidei.

169 463 261 494 Haec
285 463 474 503 imaginatio
498 463 690 502 simpliciter
720 463 828 493 obruit
848 463 1000 495 meritum
1020 464 1150 504 passio·
1287 464 1329 495 Et
1352 475 1392 496 ex
1411 465 1462 495 his
1486 466 1654 497 erroribus
1677 465 1790 497 infiniti
1813 465 1868 508 alij
1888 468 1954 498 nati
1972 474 2060 507 sunt,
2079 480 2179 510 quan-

169 507 220 537 nis
244 504 385 543 Christi,
410 512 441 536 et
464 505 626 536 iusticiam
651 505 742 543 fidei,
770 510 802 536 et
825 506 1004 547 corrumpit
1027 507 1149 538 veteris
1202 513 1267 538 tum
1302 506 1426 538 Missae
1459 506 1591 539 valeant
1623 507 1806 549 applicatae
1835 509 1931 541 simul
1965 521 2026 551 pro
2058 511 2180 550 multis,

168 555 199 579 et
222 549 300 579 noui
329 548 514 578 testamenti
539 548 740 585 doctrinam,
769 553 800 578 et
822 558 883 589 pro
906 548 1041 580 Christo
1064 548 1148 580 alios
1201 556 1355 591 quantum
1379 548 1513 581 valeant
1546 551 1700 593 singulae
1722 561 1782 592 pro
1805 551 1957 594 singulis.
2002 553 2180 595 Sophistae

167 591 366 622 mediatores
389 596 420 621 et
451 590 690 631 propiciatores
719 591 816 621 nobis
844 589 946 623 efficit
970 591 1147 623 Pontifices
1171 583 1176 623 l
1200 592 1323 624 habent
1352 593 1539 633 descriptos
1570 594 1695 635 gradus
1717 595 1923 633 meritorum,
1953 597 2039 628 sicut
2062 608 2179 639 argen-

167 640 199 665 et
223 631 430 664 sacrificulos
447 655 456 670 ,
482 633 536 674 qui
559 633 704 674 quotidie
727 634 874 665 vendunt
896 644 1031 676 operam
1055 644 1148 666 suam
1172 629 1175 661 Ι
1202 635 1274 676 tarij
1295 636 1419 677 gradus
1438 637 1622 677 ponderum
1640 637 1673 667 in
1691 646 1774 668 auro
1793 643 1848 668 aut
1867 646 2015 680 argento.
2049 639 2179 671 Deinde

167 677 199 707 in
220 675 360 716 templis,
1172 672 1176 715 Ι
1200 678 1347 709 vendunt
1369 679 1517 713 Missam,
1541 684 1695 721 tanquam
1715 680 1860 720 precium
1879 682 1921 711 ad
1939 682 2180 722 impetrandum

254 731 364 766 Quare
384 731 488 772 Siqffis
503 732 548 762 ita
559 736 819 773 argumentatur,
842 737 998 773 oportere
1013 733 1044 763 in
1058 742 1147 764 nouo
1201 721 1288 771 quod
1307 721 1447 773 quisquc
1469 722 1870 772 cyp-etit,.Mereatoi-ibus
1893 730 1928 754 vt
1951 723 2052 771 foelix
2074 726 2115 756 sit
2127 735 2180 757 ne·

167 780 366 806 testamemo
395 773 586 805 pom-'ficem
617 783 694 805 esse
724 775 778 815 qui
806 785 866 815 pro
895 775 1044 816 peccatis
1070 775 1148 807 offe,
1201 770 1355 805 gociatio.
1388 764 1430 795 ht
1451 763 1663 796 aliamfimta.
1692 765 1864 797 Postremo
1883 766 2087 799 transierunt
2106 778 2179 800 eam

167 823 228 855 rat,
251 823 373 848 tantum
397 816 437 847 de
461 815 594 848 Christo
616 818 864 848 concedendum
889 823 951 848 est.
997 817 1038 848 Et
1061 816 1148 849 hanc

167 859 367 891 solutionem
391 858 565 890 confirmat
593 865 664 890 tota
687 859 838 901 Epistola
861 860 902 891 ad
927 859 1068 891 Ebreos.
1106 860 1149 892 Et

166 903 199 934 id
222 912 362 943 prorsus
386 912 473 933 esset
497 901 581 934 alios
604 903 803 933 mediatores
828 902 1032 934 constituere
1054 913 1148 944 prae-

116 967 125 976 ·
167 952 217 977 ter
241 944 426 983 Christum,
453 945 481 975 si
511 943 609 976 aliam
631 944 892 976 satisfactionem
916 943 1147 986 applicandam

166 999 226 1029 pro
250 988 396 1029 peccatis
419 986 559 1018 aliorum
578 993 608 1018 et
626 987 894 1019 reconciliantem
912 986 1032 1026 Deum,
1052 998 1147 1029 prae-

167 1038 217 1062 ter
258 1037 396 1061 mortem
438 1029 560 1061 Christi
599 1031 851 1072 requireremus.
901 1029 1032 1062 Deinde
1072 1033 1149 1073 quia

165 1073 388 1105 sacerdotium
418 1073 496 1104 noui
530 1074 715 1104 testamenti
743 1078 795 1104 est
816 1073 1030 1104 ministerium
1053 1075 1149 1115 spiri-

168 1122 234 1154 tuS,
256 1122 291 1147 vt
314 1116 411 1147 docet
434 1114 559 1146 Paulus
578 1116 624 1155 .ij.
648 1115 798 1147 Corinth.
824 1117 870 1156 iij.
915 1115 994 1148 ldeo
1016 1117 1148 1149 vnicum

164 1157 265 1190 habet
287 1158 487 1190 sacrificium
509 1157 634 1189 Christi
663 1157 924 1191 satisfactorium
947 1164 980 1189 et
1001 1158 1148 1201 applica-

166 1208 231 1233 tum
264 1211 326 1243 pro
359 1201 505 1243 peccatis
533 1199 693 1239 aliorum,
724 1201 899 1233 Caeterum
929 1199 1019 1233 nulla
1048 1202 1150 1235 babet

164 1244 332 1275 sacrificia
361 1242 480 1275 similia
503 1242 677 1282 LeuiticiS,
706 1254 791 1286 quae
821 1255 863 1275 ex
886 1254 987 1285 opere
1010 1251 1147 1285 operato

164 1285 326 1328 applicari
349 1297 410 1328 pro
433 1285 508 1328 alijs
532 1287 680 1327 possint,
705 1287 766 1318 sed
789 1286 922 1318 exhibet
945 1286 1020 1329 alijs
1039 1287 1147 1319 Euan-

166 1328 312 1372 gelium,
337 1335 369 1361 et
394 1329 624 1368 Sacramenta,
646 1335 682 1360 vt
704 1340 765 1371 per
786 1329 872 1361 haec
896 1330 1085 1372 concipiant
1114 1330 1148 1362 fi-

164 1373 248 1410 dem,
272 1378 304 1403 et
326 1372 476 1414 spiritum
499 1378 664 1411 sanctum,
688 1378 721 1404 et
743 1372 994 1412 mortificentur,
1017 1379 1048 1404 et
1066 1374 1148 1405 viui-

163 1414 320 1453 fieentur,
361 1415 439 1456 quia
478 1415 694 1447 ministerium
727 1416 880 1466 spirituS‚
913 1421 1040 1458 pugnat
1073 1426 1147 1448 cum

162 1456 383 1499 applicatione
411 1457 522 1498 operis
552 1458 691 1499 operati.
736 1457 797 1489 Lst
825 1459 910 1490 enim
933 1459 1147 1491 ministerium

163 1501 314 1542 spiritus,
348 1510 407 1543 per
435 1500 525 1542 quod
556 1501 690 1542 spiritus
719 1507 858 1533 sanctus
890 1499 1010 1533 efficax
1040 1507 1092 1533 est
1113 1503 1147 1533 in

162 1544 339 1582 cordibus,
365 1553 467 1585 quare
492 1543 594 1575 habet
624 1543 690 1575 tale
717 1544 952 1583 ministerium,
981 1544 1070 1586 quod
1103 1545 1147 1576 ita

161 1586 299 1629 prodest.
322 1585 417 1624 ali'S,
450 1596 523 1618 cum
547 1587 579 1617 in
602 1587 650 1617 eis
674 1585 793 1618 efficax
816 1592 886 1625 est,
911 1597 985 1619 cum
1009 1597 1146 1630 regene-

162 1636 212 1661 rat
236 1635 268 1661 et
289 1597 436 1661 viuilicat
463 1638 534 1660 eos.
579 1629 615 1660 ld
647 1639 713 1661 non
742 1629 779 1660 fit
801 1628 1024 1672 applicatione
1047 1630 1146 1662 alieni

161 1672 286 1714 operis,
309 1682 369 1714 pro
392 1670 467 1714 alijs
490 1681 533 1703 ex
555 1681 657 1713 opere
679 1678 829 1714 operato.

247 1727 462 1760 Ostendimus
491 1728 671 1766 rationem,
700 1738 804 1770 quare
826 1727 934 1760 Missa
963 1738 1029 1760 non
1052 1728 1143 1759 iusti-

162 1770 238 1803 ficet
260 1781 300 1802 ex
323 1780 425 1812 opere
447 1776 598 1812 operatu,
621 1781 683 1802 nec
706 1769 872 1813 applicata
894 1781 956 1813 pro
979 1769 1054 1811 alijs
1076 1781 1143 1802 me-

162 1819 274 1846 reatur
296 1814 345 1845 eis
368 1813 610 1851 remissionem,
658 1814 710 1845 uia
728 1821 903 1855 vtrumquc
926 1820 1050 1855 pugnat
1069 1824 1144 1848 cum

161 1857 291 1888 iusticia
327 1856 413 1888 tidei.
469 1855 677 1896 impossibie
709 1862 762 1888 est
793 1857 880 1888 enim
915 1857 1144 1889 remissionem

160 1905 374 1941 peecatorum
408 1899 621 1941 contingere,
653 1899 738 1930 vinci
768 1906 915 1931 terrores
949 1900 1078 1941 peccati
1112 1906 1145 1931 et

160 1943 298 1981 mortis,
328 1940 397 1974 vllo
421 1952 440 1972 o
467 1952 540 1980 ere,
569 1948 625 1973 aut
647 1940 715 1973 vlla
738 1953 791 1981 re,
823 1943 886 1974 nisi
910 1942 974 1974 fide
996 1943 1028 1974 in
1051 1941 1144 1974 Chri-

161 1991 265 2024 stum,
298 1985 389 2016 iuxta
417 1983 437 2015 il
456 1985 515 2022 ud,
550 1983 719 2016 iustificati
749 1995 790 2017 ex
814 1985 879 2016 fide
901 1995 1018 2027 pacem
1041 1985 1142 2017 habe-

161 2038 244 2060 πως.
291 2028 342 2059 Ad
371 2026 455 2058 haec
478 2028 683 2059 ostendimus
707 2029 891 2070 scripturas
918 2038 1003 2070 quae
1028 2034 1144 2060 contra

160 2081 222 2102 nos
247 2071 388 2102 citantur
410 2071 538 2102 minime
561 2071 761 2111 patrocinari
784 2071 901 2113 impiae
925 2071 1069 2113 opinioni
1085 2072 1142 2102 ad—

160 2114 384 2145 uersariorum
429 2113 471 2144 de
511 2123 612 2154 opere
646 2121 795 2155 operato.
854 2114 955 2155 idque
997 2115 1143 2146 iudicare

161 2166 277 2187 omnes
318 2156 394 2188 boni
442 2155 502 2187 viri
543 2157 630 2198 apud
675 2167 790 2188 omnes
831 2163 950 2199 gentes
989 2163 1141 2198 possunt.

161 2200 273 2234 Quare
295 2199 517 2242 repudiandus
545 2205 596 2230 est
626 2210 719 2230 error
741 2199 908 2238 Thomae,
930 2200 984 2242 qui
1008 2200 1142 2241 scripsit

161 2252 283 2283 corpus
319 2241 451 2273 Domini
479 2241 583 2273 semel
617 2241 764 2274 oblatum
799 2243 831 2274 in
855 2253 972 2281 cruce,
1001 2254 1062 2284 pro
1087 2243 1142 2274 de·

161 2285 229 2316 bito
263 2285 310 2316 ori
338 2283 434 2323 inuli,
464 2285 583 2326 iugiter
616 2285 726 2316 offerri
756 2296 817 2326 pro
865 2286 1040 2317 uotidianis
1064 2284 1140 2317 deli-

164 2328 226 2358 ctis
247 2328 276 2358 in
302 2338 319 2358 a
336 2328 407 2365 tari,
431 2334 465 2358 vt
489 2326 609 2359 haheat
637 2328 669 2359 in
694 2327 758 2359 hoc
784 2296 935 2360 Eccflesta
957 2339 1076 2361 munus
1099 2329 1142 2360 ad

162 2369 359 2412 placandum
381 2371 443 2401 sibi
467 2369 584 2402 Deum.
632 2370 680 2402 Re
706 2371 836 2403 udiandi
863 2377 941 2402 sunt
970 2377 1001 2403 et
1025 2370 1142 2413 reliqui

162 2423 352 2445 communes
380 2424 531 2452 errores,
563 2414 651 2455 quod
680 2381 786 2445 Klissa
818 2413 970 2446 conferat
1003 2415 1142 2456 gratiam

162 2466 204 2487 ex
239 2467 340 2497 opere
374 2463 510 2498 operato
545 2456 686 2488 facienti.
744 2457 823 2489 ltem
857 2457 944 2499 quod
975 2457 1142 2500 applicata

162 2509 223 2540 pro
255 2499 332 2541 alijs
367 2501 463 2531 etiam
503 2500 632 2531 iniustis
667 2510 732 2531 non
768 2501 967 2542 ponentibus
1001 2502 1141 2539 obicem,

163 2654 210 2684 ⁸1)
229 2653 391 2686 applicanda]
412 2654 458 2678 Ed.
480 2657 518 2678 J:
539 2656 693 2687 appe-umd-

1201 812 1234 837 et
1257 806 1301 837 ad
1323 812 1487 847 mortuos,
1510 807 1652 839 liberant
1675 809 1801 839 animas
1825 808 2046 849 applicatione
2068 820 2181 842 sacra·

1200 849 1312 886 menti,
1333 859 1354 880 a
1376 851 1493 889 poeuis
1516 851 1711 893 purgator-ij,
1735 861 1810 882 eum
1832 852 1904 882 sine
1926 851 1991 883 fide
2013 862 2075 884 nec
2094 853 2180 885 vinis

1200 890 1308 922 Missa
1335 893 1451 932 prosit.
1501 892 1618 934 Neque
1645 903 1688 924 ex
1716 894 1891 934 scripturis
1919 895 2102 937 aduersarij
2131 894 2181 927 af-

1201 933 1307 971 ferre,
1337 931 1392 964 vel
1420 944 1518 965 vnam
1540 934 1704 977 syllabam
1727 943 1868 977 possunt
1890 938 1932 968 ad
1954 936 2181 970 defensionem

1202 977 1338 1008 istarum
1367 975 1555 1008 fabularum
1585 987 1668 1019 quas
1698 979 1730 1009 in
1758 978 1913 1011 Ecclesia
1941 991 2060 1022 magna
2090 988 2180 1013 auto-

1201 1020 1298 1050 ritate
1327 1019 1466 1057 docent,
1495 1019 1612 1061 Neque
1634 1019 1807 1053 Ecclesiae
1829 1023 1965 1060 veteris,
1989 1033 2096 1066 neque
2119 1023 2181 1056 Pa-

1201 1067 1287 1094 trum
1309 1062 1498 1094 testimonia
1520 1061 1655 1095 habent.

1245 1197 1368 1235 QVID
1391 1197 1999 1273 ΡΑΤΗΕδδΙέῙῗῃδΝΑΤΟΒΙῈΙΰΙΟ
2023 1200 2132 1232 SEN-

1286 1326 1328 1357 Et
1355 1327 1510 1368 quoniam
1539 1325 1616 1359 loca
1639 1326 1832 1369 Scripturae
1862 1339 1949 1370 quae
1976 1334 2094 1361 eontra
2118 1339 2181 1361 nos

1200 1369 1342 1401 citantur
1369 1368 1626 1411 explicauimus‚
1660 1370 1701 1402 de
1735 1370 1887 1403 Patribus
1917 1373 2013 1404 etiam
2046 1381 2182 1414 respon·

1200 1412 1342 1444 dendum
1372 1418 1433 1444 est.
1485 1412 1561 1444 Non
1589 1413 1781 1455 ignoramus
1810 1414 1948 1446 Missam
1976 1425 1996 1446 a
2027 1413 2182 1446 Patribus

1199 1453 1361 1496 appellari
1395 1455 1613 1493 sacrificium,
1647 1456 1709 1487 sed
1737 1455 1770 1487 hi
1799 1467 1864 1488 non
1888 1457 1953 1490 hoe
1968 1459 2024 1497 ⁸²)
2055 1456 2182 1496 volunt,

1200 1497 1338 1529 Missam
1360 1507 1402 1529 ex
1425 1507 1528 1539 opere
1548 1504 1698 1539 operato,
1722 1497 1877 1531 conferre
1898 1500 2051 1542 gratiam,
2075 1507 2108 1532 et
2125 1510 2182 1542 ap·

1199 1539 1354 1581 plicatam
1382 1550 1444 1582 pro
1471 1539 1547 1582 alijs
1574 1543 1696 1574 mereri
1729 1542 1778 1573 eis
1807 1543 2035 1574 remissionem
2063 1553 2182 1583 pecca-

1198 1589 1305 1615 torum
1334 1582 1452 1624 culpae
1480 1589 1513 1614 et
1540 1588 1689 1624 poenae:
1731 1583 1797 1615 Vbi
1824 1583 1980 1627 leguntur
2002 1583 2086 1617 haec
2107 1595 2184 1627 por-

1169 1602 1175 1674 Ι
1198 1632 1288 1657 tenta
1311 1626 1488 1657 verborum
1510 1626 1598 1667 apud
1621 1625 1759 1661 Patres?
1798 1628 1859 1659 sed
1882 1634 1997 1668 aperte
2019 1634 2184 1660 testantur

1169 1677 1236 1712 'se
1271 1668 1313 1699 de
1347 1669 1528 1710 gratiarum
1555 1669 1686 1701 actione
1725 1667 1824 1711 loqui.
1882 1669 2026 1712 ideoque
2059 1677 2183 1703 vocant

1199 1710 1402 1752 εὐχαριστίαν.
1445 1711 1597 1743 Diximus
1620 1717 1727 1743 autem
1750 1723 1852 1754 supra
1874 1713 2074 1745 sacrificium
2096 1713 2181 1753 εὔχα-

1198 1753 1329 1795 ρισιικόν
1362 1764 1428 1785 non
1462 1755 1582 1786 mereri
1615 1754 1933 1794 reconciliationem,
1966 1757 2027 1788 sed
2061 1755 2132 1788 fieri
2159 1766 2182 1789 a

1198 1796 1434 1835 reconciliatis,
1457 1797 1544 1829 sicut
1566 1796 1766 1830 afflictiones
1790 1809 1855 1830 non
1875 1805 2045 1830 merentur
2062 1809 2182 1831 recon-

1199 1839 1414 1879 ciliationem,
1455 1840 1515 1871 sed
1553 1846 1631 1872 tunc
1666 1847 1743 1872 sunt
1776 1841 1939 1873 sacrificia
1973 1841 2179 1882 εὖχαρκπικά,

1199 1883 1330 1924 quando
1352 1883 1570 1922 reconciliati,
1594 1888 1758 1916 sustinent
1779 1894 1849 1915 eas.
1894 1884 1935 1915 Et
1958 1883 2024 1915 hoc
2043 1894 2181 1926 respon·

1197 1935 1271 1958 sum
1300 1927 1333 1957 in
1364 1935 1488 1967 genere
1515 1926 1557 1957 ad
1580 1926 1715 1958 Patrum
1745 1927 1849 1964 dicta,
1879 1927 1962 1958 satis
1986 1933 2095 1958 tuetur
2116 1936 2180 1959 nos

1198 1975 1316 2000 contra
1336 1969 1560 2000 aduersarios.
1605 1968 1739 2001 Certum
1762 1976 1814 2001 est
1837 1970 1922 2001 enim
1945 1968 2001 2001 illa
2024 1969 2181 2011 figmenta

1197 2012 1238 2043 de
1271 2012 1386 2043 merito
1427 2012 1538 2053 operis
1575 2012 1701 2052 operati
1734 2022 1896 2054 nusquam
1937 2019 2051 2044 extare
2090 2013 2179 2053 apud

1197 2054 1326 2087 Patres.
1371 2055 1438 2087 Sed
1468 2059 1503 2086 vt
1531 2060 1600 2085 tota
1624 2065 1726 2087 musa
1755 2056 1861 2097 magis
1890 2055 2035 2097 perspici
2059 2056 2179 2097 possit,

1196 2099 1343 2129 dicemus
1366 2103 1398 2129 et
1420 2107 1482 2129 nos
1506 2098 1547 2129 de
1571 2108 1633 2129 vsu
1656 2098 1867 2135 sacramenti,
1890 2108 1930 2130 ea
1948 2108 2033 2140 quae
2053 2104 2178 2131 certum

1196 2146 1247 2172 est
1271 2146 1497 2179 consentanea
1519 2150 1596 2172 esse
1615 2139 1769 2173 Patribus
1793 2147 1825 2173 et
1847 2141 2048 2183 Scripturae·

1224 2275 1284 2307 DE
1308 2275 1410 2306 VSV
1433 2275 1786 2351 SACRAlzllssgigl.
1810 2276 1870 2307 ET
1894 2276 1956 2307 DE
1980 2275 2145 2307 sacm-

1282 2403 1420 2440 Quidnm
1450 2403 1528 2437 belli
1551 2405 1701 2437 homines
1726 2405 1853 2448 tingunt
1881 2415 2018 2437 coenam
2042 2404 2175 2439 Domini

1196 2448 1377 2480 institutam
1407 2458 1485 2480 csse
1514 2454 1648 2491 propter
1672 2451 1755 2481 duas
1780 2458 1910 2480 causas.
1957 2449 2118 2487 Primum,
2140 2455 2175 2481 vt

1195 2492 1237 2523 sit
1270 2498 1349 2523 nota
1382 2497 1414 2523 et
1448 2492 1668 2524 testimonium
1696 2490 1935 2535 professionis,
1968 2492 2054 2524 sicut
2084 2497 2175 2524 certa

1196 2656 1242 2686 w)
1261 2655 1322 2687 hoo]
1341 2656 1367 2679 n'n
1385 2655 1466 2679 sunt.
1486 2657 1560 2679 2-4.
1581 2655 1654 2680 dud,
