2366 2958
125 173 190 206 509
474 173 513 205 11.
556 172 789 205 APOLOGIA
810 172 1131 206 CONFESSlONlS
1153 172 1465 206 AUGUSTANAE.
1511 172 1550 204 B.
1594 172 1781 205 ALTERA.
2063 175 2129 207 510

126 277 196 299 non
217 273 358 308 possunt
378 276 501 308 pacare
523 266 780 306 conscientiam,
809 274 844 298 vt
871 277 973 309 supra
1001 276 1103 308 saepe
1242 266 1308 297 Sed
1330 266 1384 297 hic
1407 265 1587 298 reclamant
1610 267 1813 309 aduersarij,
1838 269 1936 299 vitam
1960 275 2127 300 aeternam

128 310 326 342 dictumest.
360 309 401 340 Et
414 309 500 341 haec
518 308 602 340 fides
625 308 705 340 facit
729 310 908 341 discrimen
931 311 1015 341 inter
1037 309 1101 340 hos
1157 309 1272 340 vocari
1295 309 1498 347 mercedem,
1527 319 1628 350 quare
1657 320 1796 342 necesse
1825 311 1866 341 sit
1893 321 1964 342 eam
1988 312 2027 342 de
2051 322 2129 343 con-

128 353 249 394 quibus
279 353 439 393 contingit
470 351 582 389 salus,
616 359 647 382 et
677 350 752 383 illos
783 353 902 394 quibus
931 363 997 383 non
1027 362 1104 383 eon·
1157 351 1257 392 digno
1281 352 1410 390 mereri,
1440 361 1500 392 per
1529 354 1615 383 bona
1647 363 1759 393 opera.
1804 353 1953 384 Breuiter
1977 360 2010 385 et.
2031 353 2129 394 plane

127 397 235 437 tingit,
259 395 356 426 Fides
375 393 454 426 facit
475 395 651 426 discrimen
663 395 748 425 inter
760 396 878 437 dignos
893 395 1104 436 etindignoS,
1157 394 1416 434 respondemus,
1445 393 1569 425 Paulus
1599 394 1713 426 Roma.
1738 397 1781 427 vi.
1830 396 1937 427 Vitam
1961 403 2129 428 aeternam

129 439 206 480 quia
236 438 303 468 vita
335 445 470 469 aeterna
503 438 669 478 promissa
704 444 755 468 est
784 437 988 475 iustificatis,
1020 436 1104 468 fides
1131 443 1134 478 j
1158 437 1279 467 donum
1303 435 1459 476 appellat,
1482 438 1556 477 quia
1579 438 1698 469 donata
1717 439 1857 476 iusticia,
1880 446 2017 480 propter
2036 439 2129 470 Chri-

127 487 237 512 autem
255 479 422 512 iustificat.
1131 493 1135 522 1
1158 485 1257 515 stum,
1280 477 1376 509 simul
1399 477 1558 510 efficimur
1581 479 1637 521 filij
1660 480 1719 511 Dei
1744 487 1775 512 et
1798 481 1980 513 coheredes
1995 481 2129 520 Christi,

1132 521 1253 559 {Sicut
1281 521 1326 551 ait
1355 520 1528 553 lohannes,
1575 522 1637 557 Qui
1672 525 1775 555 credit
1809 525 1840 554 in
1876 524 1995 562 filium,
2030 524 2129 555 habet

216 565 284 596 Sed
312 564 367 596 hic
396 565 513 596 iterum
541 564 755 596 clamitabunt
789 564 992 605 aduersarij,
1026 563 1106 594 nihil
1133 576 1134 579 ¹
1158 565 1258 595 vitam
1289 570 1467 594 aeternam.
1513 564 1553 595 Et
1584 565 1789 607 Augustinus
1823 568 1945 609 inquit,
1975 574 2007 598 et
2042 567 2130 598 hunc

129 618 214 650 opus
237 617 315 639 esse
337 608 434 638 bonis
459 608 633 647 operibus,
664 608 692 637 si
723 617 788 637 non
813 613 979 638 merentur
1006 607 1105 638 vitam
1132 586 1135 640 1
1159 607 1262 637 secuti
1286 604 1340 647 alij
1366 604 1457 636 multi
1476 607 1560 637 idem
1585 609 1746 640 dixerunt.
1792 609 1887 641 Dona
1911 621 1971 641 sua
1992 617 2131 642 coronat

132 657 314 683 aeternam.
350 650 419 681 Has
444 649 626 681 calumnias
649 659 749 690 supra
774 648 1002 680 refutauimus.
1039 650 1106 680 lmo
1158 648 1252 680 Deus
1275 649 1306 680 in
1331 649 1439 679 nobis.
1487 648 1573 680 Alibi
1597 661 1678 682 vero
1707 653 1865 693 scriptum
1896 660 1965 690 est,
1996 652 2130 684 Merces

131 703 212 725 vcro
235 702 377 724 necesse
400 699 450 723 ..st
474 694 558 723 bene
582 692 730 733 operari,
754 691 943 723 lustificatis
967 692 1106 723 dicimus
1158 698 1271 723 vestra
1305 692 1444 732 copiosa
1479 693 1539 723 erit
1572 694 1604 723 in
1639 694 1753 725 coelis.
1799 695 1891 726 llaec
1920 696 1948 725 si
1980 696 2131 727 videntur

131 736 329 778 promissam
363 745 439 766 esse
472 736 571 766 vitam
604 740 783 766 aeternam.
838 735 883 765 At
911 744 973 765 nee
998 735 1105 769 iidem,
1131 708 1135 780 Ι
1158 735 1361 775 aduersarijs
1392 744 1556 776 pugnare,
1587 736 1649 776 ipsi
1679 738 1863 777 expediant.
1920 738 1986 769 Sed
2015 749 2129 779 parum

131 789 195 810 nec
218 779 380 809 iusticiam
403 779 542 809 retinent
564 776 628 815 illi,
658 777 712 819 qni
736 776 905 808 ambulant
924 778 1107 809 seeundum
1158 778 1253 818 aequi
1277 777 1401 808 iudices
1426 783 1521 815 sunt,
1546 788 1619 808 nam
1644 779 1719 810 doni
1744 779 1944 811 vocabulum
1969 783 2130 819 omittunt,

132 830 277 854 carnem.
324 822 400 852 ldeo
423 820 654 857 iustificamur,
678 827 712 850 vt
737 820 831 857 iusti,
855 821 938 851 bene
962 821 1104 860 operari,
1130 833 1134 853 1
1158 821 1307 851 omittunt
1328 826 1358 851 et
1384 818 1492 851 fontes
1516 821 1616 851 totius
1639 823 1790 863 negocij,
1813 830 1843 853 et
1868 831 2047 864 excerpunt
2073 834 2129 854 vo-

131 870 164 895 ct
188 864 325 895 obedire
344 862 409 905 legi
427 862 490 893 Dei
514 863 718 903 incipiamus.
760 862 837 893 ldeo
859 873 1106 904 regeneramur,
1158 861 1312 894 cabulum
1331 863 1506 899 mercedis.
1529 863 1626 904 idque
1639 866 1852 896 acerbissime
1865 866 2129 906 interpretantur,

131 912 164 938 et
189 907 340 947 spiritum
363 912 515 937 sanctum
537 905 728 946 accipimuS,
751 911 785 936 vt
807 916 893 936 noua
907 907 971 936 vita
986 905 1105 936 habeat
1131 927 1134 937 .
1157 917 1223 937 non
1259 904 1365 936 solum
1401 912 1516 936 contra
1550 907 1764 947 scripturam,
1799 909 1858 938 sed
1888 909 1982 939 etiam
2013 917 2129 940 eontra

129 959 219 980 noua
242 959 365 989 opera,
394 958 503 979 nouos
527 947 686 985 affectus,
709 950 875 986 timorem,
898 947 1105 979 dilectionem
1127 944 1131 963 '
1157 949 1321 980 sermonis
1345 949 1627 979 consuetudinem.
1673 951 1757 981 Hine
1781 951 2033 989 ratiocinantur,
2054 953 2129 993 quia

129 991 210 1029 Dei,
247 988 356 1022 odium
391 990 681 1031 concupiscentiae
705 997 768 1021 etc.
824 991 916 1022 Haec
952 990 1033 1021 fides
1064 992 1104 1021 de
1156 1001 1286 1023 merces
1310 992 1512 1028 nominatur,
1541 993 1640 1033 igitur
1668 1003 1768 1034 opera
1799 1000 1913 1025 nostra
1944 1001 2020 1025 sunt
2045 995 2130 1025 eius-

130 1043 196 1076 qua
219 1033 382 1075 loquimur
405 1033 516 1064 existit
538 1033 569 1063 in
592 1034 804 1074 poenitentia.
850 1033 891 1064 Et
915 1035 998 1064 inter
1017 1035 1103 1064 bona
1127 1034 1131 1052 ¹
1157 1035 1255 1071 modi,
1279 1043 1364 1075 quae
1383 1034 1524 1065 debeant
1549 1045 1625 1065 esse
1645 1037 1802 1075 precium,
1826 1047 1886 1077 pro
1907 1047 1971 1078 quo
1991 1037 2130 1068 debetur

129 1086 250 1118 opera,
287 1077 371 1107 inter
401 1076 599 1106 tenta⁴i0nes
630 1082 663 1106 et
687 1075 836 1116 pericula
860 1076 1048 1107 confirmari
1072 1082 1105 1107 et
1158 1079 1223 1108 vita
1259 1083 1403 1107 aeterna.
1473 1076 1556 1108 Sunt
1590 1078 1689 1119 igitur
1725 1079 1822 1120 digna
1857 1080 1962 1121 gratia
1997 1085 2028 1110 et
2063 1081 2131 1110 vita

130 1128 285 1152 crescere
309 1119 425 1155 debet,
460 1125 495 1149 w
527 1119 668 1149 subinde
697 1119 819 1150 certius
843 1120 931 1160 apud
955 1130 1016 1150 nos
1038 1125 1104 1150 sta·
1156 1127 1310 1157 aeterna,
1339 1129 1402 1149 nce
1426 1119 1572 1161 indigent
1596 1121 1838 1159 misericordia,
1867 1129 1922 1153 aut
1951 1123 2131 1153 mediatore

128 1167 273 1199 tuamuS,
292 1161 381 1202 quod
401 1161 494 1192 Deus
514 1168 650 1202 propter
669 1161 835 1193 Christum
856 1163 1009 1202 respiciat
1029 1172 1104 1198 nos,
1157 1162 1310 1199 Christo,
1333 1168 1389 1193 aut
1413 1162 1493 1199 lide,
1518 1162 1619 1194 Plane
1642 1174 1730 1195 noua
1753 1172 1803 1195 est
1829 1165 1913 1196 haec
1937 1164 2131 1204 Dialectica,

129 1204 283 1245 ignoscat
307 1205 416 1241 nobis,
438 1205 592 1235 exaudiat
617 1214 689 1235 nos.
726 1204 818 1235 Haec
842 1215 906 1236 non
932 1205 1104 1235 discuntur
1128 1194 1131 1242 Ι
1156 1203 1354 1236 vocabulum
1377 1205 1525 1236 audimus
1549 1207 1724 1244 mercedis,
1746 1208 1845 1248 igitur
1869 1206 1947 1238 nihil
1971 1218 2054 1249 opus
2079 1215 2129 1239 est

128 1248 203 1277 sine
232 1247 360 1288 magnis
391 1253 423 1277 et
453 1246 565 1277 multis
597 1248 847 1285 certaminibus,
884 1248 1024 1282 Quoties
1054 1256 1105 1277 re·
1128 1252 1131 1295 f
1156 1248 1341 1278 mediatore
1365 1246 1519 1285 Christo,
1549 1256 1605 1279 aut
1636 1249 1700 1280 fide
1723 1249 1866 1281 habente
1888 1261 2062 1282 accessum
2086 1252 2129 1282 ad

129 1289 233 1321 currit
256 1289 478 1326 conscientia,
501 1289 633 1330 quoties
657 1288 814 1320 sollicitat
837 1291 880 1321 ad
903 1290 1104 1330 desperatio·
1128 1299 1131 1307 ⁴
1156 1289 1264 1321 Deum
1287 1296 1421 1330 propter
1434 1289 1608 1331 Christum,
1632 1303 1696 1322 non
1721 1299 1858 1334 propter
1881 1303 1981 1334 opera
2001 1300 2129 1325 nostra.

126 1342 219 1369 nem,
248 1342 320 1363 cum
345 1332 506 1369 ostendit,
534 1338 590 1362 aut
613 1337 726 1363 vetera
749 1339 902 1372 peccata,
925 1339 980 1363 aut
1003 1342 1103 1369 noua,
1127 1324 1131 1362 1
1158 1332 1238 1367 Quis
1269 1343 1334 1363 non
1363 1333 1450 1363 videt
1485 1334 1569 1365 haec
1603 1345 1681 1366 esse
1715 1335 1924 1371 ἀνακόλουθα,
1960 1336 2029 1367 Nos
2064 1347 2129 1368 non

126 1379 184 1404 aut
206 1374 448 1405 immundiciem
470 1380 619 1405 naturae.
660 1374 733 1406 Hoc
758 1374 1016 1416 chirographum
1038 1384 1104 1405 non
1156 1376 1301 1406 rixamur
1325 1376 1366 1406 de
1389 1376 1554 1407 vocabulo
1579 1378 1754 1410 mercedis.
1805 1378 1857 1410 De
1880 1379 1944 1409 hac
1966 1389 2002 1410 rc
2025 1378 2130 1421 litiga-

126 1415 256 1448 deletur
279 1417 351 1447 sine
373 1426 494 1457 magno
517 1427 639 1458 agone,
662 1418 716 1448 vbi
737 1423 877 1448 testatur
888 1418 1104 1458 experientia,
1157 1428 1248 1455 mus,
1270 1417 1388 1449 Vtrum
1412 1419 1499 1450 bona
1522 1430 1640 1461 opera,
1673 1431 1732 1461 per
1754 1431 1792 1452 se
1815 1422 1880 1452 sint
1904 1422 2002 1463 digna
2024 1422 2130 1463 gratia

126 1469 224 1501 quam
248 1457 393 1490 difficilis
416 1469 471 1490 res
495 1459 538 1490 sit
561 1460 657 1491 fides.
692 1459 733 1490 Et
756 1460 831 1490 dum
849 1460 935 1490 inter
958 1465 1104 1491 terrores
1157 1467 1188 1492 et
1211 1461 1279 1492 vita
1301 1467 1452 1498 aeterna,
1480 1472 1520 1492 an
1551 1473 1631 1494 vero
1661 1463 1815 1504 placeant
1844 1470 1967 1496 tantum
1994 1472 2131 1505 propter

125 1502 283 1544 erigimur
303 1508 335 1533 et
363 1501 626 1534 consolationem
656 1503 880 1543 concipimus,
911 1501 1008 1534 simul
1034 1512 1104 1533 ere·
1156 1503 1254 1534 fidem
1279 1513 1365 1543 quae
1388 1504 1605 1545 apprehendit
1623 1507 1832 1538 mediatorem
1848 1507 2026 1539 Christum.
2063 1508 2130 1539 Ad-

126 1551 224 1576 scnnt
250 1543 306 1586 alij
335 1551 445 1576 motus
471 1544 673 1585 spirituales.
730 1545 860 1577 Noticia
891 1545 972 1583 Dei,
1007 1546 1105 1576 timor
1155 1546 1294 1587 uersarij
1324 1548 1429 1577 nostri
1458 1557 1523 1578 non
1553 1547 1660 1579 solum
1691 1549 1755 1580 hoc
1783 1551 1929 1581 tribuunt
1960 1551 2129 1591 operibuS,

125 1586 202 1626 Dei,
226 1597 318 1628 spes,
341 1586 472 1619 dileetio
492 1587 568 1624 Dei,
587 1593 619 1619 et
637 1598 885 1629 regeneramur,
909 1593 944 1618 vt
963 1588 1008 1619 ait
1021 1587 1104 1619 Pau-
1157 1589 1247 1630 quod
1270 1589 1335 1620 sint
1359 1590 1457 1630 digna
1479 1591 1585 1631 gratia
1609 1598 1639 1622 et
1662 1593 1728 1622 vita
1751 1598 1898 1630 aeterna,
1922 1594 1981 1624 sed
2001 1593 2130 1635 fingunt

125 1628 192 1667 lus,
214 1631 257 1661 ad
275 1631 475 1671 agnitionem
492 1629 570 1667 Dei,
594 1636 626 1661 et
641 1631 806 1662 intuentes
820 1629 958 1671 gloriam
971 1629 1102 1661 Domini
1156 1632 1272 1670 etiam,
1307 1633 1396 1673 quod
1425 1633 1540 1664 merita
1571 1635 1739 1675 supersint
1769 1636 1848 1673 sibi,
1883 1646 1969 1677 quae
2003 1637 2130 1667 donare

125 1671 401 1704 transformamur
422 1673 453 1703 in
479 1673 618 1704 eandem
641 1674 828 1714 imaginem,
851 1673 885 1704 id
908 1679 970 1711 est,
996 1673 1104 1705 conei—
1127 1685 1131 1724 ι
1155 1673 1249 1715 alijs,
1281 1680 1312 1705 et
1340 1675 1521 1708 iustificare
1543 1675 1627 1707 alios
1653 1684 1791 1718 queant,
1821 1684 1856 1708 vt
1878 1689 1950 1710 cum
1974 1678 2130 1710 Monachi

124 1715 232 1757 pimus
255 1725 367 1747 veram
390 1716 545 1746 noticiam
566 1715 638 1749 Dei,
661 1722 696 1746 vt
718 1726 797 1746 vere
820 1716 993 1747 timeamus
1017 1726 1102 1754 eum,
1156 1727 1291 1748 suorum
1321 1718 1471 1750 ordinum
1500 1719 1615 1750 merita
1643 1722 1787 1752 vendunt
1817 1719 1908 1763 alijs,
1940 1721 2031 1753 Haec
2054 1732 2130 1763 por-

124 1768 205 1789 vcre
227 1758 434 1789 confidamus
464 1768 525 1788 nos
550 1758 689 1798 respici,
718 1768 781 1789 nos
808 1759 966 1789 exaudiri.
1013 1758 1104 1790 Haec
1127 1730 1132 1800 1
1157 1764 1246 1790 tenta
1270 1759 1479 1801 Chrysippeo
1503 1772 1594 1793 more
1618 1772 1839 1801 coaceruant,
1870 1765 1933 1795 hac
1957 1775 2021 1795 vna
2045 1774 2130 1795 voce

127 1801 336 1842 regeneratio
359 1806 411 1831 est
434 1801 528 1842 quasi
552 1800 718 1832 inchoatio
748 1807 905 1832 aeternae
934 1802 1041 1838 vitae,
1069 1808 1104 1832 vt
1128 1803 1131 1846 Ι
1155 1802 1317 1833 mercedis
1341 1804 1463 1834 audita.
1509 1803 1642 1835 Merces
1673 1805 1875 1846 appellatur,
1906 1808 2007 1849 igitur
2029 1807 2129 1838 habe-

128 1842 255 1875 Paulus
278 1844 333 1874 ait.
370 1842 406 1874 Si
425 1843 580 1874 Christus
600 1844 631 1874 in
654 1844 750 1874 vobis
773 1850 834 1881 est,
857 1845 991 1885 spiritus
1014 1844 1105 1882 vtutt,
1155 1853 1229 1875 mus
1256 1855 1375 1885 opera,
1405 1856 1490 1887 quae
1520 1853 1595 1878 sunt
1626 1849 1788 1889 precium,
1816 1859 1876 1890 pro
1901 1860 1966 1891 quo
1991 1851 2129 1881 debetur

127 1896 250 1927 corpus
272 1891 379 1917 autem
403 1893 566 1917 mortuum
590 1893 641 1917 est
664 1892 725 1917 etc.
762 1887 805 1918 Et
817 1887 1103 1927 superinduemur,
1155 1897 1298 1925 merceS,
1323 1887 1425 1929 lgitur
1447 1899 1549 1930 opera
1572 1900 1632 1931 per
1655 1901 1743 1929 sese,
1767 1902 1833 1922 non
1854 1901 1990 1933 propter
2009 1893 2128 1923 media-

127 1930 155 1960 si
180 1935 289 1959 tamen
313 1929 426 1963 induti,
450 1939 517 1959 non
540 1929 619 1960 nudi
642 1930 855 1970 reperiemur,
878 1929 928 1960 Ex
951 1928 1002 1960 his
1025 1930 1104 1960 iudi·
1154 1936 1259 1961 torem
1284 1930 1451 1962 Christum
1474 1931 1616 1973 placent.
1664 1933 1703 1964 Et
1735 1944 1807 1966 cum
1837 1933 1921 1965 alius
1945 1934 2010 1966 alio
2034 1934 2128 1976 plura

127 1981 206 2004 care
232 1972 392 2003 candidus
416 1970 522 2002 lector
544 1978 668 2012 potest,
690 1982 752 2003 nos
775 1973 915 2003 maxime
936 1973 1104 2013 requirere
1155 1971 1275 2004 habeat
1298 1974 1431 2012 merita,
1455 1974 1772 2017 Igitur-quibusdam
1798 1985 1977 2018 supersunt
2001 1979 2126 2009 merita.

125 2015 215 2046 bona
241 2024 353 2055 opera,
376 2014 537 2055 siquidem
561 2013 648 2045 hanc
670 2014 767 2046 fidem
793 2015 949 2046 docemus
972 2016 1002 2045 in
1026 2024 1103 2056 poe·
1155 2015 1195 2046 Et
1218 2015 1303 2047 haee
1326 2017 1440 2048 merita
1464 2018 1588 2049 donare
1611 2018 1685 2060 alijs
1708 2027 1867 2060 possunt,
1896 2021 1949 2051 isti
1979 2023 2031 2061 qui
2061 2031 2126 2052 me-

123 2057 262 2088 nitentia
292 2056 452 2092 existere,
486 2063 520 2087 et
555 2057 677 2088 debere
711 2058 851 2089 subinde
886 2067 1039 2089 crescere
1069 2058 1101 2088 in
1154 2065 1279 2096 rentur,
1303 2058 1402 2090 Mane
1426 2058 1543 2098 lector,
1565 2063 1710 2093 nondum
1733 2061 1837 2093 habes
1861 2068 1962 2094 totum
1982 2064 2124 2094 Soriten.

124 2100 338 2141 poenitentia,
362 2099 403 2130 Et
426 2099 458 2130 in
481 2098 533 2130 his
558 2101 659 2131 rebus
682 2099 921 2141 perfectionem
941 2100 1100 2132 Christia-
1125 2088 1129 2139 l
1154 2101 1315 2132 Addenda
1338 2109 1415 2133 sunt
1439 2104 1523 2134 enim
1547 2110 1637 2135 certa
1664 2111 1871 2137 sacramenta
1900 2105 1996 2137 huius
2025 2107 2126 2137 dona·

123 2153 216 2180 nam,
251 2148 283 2173 et
315 2140 518 2183 spiritualem
553 2143 723 2182 ponimus,
759 2143 794 2174 Si
827 2142 924 2174 simul
948 2150 1100 2174 crescant
1153 2145 1264 2181 tionis,
1288 2146 1426 2176 mortuis
1450 2146 1593 2178 induitur
1617 2146 1768 2179 cucullus
1792 2155 1854 2179 etc.
1889 2147 2023 2179 Talibus
2049 2160 2125 2180 coa-

123 2185 342 2227 poenitentia,
373 2191 405 2215 et
434 2184 517 2215 fides
546 2185 578 2215 in
603 2186 818 2226 poenitentia,
851 2186 941 2217 Haec
964 2185 1100 2227 intelligi
1154 2188 1399 2218 ceruationibus
1432 2188 1624 2221 beneficium
1654 2190 1794 2229 Christi,
1829 2197 1861 2222 et
1891 2192 2017 2222 iusticia
2048 2191 2124 2223 fidei

122 2227 240 2259 melius
264 2237 284 2258 a
306 2228 371 2269 pijs
394 2235 556 2268 possunt,
587 2238 685 2269 quam
714 2238 800 2269 quae
829 2229 869 2259 de
898 2227 1100 2270 contempla·
1123 2243 1128 2270 χ
1153 2230 1332 2261 obscurata
1355 2237 1442 2262 sunt.
1488 2232 1562 2263 Non
1592 2243 1763 2265 mouemus
1794 2234 1921 2264 inanem
1945 2236 2124 2274 λογομαχίαν

114 2271 231 2308 tione,
260 2276 317 2302 aut
343 2268 549 2311 perfectione
579 2271 666 2310 apud
689 2271 903 2302 aduersarios
927 2272 1099 2303 docentur.
1123 2274 1127 2308 1
1152 2272 1193 2303 de
1223 2271 1389 2304 vocabulo
1421 2275 1595 2306 mercedis.
1645 2276 1680 2307 Si
1712 2277 1896 2307 concedent
1924 2277 2123 2319 aduersarij,

123 2312 218 2344 Sicut
240 2320 350 2344 autem
374 2312 562 2344 iustificatio
585 2313 628 2344 ad
653 2313 746 2344 fidem
769 2314 927 2353 pertinet,
957 2314 1001 2345 ita
1026 2324 1099 2355 per·
1123 2315 1126 2351 Ῐ
1151 2316 1240 2356 quod
1259 2315 1324 2347 fide
1343 2323 1479 2358 propter
1492 2317 1657 2349 Christum
1672 2319 1744 2349 iusti
1759 2325 1958 2359 reputemur,
1983 2326 2013 2350 et
2034 2320 2123 2361 quod

123 2357 205 2386 tinet
227 2356 269 2387 ad
293 2354 392 2387 fidem
415 2356 483 2386 vita
505 2362 651 2387 aeterna.
689 2355 730 2386 Et
753 2356 871 2387 Petrus
895 2357 952 2394 ait,
973 2357 1099 2399 chor-
1124 2356 1125 2391 ]
1151 2359 1239 2390 bona
1262 2369 1363 2399 opera
1386 2366 1522 2400 propter
1541 2360 1637 2392 fidem
1657 2360 1805 2401 placeant
1821 2360 1906 2397 Deo,
1929 2362 1969 2392 de
1992 2363 2123 2394 nomine

122 2404 232 2430 tantes
265 2397 363 2429 finem
397 2407 457 2430 seu
491 2397 632 2430 fructum
662 2398 737 2429 fidei
774 2405 924 2436 vestrae,
958 2398 1098 2431 salutem
1150 2401 1314 2433 mercedis
1337 2409 1455 2442 postea
1474 2413 1539 2434 non
1553 2403 1851 2435 valderixabimur.
1886 2404 1958 2435 Nos
1981 2403 2123 2436 fatemur

121 2441 312 2472 animarum.
357 2440 516 2472 Fatentur
544 2442 629 2472 enim
658 2442 860 2481 aduersarii,
890 2443 979 2483 quod
1009 2443 1098 2474 iusti·
1149 2446 1247 2475 vitam
1271 2450 1439 2476 aeternam
1464 2447 1647 2477 mercedem
1672 2456 1758 2481 esse,
1781 2447 1857 2488 quia
1870 2452 1920 2478 est
1933 2457 1987 2478 res
2002 2449 2122 2487 debita,

121 2482 209 2515 ficati
240 2484 305 2515 sint
336 2481 393 2524 filij
418 2483 499 2522 Dei,
534 2490 568 2515 et
594 2483 776 2515 coheredes
802 2483 941 2522 Christi,
975 2484 1098 2517 Postea
1122 2500 1123 2528 3
1149 2494 1284 2527 propter
1307 2488 1578 2527 promissionem,
1609 2499 1674 2519 non
1700 2496 1834 2530 propter
1858 2495 1972 2521 nostra
1995 2491 2120 2522 merita.

121 2535 240 2567 opera,
269 2526 345 2568 quia
368 2524 500 2566 placent
523 2526 598 2558 Deo
627 2534 762 2568 propter
785 2526 901 2564 fidem,
930 2534 1098 2559 merentur
1121 2532 1124 2563 1
1148 2529 1209 2560 Est
1232 2530 1317 2561 enim
1340 2532 1502 2571 promissa
1525 2531 1732 2569 iustificatio,
1764 2542 1860 2573 quam
1885 2542 1987 2574 supra
2012 2540 2122 2565 osten-

121 2569 189 2600 alia
211 2570 336 2610 premia
364 2568 549 2610 corporalia
579 2576 612 2601 et
641 2569 837 2611 spiritualia.
882 2569 987 2601 Erunt
1011 2570 1097 2602 enim
1121 2571 1123 2591 ¹'
1149 2573 1269 2611 dimus,
1291 2575 1423 2615 proprie
1446 2583 1522 2604 esse
1535 2574 1655 2605 donum
1668 2572 1743 2612 Dei,
1768 2574 1808 2605 Et
1831 2573 1908 2606 'nuic
1930 2576 2017 2607 dono
2041 2586 2120 2607 eon-

122 2611 311 2643 discrimina
332 2610 459 2654 gloriae
481 2618 683 2644 sanctorum.
1118 2594 1124 2650 l
1149 2615 1261 2646 iuncta
1289 2622 1341 2646 est
1376 2617 1551 2657 promissio
1586 2617 1674 2648 vitae
1707 2623 1883 2656 aeternae,
1915 2619 2004 2650 iuxta
2028 2618 2119 2651 illud.
