2366 2958
177 177 245 209 295
620 174 734 207 PHlL.
758 172 862 205 MEL.
885 169 1073 204 scmP'rA
1094 169 1362 203 DOGMATch
1384 169 1440 202 ET
1463 169 1738 203 SYMBOLtcA.
1793 201 1803 209 ,
2118 171 2183 204 296

178 270 209 300 si
232 270 306 311 quis
329 268 487 301 luctando
510 273 665 308 expertus
693 276 787 298 suam
810 263 1067 297 imbecillitatem
1089 274 1155 296 non
1180 285 1182 288 .

178 311 259 343 velit
282 313 328 342 vti
344 313 398 349 98)
423 311 637 342 ordinacione
661 309 733 341 Dei.
779 308 901 340 Extant
923 306 997 339 libri
1020 316 1155 349 magno-

1207 264 1250 296 sit
1272 263 1373 306 longa
1397 263 1632 304 disputacione.
1679 262 1832 296 Omnium
1862 263 2031 297 libidinum
2045 266 2075 303 7)
2104 275 2183 297 reos

1181 302 1183 341 ¹1
1207 316 1246 338 se
1268 306 1393 338 faciunt
1415 306 1486 344 isti,
1517 306 1572 347 qui
1594 305 1683 337 hunc
1710 304 1882 339 Canonem
1908 314 2026 340 contra
2053 307 2183 339 manda-

178 364 251 386 rum
273 355 430 392 virorum,
454 354 508 394 qui
532 352 607 390 (sol.
632 351 702 387 33b)
726 350 901 392 deplorant
913 350 1066 383 incendia
1078 351 1156 382 isto·
1180 350 1184 369 ⁴
1208 356 1276 382 tum
1298 348 1361 381 Dei
1386 347 1576 380 defendunt.
1622 347 1733 384 Quare
1755 360 1820 382 nos
1842 359 1909 381 non
1930 359 2109 392 possumus
2131 360 2185 381 as·

178 407 263 431 rum‚
287 397 340 438 qui
365 397 525 428 acerrime
548 395 738 426 restiterunt
760 394 1019 431 tentacionibus,
1048 398 1079 424 et
1104 402 1156 424 sa-

1208 393 1339 430 sentiri,
1371 398 1407 423 vt
1432 397 1548 423 contra
1577 391 1766 434 coniugium
1794 392 2013 425 Sacerdotum
2041 402 2184 434 pronun-

177 440 222 470 tis
252 439 450 476 ostendunt,
479 447 576 479 quam
605 437 751 477 grauiter
765 438 818 473 ⁹⁹)
847 436 1068 468 sauciauerint
1085 437 1156 472 ¹⁰⁰)
1208 436 1322 467 cietur.
1338 436 1370 472 ³²)

178 481 243 513 hae
277 481 475 513 tentationes
505 479 726 511 conscientias
757 477 899 511 illorum.
951 478 1035 510 Nam
1065 478 1157 510 Chri—

179 531 253 556 stus
277 525 348 565 ipse
376 524 490 560 docet,
523 531 589 553 non
623 531 739 554 omnes
769 531 889 563 capere
918 521 984 552 hoc
1009 522 1157 552 verbum.

180 566 292 602 Quare
326 564 395 596 vult
429 565 522 596 Deus
557 565 719 606 quosdam
755 565 801 596 vti
842 575 903 596 sua
939 564 1154 595 ordinatione-

179 608 238 641 Sic
262 609 358 650 igitur
380 608 540 638 orandum
564 614 628 645 est,
653 613 688 638 vt
711 607 873 638 ordinatio
896 606 959 638 Dei
988 616 1054 637 non
1080 616 1157 637 eon—

179 656 353 688 temnatur‚
376 660 440 692 qua
462 648 533 681 vult
556 650 602 680 vti
626 651 728 688 istos,
751 650 870 691 quibus
895 650 1013 681 donum
1042 659 1108 680 non
1127 651 1157 685 ¹)

179 694 331 734 impertit.
347 695 378 727 ²)
424 692 518 724 Sicut
542 691 610 723 vult
634 693 680 724 vti
707 702 769 724 nos
798 693 874 724 cibo
901 698 933 723 et
963 690 1039 733 alijs
1069 701 1157 722 crea-

178 737 280 774 turis,
305 745 379 767 cuin
403 745 469 766 non
492 741 671 767 conseruat
700 736 799 766 vitam
822 740 969 766 nostram
993 735 1064 765 sine
1087 732 1157 764 illa-

178 789 250 810 rum
275 788 347 809 vsu.
649 804 662 815 ,

267 819 452 852 Ridiculum
476 827 585 851 autem
609 826 670 854 est,
694 820 782 861 quod
807 821 967 861 inquiunt,
990 817 1077 849 hanc
1100 828 1157 849 vo-

181 874 252 896 cem
275 861 350 901 Dei,
374 862 525 894 Crescite
548 869 579 894 et
603 861 881 904 multiplicamini,
910 867 1035 893 tantum
1059 861 1101 892 ad
1125 859 1158 892 il-

180 906 236 937 lud
259 912 401 947 tempuS,
424 916 497 937 cum
520 912 633 937 essent
656 905 754 946 pauci
783 903 951 945 hominm,
981 904 1159 945 pertinere,

180 959 249 981 non
272 948 314 979 ad
334 956 483 980 nostrum
508 954 646 989 tempus.

266 991 338 1023 Nos
361 992 411 1023 sic
440 992 617 1029 sentimus,
649 990 736 1032 quod
763 988 821 1021 illa
850 990 954 1020 verba
986 994 1099 1020 creent
1127 994 1159 1019 et

181 1035 332 1066 ordinent
357 1040 524 1071 naturam,
548 1032 678 1075 qualem
703 1038 820 1073 postea
843 1033 988 1063 existere
1019 1039 1160 1062 necesse

180 1084 243 1109 est.
261 1079 292 1114 3“)
326 1076 420 1108 Sicut
442 1075 504 1107 alia
528 1074 646 1107 similia
665 1076 779 1113 verba,
792 1074 961 1106 Germinet
979 1080 1068 1106 terra
1089 1072 1159 1104 her-

181 1121 256 1152 bam
281 1120 450 1150 virentem.
496 1118 587 1150 Haec
617 1129 681 1149 vox
711 1118 807 1149 vestit
835 1127 954 1159 agros,
984 1117 1160 1158 quotannis

181 1169 273 1194 creat
299 1160 425 1203 frugeS,
450 1162 533 1202 parit
550 1164 581 1199 ⁴)
603 1161 723 1192 victum
748 1161 899 1192 omnibus
929 1159 1160 1191 animantibus.

180 1205 230 1236 lta
257 1204 340 1235 haec
369 1205 548 1242 sententia,
578 1203 728 1235 Crescite
757 1210 820 1234 etc.
849 1213 916 1234 non
939 1200 1048 1233 solum
1071 1212 1161 1233 man-

181 1249 312 1285 datum,
348 1249 409 1278 sed
444 1247 540 1278 etiam
570 1252 709 1278 naturae
744 1246 973 1278 condicionem
1004 1245 1161 1283 continet,

181 1301 279 1333 quam
303 1296 430 1321 mutare
452 1300 519 1321 non
544 1295 595 1320 est
620 1295 783 1327 nostrum,
807 1290 867 1320 sed
890 1287 953 1320 Dei
978 1297 1074 1329 opus·

268 1332 339 1364 Nec
362 1331 513 1364 fecerunt
534 1332 698 1373 virgineS,
721 1332 751 1363 si
775 1341 860 1373 quae
883 1340 964 1362 vere
993 1330 1070 1369 (fol.
1094 1330 1162 1368 34³)

181 1382 468 1408 conseruauerunt
491 1375 722 1416 virginitatem,
740 1380 857 1406 contra
879 1374 1067 1406 mandatum
1086 1372 1164 1411 Dei,

181 1419 258 1460 quia
289 1428 363 1450 cum
391 1429 411 1449 a
442 1418 639 1450 condicione
666 1416 725 1449 illa
753 1418 917 1450 communi
944 1422 1082 1448 naturae
1110 1426 1165 1447 ex·

182 1467 314 1503 emptae
337 1467 469 1499 essent,
493 1461 649 1492 mandato
667 1461 764 1492 etiam
787 1459 920 1492 solutae
942 1465 1052 1494 erant,
1076 1459 1165 1501 quod

181 1504 225 1536 ad
253 1502 342 1535 illam
372 1513 578 1536 communem
593 1505 625 1542 ⁵)
654 1503 885 1535 condicionem
918 1508 1057 1534 naturae
1090 1511 1164 1543 per-

182 1547 329 1585 tinet‚⁶)
365 1546 494 1578 Exemit
530 1547 615 1578 enim
651 1547 734 1578 istas
771 1544 939 1587 peculiare
975 1546 1098 1577 donum
1133 1551 1166 1575 et

183 1599 269 1631 opus
292 1588 366 1621 Dei.

271 1632 339 1664 Sed
363 1633 540 1674 fingamus,
563 1642 632 1664 rem
655 1630 787 1664 facilem
810 1641 887 1663 esse
916 1630 1020 1663 cuivis
1048 1639 1165 1671 perpe·

184 1681 273 1707 tuam
296 1676 496 1713 castitatem,
520 1675 594 1716 quis
617 1675 705 1706 dedit
728 1680 927 1716 potestatem
946 1673 1164 1705 Pontificibus

185 1718 274 1750 hanc
296 1716 405 1761 legem
427 1717 591 1760 Ecclesijs
611 1717 818 1760 imponendi?
863 1717 1062 1748 Praesertim
1091 1726 1164 1748 cum

186 1759 312 1793 Paulus
335 1767 432 1792 antea
454 1761 636 1798 monuerit,
660 1759 746 1792 tales
768 1759 864 1803 leges
893 1760 1063 1792 doctrinas
1087 1768 1165 1790 esse

187 1804 447 1836 daemoniorum.

273 1846 364 1879 Haec
399 1853 499 1888 atque
532 1845 597 1878 alia
631 1845 734 1878 multa
768 1846 832 1877 dici
865 1851 1007 1887 possent
1034 1845 1066 1876 in
1099 1844 1164 1876 hac

187 1898 307 1927 causa,
337 1891 366 1921 si
389 1897 481 1921 esset
511 1891 666 1921 obscura.
710 1889 806 1921 Nunc
834 1889 879 1921 ita
908 1886 1083 1920 manifesta
1113 1892 1165 1919 est

187 1933 372 1964 necessitas
395 1933 564 1975 mitigandi
587 1931 683 1964 huius
715 1932 877 1969 (junonis,
905 1938 940 1963 vt
969 1929 1051 1963 nihil
1079 1940 1165 1972 opus

186 2113 234 2145 98)
253 2112 301 2144 vti]
331 2112 374 2136 hoc
396 2111 494 2137 verbum
521 2112 715 2144 Spalatinus
742 2114 766 2135 t'n
795 2111 902 2136 Guelf.
928 2112 954 2135 in
979 2115 1048 2137 textu
1070 2111 1166 2145 quidem

256 2148 346 2179 omitit,
365 2147 408 2171 ned
425 2148 450 2170 t'n
469 2148 580 2178 mnrqi‘ne
598 2147 739 2179 adempsit.

187 2190 235 2221 99)
255 2189 381 2222 grauiter]
411 2189 692 2213 Foerstemannus
719 2191 744 2213 in
771 2198 815 2213 mm
845 2188 893 2215 Ed.
923 2189 1023 2214 Codicis
1057 2189 1165 2214 Guell'.

249 2224 319 2256 sulco
339 2223 446 2249 umber:
468 2225 575 2255 grauida

189 2268 252 2298 100)
271 2265 456 2299 sanci-nerim]
476 2267 612 2291 onom:
631 2268 814 2291 sauci-uerunt

207 2311 234 2341 l)
254 2310 317 2341 nou]
336 2309 398 2333 Imm·
416 2317 496 2334 vocem
514 2311 538 2333 in
561 2314 630 2334 tatu
653 2309 685 2334 ab
709 2311 762 2342 ι’μο
786 2311 896 2335 ommam
920 2310 1114 2342 Spoletinus
1140 2310 1166 2333 t'n

257 2346 368 2376 mnryine
386 2344 484 2369 addid-'e
502 2345 527 2367 Cn
546 2343 654 2369 Guelt.

206 2387 235 2418 2)
255 2387 389 2419 impertis]
409 2387 536 2412 Ouold.:
557 2387 677 2419 impartit,

204 2431 234 2462 3)
254 2432 364 2454 existere
384 2437 489 2454 neresse
513 2430 573 2462 est]
596 2430 631 2454 nd
651 2429 718 2469 hauet
733 2429 808 2454 teba
834 2429 972 2462 ‹zpoqmplu'
997 2429 1166 2463 Sprdutim'mi

258 2464 455 2488 Melanthon
479 2466 506 2488 iu
523 2466 634 2496 ιισνςὺιε
658 2463 756 2489 addidit
780 2463 880 2489 haceca:
906 2472 952 2489 nec
983 2470 1010 2488 se
1039 2464 1166 2496 manaen

257 2500 312 2530 ipu
331 2504 423 2530 potest,
442 2507 505 2531 quae
523 2499 642 2523 Onold.
661 2503 683 2525 d
703 2499 814 2531 vhytr.
834 2499 860 2523 in
879 2503 947 2524 tenu
967 2497 1063 2524 labem.

205 2543 234 2572 4)
253 2542 331 2573 parit}
351 2541 479 2566 Onoid:
499 2546 572 2574 parat

205 2585 234 2614 b)
254 2586 425 2615 communem]
445 2595 459 2607 n
478 2585 588 2615 Chytr.
610 2585 686 2611 uben.

204 2627 235 2658 Β)
255 2627 392 2661 pertinen]
412 2627 537 2658 Chytr.:
557 2629 655 2653 attinet.

1584 551 1644 584 De
1672 552 1807 585 Missa.

1295 637 1489 680 Aduersarij
1513 635 1670 675 fatentur,
1693 647 1833 679 magnos
1857 639 1983 671 abusus
2006 649 2082 671 esse
2109 637 2186 671 Mis-

1210 691 1277 712 sae.
1323 681 1434 716 Quare
1457 681 1631 722 ignoscant
1663 681 1804 719 nostris,
1834 682 1888 723 qui
1916 682 2000 713 haec
2028 683 2105 713 vitia
2136 691 2187 713 re·

1210 722 1473 765 prehenderunt,
1507 733 1591 765 quae
1615 734 1680 754 non
1712 724 1788 761 (fol.
1813 723 1882 762 34¹)
1908 725 2120 766 irrepsissent
2154 725 2186 755 iu

1211 766 1410 803 Ecclesiam,
1432 766 1460 796 si
1484 765 1639 808 Episcopi
1664 765 1917 809 aduigilassent.

1297 809 1413 850 Neque
1444 818 1526 840 vero
1556 807 1690 840 difficile
1726 816 1778 840 est
1810 810 1973 848 iudicare,
2005 815 2112 841 Vtrum
2148 810 2190 841 sit

1211 852 1348 889 abusus,
1372 851 1460 892 quod
1485 851 1640 883 conducti
1665 853 1838 890 mercede,
1869 853 1959 894 quod
1983 851 2120 884 coactil
2165 852 2189 875 '-

1212 895 1275 925 bus
1309 893 1535 925 fundationum
1568 901 1694 926 certum
1727 905 1898 926 numerum
1932 895 2108 928 missarum
2156 905 2190 926 a·

1212 938 1300 968 ciunt
1330 937 1426 967 statis
1453 937 1656 977 temporibus
1683 937 1791 972 inuiti,
1820 948 1893 970 cum
1922 948 2038 979 parum
2066 944 2144 969 sunt
2158 940 2190 975 ⁹)

1212 979 1329 1011 idonei.

1299 1021 1390 1052 Haec
1416 1021 1494 1052 vitia
1515 1021 1560 1052 ita
1584 1027 1659 1052 sunt
1682 1020 1845 1064 vulgaria,
1859 1022 1902 1053 ita
1925 1029 2003 1055 nota
2025 1023 2191 1062 omnibus,

1213 1070 1247 1095 vt
1273 1062 1471 1095 dissimulari
1495 1074 1561 1094 non
1584 1065 1726 1103 possint.

1300 1106 1367 1138 Sed
1391 1111 1467 1138 sunt
1491 1105 1554 1138 alia
1577 1106 1685 1137 minus
1714 1113 1792 1137 nota
1820 1107 1996 1147 imperitis,
2024 1117 2108 1149 quae
2135 1108 2192 1140 ad-

1214 1149 1353 1191 uersarij
1377 1147 1496 1180 leuiter
1517 1150 1707 1191 attigerunt.
1739 1147 1932 1181 Defendunt
1954 1148 2093 1181 Missam
2116 1159 2193 1182 esse

1214 1191 1513 1233 sacrificium,quia
1537 1198 1613 1223 ante
1636 1202 1743 1223 annos
1766 1190 1857 1223 mille
1879 1193 1925 1223 ita
1947 1192 2126 1224 iudicatum
2143 1195 2193 1230 ¹⁰)

1214 1235 1274 1274 sit,
1308 1240 1340 1265 et
1374 1235 1450 1276 quia
1485 1234 1606 1266 Graeci
1634 1240 1754 1266 vocent
1787 1233 1970 1276 liturgiam,
2004 1235 2084 1267 ltem
2140 1235 2194 1267 uia

1214 1276 1345 1309 Misbah
1362 1280 1413 1315 ¹¹)
1441 1277 1597 1309 hebraice
1625 1277 1790 1319 significet
1816 1277 1938 1317 altare,
1973 1287 2095 1320 graece
2117 1245 2195 1320 (διγ-

1214 1320 1407 1359 siasterion‚
1441 1319 1614 1352 Postremo
1636 1320 1711 1362 quin
1742 1319 1892 1352 Christus
1923 1320 2019 1359 dicit,
2037 1323 2087 1359 ¹²)
2120 1319 2195 1353 Hoc

1215 1363 1334 1402 facite,
1356 1363 1484 1394 Facere
1506 1369 1615 1395 autem
1637 1362 1828 1395 sacrificare
1849 1363 2027 1406 significet.
2046 1365 2096 1401 ¹³)
2130 1363 2195 1394 Ad-

1217 1407 1317 1444 dunt,
1350 1405 1527 1437 Arrianam
1560 1416 1637 1438 esse
1677 1406 1850 1445 haeresin,
1888 1406 1916 1437 si
1950 1407 2025 1449 quis
2064 1406 2196 1446 sentiat,

1217 1448 1355 1481 Missam
1378 1459 1444 1480 non
1468 1458 1545 1480 esse
1567 1448 1778 1481 sacrificium.

1304 1492 1415 1534 Atque
1448 1492 1511 1523 hae
1545 1491 1691 1524 rationes
1726 1492 1819 1522 visae
1852 1497 1929 1523 sunt
1970 1489 2034 1524 illis
2064 1491 2197 1535 dignae,

1218 1535 1338 1577 quibus
1371 1535 1533 1566 adderent
1567 1533 1694 1566 titulum
1725 1532 1840 1566 Caes⁸‘
1870 1533 1974 1572 Mam,
2004 1534 2046 1566 de
2074 1535 2196 1576 quibua

1219 1578 1298 1620 quid
1320 1578 1492 1609 iudicaturi
1521 1578 1587 1609 sint
1615 1577 1784 1616 hominm,
1815 1578 1845 1609 si
1896 1578 2006 1609 nando
2030 1578 2063 1609 in
2091 1575 2197 1619 publi-

1219 1630 1292 1652 cum
1323 1620 1552 1662 proferentur,
1586 1620 1766 1662 prudentes
1797 1620 1855 1652 viri
1896 1618 1981 1652 acile
2008 1621 2198 1652 existimare

1217 1669 1370 1705 possunt.
1426 1661 1570 1695 Causam
1602 1663 1747 1695 omnium
1779 1662 1954 1695 maximam
1982 1669 2016 1696 et
2044 1660 2197 1695 difficilli-

1218 1716 1318 1745 mam,
1342 1706 1420 1746 (fol.
1445 1706 1514 1739 35³]
1537 1715 1623 1748 quae
1646 1715 1734 1738 nunc
1748 1711 2054 1744 controuertuntur,
2072 1708 2123 1744 ¹⁴)
2145 1715 2198 1738 sa-

1217 1750 1260 1781 tis
1285 1747 1457 1781 defensam
1480 1755 1596 1791 putant
1618 1748 1757 1790 prolatis
1786 1747 1911 1791 aliquot
1938 1747 2125 1787 vocabulis,
2154 1749 2197 1780 ab

1217 1791 1328 1835 aliquo
1361 1792 1561 1835 paedagogo
1594 1792 1746 1834 precario
1783 1792 1933 1833 sumptis.
1991 1791 2077 1827 Quid
2111 1791 2198 1823 enim

1217 1834 1342 1868 faciunt
1375 1836 1418 1867 ad
1452 1835 1543 1867 rem?
1593 1834 1680 1871 Quid
1715 1834 1805 1876 quod
1832 1844 1947 1867 eorum
1976 1833 2198 1877 etymologias

1217 1879 1399 1920 scriptores
1423 1878 1488 1916 isti,
1511 1878 1539 1909 si
1562 1887 1601 1909 se
1623 1883 1793 1918 rumpant,
1824 1877 1934 1908 dicere
1960 1887 2027 1909 non
2054 1875 2198 1918 queant?

1304 1921 1422 1954 Nonne
1452 1920 1588 1952 totidem
1618 1918 1791 1952 vocabulis
1821 1921 1944 1961 opponi
1965 1918 2031 1952 alia
2053 1929 2199 1952 commo·

1237 2085 1266 2116 7)
1284 2084 1432 2115 libidinum]
1450 2083 1571 2114 chym
1592 2083 1729 2107 libidinum
1748 2082 1825 2107 huius
1843 2083 1944 2107 ordinis

1236 2127 1266 2159 8)
1286 2131 1312 2151 vt
1330 2132 1421 2151 contra
1439 2128 1504 2150 coni.
1525 2126 1583 2151 Sac.
1610 2124 1815 2159 pronuncietunj
1839 2127 1875 2150 n'e
1897 2124 2065 2158 “pay-aphau
2088 2124 2198 2158 Spaht„

1287 2162 1312 2185 in
1331 2169 1376 2193 quo
1396 2166 1476 2185 nutem
1495 2160 1690 2184 Met-athon
1716 2159 1804 2184 deinde
1821 2159 1909 2185 verba:
1929 2165 1956 2184 vt
1974 2164 1996 2185 a
2014 2162 2199 2192 pronuntietur

1287 2196 1364 2220 litum
1383 2195 1471 2220 delevit
1491 2199 1513 2220 e!
1532 2203 1581 2228 pro
1606 2195 1638 2218 iia
1657 2197 1683 2218 ιἰι
1705 2195 1817 2227 ωσι-φιλο
1839 2194 1985 2226 camp-ts:
2004 2195 2198 2226 pronunciand-

1287 2230 1347 2258 bus.
1373 2234 1522 2262 quapropter
1546 2229 1663 2254 Onold.
1689 2233 1711 2254 α
1736 2229 1847 2260 Chytr.
1872 2230 1897 2252 ιἰι
1920 2232 1989 2253 tutu
2011 2227 2114 2254 hab-u:
2138 2236 2197 2260 pro-

1287 2266 1467 2288 nunciantibus
1486 2269 1579 2288 contra
1597 2264 1746 2294 coniugium
1764 2263 1938 2287 sacerdotum.

1234 2308 1265 2338 9)
1284 2307 1352 2339 snut}
1374 2307 1505 2336 Onold.‚
1525 2307 1652 2338 Chytm
1672 2306 1724 2330 tint

1220 2352 1265 2381 10)
1285 2350 1436 2381 iudicatum]
1455 2349 1498 2374 tine
1516 2349 1712 2374 Melanthnn
1731 2349 1756 2371 ιἸι
1779 2347 1920 2381 αιροςνπρὸο
1939 2347 2036 2379 Sprdut.
2061 2348 2150 2374 aaa
2175 2352 2198 2374 d

1283 2394 1330 2417 pro
1355 2394 1381 2409 eo
1400 2387 1425 2408 ιἰι
1449 2385 1560 2416 maryine
1582 2384 1698 2417 aeripn't:
1724 2384 1913 2412 existimatum,
1939 2382 1968 2407 td
1989 2382 2055 2415 qnod
2077 2384 2150 2409 adm
2171 2383 2198 2407 ἡ

1287 2420 1403 2444 Onold.
1425 2422 1447 2443 ct
1466 2419 1576 2450 Chytr.
1597 2418 1696 2450 leqitur.

1220 2463 1264 2494 ll)
1285 2461 1400 2494 Misbah}
1420 2462 1541 2491 Guelf..
1560 2462 1689 2492 Chytr.=
1707 2459 1793 2485 Eub·

1220 2506 1265 2535 n)
1285 2505 1366 2538 dicia}
1389 2506 1514 2537 etqua:
1534 2505 1612 2534 dions.

1219 2550 1264 2579 18)
1283 2549 1419 2580 significet.
1457 2549 1729 2574 Poene-nnun-
1757 2547 1783 2571 ἀπ
1807 2553 1852 2571 uuo
1879 2545 1926 2571 Sd.
1959 2545 2058 2571 Me]
2087 2544 2194 2571 Gueli.

1287 2584 1348 2608 nala
1366 2583 1421 2608 uhi·
1469 2592 1474 2605 t
1494 2582 1630 2614 siguificat.

1219 2628 1265 2658 Η)
1284 2625 1533 2657 coutroumuutur.l
1552 2625 1683 2651 Onam:
1704 2625 1916 2653 controuertitur.

2355 91 2366 191 mun-.-
2349 0 2366 64 *-
