2366 2958
137 168 204 201 533

488 166 527 199 ΙΙ.
571 167 802 200 APOLOGIA
822 164 1140 199 CONFESSIONIS
1162 164 1481 199 AUGUSTANAE.
1524 165 1564 197 B.
1610 163 1798 198 ALTERA.

2077 166 2146 200 534

139 268 171 293 et
194 259 356 293 similibus
379 262 481 293 rebus
503 271 589 303 quae
610 272 676 293 non
698 261 822 293 habent
840 260 1027 292 mandatum
1042 257 1117 291 Dei.
1141 262 1144 296 a*
1169 266 1222 290 tur
1245 260 1294 290 eis
1316 260 1493 301 promissio
1517 258 1654 295 salutis,
1682 260 1774 290 iuxta
1803 261 1989 291 mandatum
2012 260 2146 299 Christi,

138 303 259 335 Videte
281 311 390 335 autem
413 303 592 346 religiosos
615 303 784 342 homines,
815 303 1029 334 aduersarios
1058 311 1118 333 no·
1141 311 1146 346 ¹1
1170 301 1343 343 Baptizate
1373 312 1488 334 omnes
1517 310 1653 343 genteS‚
1681 301 1744 333 Vbi
1773 303 1857 334 sit-ut
1886 303 2021 334 offertur
2043 305 2145 335 omni-

138 354 241 385 51105,
265 346 446 388 Requirunt
472 348 514 378 ad
539 348 695 379 vnitatem
714 346 899 383 Ecclesiae,
921 345 1046 376 similes
1060 345 1118 376 ob-

138 390 345 421 seruationes
373 389 553 428 humanas,
582 401 655 421 cum
684 391 746 431 ipsi
769 389 965 420 mutauerint
987 388 1117 420 ordina·

138 433 260 464 tionem
283 431 423 470 Christi,
452 432 484 463 in
507 443 570 464 vsu
593 443 735 470 coenae,
759 442 844 474 quae
866 438 956 462 certe
979 429 1039 462 fuit
1061 441 1118 462 an-

138 481 194 506 tea
226 475 390 507 ordinatio
424 474 632 506 vniuersalis.
696 475 793 510 Quod
831 475 859 505 si
893 474 1118 505 ordinationes

139 516 348 554 vniuersales
371 520 693 556 necessariae,sunt,
716 529 774 550 cur
800 523 925 548 mutant
947 517 955 547 i
982 517 1010 546 si
1033 516 1120 547 ordi-

138 561 304 591 nationem
338 571 464 592 coenae
497 561 635 599 Christi,
668 572 754 602 quae
786 570 852 591 non
886 565 938 590 est
990 569 1119 599 umana,

138 603 200 634 sed
233 603 365 634 diuina?
410 604 478 636 Sed
513 605 554 636 de
588 604 653 635 hac
682 610 751 635 tota
779 603 1010 634 controuersia
1034 600 1120 633 infra

137 644 318 687 aliquocies
342 646 516 678 dicendum
539 647 610 679 erit.

225 689 374 721 Octauus
397 688 561 721 articulus
584 690 788 731 approbatus
807 694 859 719 est
876 693 978 726 totus,
1002 688 1035 718 111
1054 697 1120 729 quo

139 730 352 770 confitemur,
387 734 476 774 quod
510 732 705 774 hypocritae
729 738 759 762 et
785 730 861 762 mali
890 731 1024 762 admixti
1055 731 1121 761 sint

137 772 324 813 Ecclesiae,
346 774 388 806 Et
411 776 499 817 quod
523 781 732 806 sacramenta
755 774 821 805 siut
833 772 998 811 efficacia,
1022 773 1119 805 etiam

137 817 167 848 si
202 827 261 857 per
294 817 400 848 malos
436 819 604 849 ministros
638 824 838 855 tractentur,
876 817 952 858 quia
982 816 1119 848 ministri

137 859 318 901 funguntur
341 861 413 892 vice
434 860 572 898 Christi,
595 870 661 891 non
684 866 915 901 representant
933 869 1027 891 suam
1047 869 1119 900 per·

138 912 267 933 sonam.
313 903 404 934 quta
427 902 519 941 illud,
543 902 606 938 Qui
630 913 691 934 vos
716 903 816 940 audit,
840 912 893 933 me
915 903 1015 933 audit.
1060 902 1118 933 lm-

138 945 182 987 pij
207 945 364 977 doctores
392 946 566 977 deserendi
589 952 683 983 sunt,
713 947 790 987 quia
820 945 852 976 hi
875 945 937 976 iam
961 955 1027 976 non
1049 943 1119 976 fun·

123 994 261 1030 ‘guntur
288 998 434 1028 persona
463 988 602 1029 Christi,
632 989 692 1020 sed
721 996 796 1020 sunt
825 986 1031 1019 Antichristi.
1076 987 1119 1019 Et

138 1030 293 1062 Christus
316 1031 379 1069 ait,
402 1030 527 1063 Cauete
551 1042 570 1062 a
593 1032 722 1072 pseudo
748 1031 940 1073 ProphetiS,
969 1031 1011 1062 Et
1035 1031 1118 1062 Pau-

136 1071 203 1111 lus,
227 1073 340 1115 Siquis
366 1072 456 1106 aliud
478 1073 696 1116 Euangelium
719 1073 1018 1116 euangelizauerit,
1041 1084 1119 1105 ana-

137 1115 249 1148 thema
270 1117 324 1147 sit.

225 1158 401 1191 Caeterum
423 1159 547 1191 monuit
567 1170 630 1191 nos
652 1159 807 1192 Christus
829 1160 862 1191 in
885 1157 1120 1191 collationibus

139 1202 181 1233 de
209 1200 381 1240 Ecclesia,
411 1212 452 1234 ne
480 1202 597 1234 offensi
625 1203 762 1244 priuatis
791 1203 885 1244 vicijs
914 1202 985 1233 siue
1008 1212 1120 1234 sacer-

139 1244 251 1276 dotum
277 1245 347 1276 siue
368 1244 492 1286 populi,
516 1245 697 1277 schismata
720 1246 915 1283 excitemus,
937 1246 1025 1276 sicut
1046 1255 1118 1276 500-

139 1285 245 1319 101010
268 1286 418 1319 fecerunt
442 1288 648 1320 Donatistae.
694 1287 773 1320 lllos
797 1299 877 1320 vero
896 1288 951 1330 qui
969 1288 1045 1319 ideo
1064 1298 1120 1320 ex·

138 1330 326 1362 citauertuit
355 1330 555 1369 schismata,
585 1331 661 1373 quia
689 1332 858 1375 negabant
887 1330 1119 1362 sacerdotibus

136 1371 251 1410 licere,
274 1378 388 1404 tenere
411 1375 649 1414 possessiones
672 1381 730 1406 aut
751 1374 930 1415 proprium,
952 1372 1050 1415 plane
1068 1383 1120 1405 se·

137 1415 284 1447 diciosos
312 1416 508 1448 iudicamus.
561 1416 645 1448 Nam
676 1424 789 1448 tenere
817 1417 986 1458 proprium
1010 1415 1119 1447 ciuilis

137 1458 300 1490 ordinatio
325 1464 386 1490 est.
430 1458 526 1491 Licet
547 1466 657 1490 autem
680 1459 879 1491 Christianis
903 1459 948 1490 vti
969 1457 1120 1490 ciuilibus

137 1502 417 1540 ordinationibuS,
462 1502 548 1533 sicut
581 1502 647 1534 hoc
681 1512 780 1541 aere,
814 1503 879 1534 1100
911 1501 1003 1539 luce,
1033 1501 1121 1540 cibo,

136 1551 230 1587 potu.
279 1544 364 1576 Nam
393 1550 428 1576 vt
449 1543 533 1576 haec
561 1555 670 1577 rerum
698 1553 834 1584 natura,
864 1544 951 1576 ethi
974 1544 1119 1576 siderum

138 1588 219 1619 certi
242 1594 363 1626 motus,
386 1598 464 1619 vere
487 1594 565 1619 sunt
587 1589 750 1620 ordinatio
764 1587 840 1626 Dei,
862 1594 896 1620 et
918 1597 1121 1619 conseruan-

138 1635 191 1661 tur
214 1640 233 1660 a
255 1628 349 1668 Deo,
379 1630 425 1661 ita
446 1629 612 1672 legitimae
628 1633 680 1670 ⁶⁹)
704 1630 840 1672 politiae
863 1641 943 1662 vere
966 1636 1045 1662 sunt
1067 1641 1120 1662 or-

138 1672 261 1704 dinatio
292 1671 374 1711 Dei,
407 1679 440 1704 et
473 1674 657 1705 retinentur
689 1684 731 1705 ac
760 1673 981 1706 defenduntur
1002 1684 1024 1705 a
1045 1672 1120 1705 Deo

137 1715 302 1747 aduersus
325 1714 504 1748 diabolum.

225 1758 342 1789 Nonus
365 1758 525 1790 articulus
554 1760 757 1800 approbatus
781 1765 850 1797 est,
872 1760 905 1790 in
928 1769 995 1801 quo
1019 1758 1121 1791 confi-

138 1806 256 1839 temur,
279 1801 368 1843 quod
390 1801 584 1843 Baptismus
603 1803 646 1833 sit
668 1803 880 1834 necessarius
902 1803 945 1833 ad
969 1801 1121 1837 salutem.

138 1850 172 1876 et
200 1844 290 1886 quod
319 1845 412 1886 pueri
442 1845 507 1876 sint
536 1845 743 1886 baptizandi,
771 1851 803 1876 et
824 1846 914 1887 quod
938 1845 1120 1886 baptismus

137 1897 314 1930 puerorum
344 1898 412 1919 non
442 1887 485 1919 sit
515 1888 644 1926 irritus,
668 1889 727 1920 sed
752 1889 976 1927 necessarius,
999 1894 1031 1919 et
1052 1886 1121 1919 effi-

139 1940 204 1961 cax
227 1930 268 1961 ad
290 1928 440 1961 salutem.
485 1929 528 1962 Et
556 1932 710 1972 quoniam
732 1931 952 1974 Euangelium
975 1941 1058 1972 pure
1080 1940 1122 1961 ac

139 1972 315 2015 diligenter
347 1974 436 2014 apud
469 1983 533 2004 nos
567 1975 723 2013 docetur,
753 1973 817 2005 Dei
848 1973 1010 2006 beneficio
1034 1973 1122 2005 hunc

139 2025 272 2058 quoque
295 2014 438 2047 fructum
466 2026 508 2047 ex
530 2026 571 2047 eo
594 2017 759 2058 capimus,
794 2018 883 2059 quod
904 2018 936 2048 in
956 2016 1122 2059 Ecclesijs

139 2059 263 2090 nostris
293 2057 373 2089 nulli
396 2059 571 2090 extiterunt
594 2059 850 2101 Anabaptistae,
879 2061 955 2102 quia
978 2058 1121 2102 populus

139 2103 245 2133 verbo
264 2101 327 2133 Dei
350 2102 512 2133 aduersus
531 2102 661 2143 impiam
674 2109 707 2134 et
723 2104 922 2135 sediciosam
942 2102 1121 2134 factionem

139 2143 271 2177 illorum
293 2143 459 2176 latronum
482 2145 624 2176 munitus
647 2152 709 2177 est.
754 2145 797 2178 Et
824 2156 898 2178 cum
920 2145 1122 2188 plaerosque

140 2186 226 2219 alios
249 2197 383 2219 errores
406 2187 700 2229 Anabaptistarum
720 2189 926 2228 damnamus,
947 2196 1015 2220 tum
1033 2187 1122 2220 hunc

141 2240 284 2273 quoque,
307 2231 396 2272 quod
425 2231 594 2271 disputant
617 2231 816 2272 baptismum
839 2231 1051 2274 paruulorum
1074 2232 1121 2262 in·

140 2272 252 2305 utilem
275 2283 362 2304 esse.
409 2273 636 2305 Certissimum
659 2281 708 2305 est
732 2275 816 2306 enim
836 2275 924 2316 quod
944 2275 1121 2317 promissio

142 2315 260 2348 salutis
292 2316 434 2358 pertinet
466 2317 563 2348 etiam
597 2317 639 2348 ad
667 2316 834 2357 paruulos.
889 2318 1005 2360 Neque
1038 2327 1120 2349 vero

141 2359 281 2401 pertinet
305 2359 346 2390 ad
375 2357 450 2390 illos
474 2360 529 2401 qui
557 2365 633 2390 sunt
659 2367 754 2390 extra
778 2359 963 2392 Ecclesiam
987 2360 1122 2399 Christi,

141 2402 198 2433 vbi
220 2411 283 2433 nec
304 2402 454 2440 verbum,
476 2412 541 2433 nec
551 2409 762 2433 sacramenta
777 2411 866 2441 sunt,
888 2405 963 2446 quia
982 2413 1120 2446 regnum

143 2444 267 2477 Christi
301 2450 426 2476 tantum
460 2455 534 2476 cum
567 2446 672 2476 verbo
697 2451 728 2476 et
756 2447 973 2478 sacramentis
997 2447 1120 2478 existit.

142 2487 245 2530 lgitur
278 2497 420 2519 0000550
442 2494 494 2519 est
517 2488 687 2529 baptizare
709 2487 884 2530 paruulos,
923 2494 958 2522 vt
977 2487 1122 2531 applice-

144 2624 192 2657 69)
211 2624 353 2656 legitimae]
371 2624 419 2649 Ed.
439 2626 478 2649 4.:
498 2625 612 2657 logitime

1141 541 1145 618 1
1170 567 1226 597 bat

1170 345 1233 375 bus
1262 344 1369 377 501115,
1405 346 1448 376 ita
1481 346 1617 377 offertur
1645 346 1797 377 omnibus
1822 347 2024 387 baptismus,
2052 347 2145 385 viris,

1169 386 1382 425 mulieribus,
1425 390 1556 428 pueris,
1601 387 1791 420 infantibus.
1853 389 2010 430 Sequitur
2047 389 2146 431 igitur

1173 428 1274 467 clare,
1309 428 1452 461 infantes
1482 432 1698 472 baptizandos
1722 441 1808 467 esse,
1832 432 1909 473 quia
1942 431 2035 463 salus
2070 442 2145 463 011111

1169 473 1332 514 baptismo
1354 472 1498 505 01101101.

1256 523 1422 555 Secundo.
1466 522 1678 556 Manifestum
1699 531 1768 563 est,
1796 525 1884 566 quod
1907 524 2000 557 Deus
2027 536 2146 566 appro-

1266 566 1464 607 baptismum
1497 566 1720 607 paruulorum.
1772 568 1873 610 igitur
1906 570 2146 609 Anahaptistae

1170 609 1267 651 impie
1289 609 1453 647 sentiunt,
1487 610 1541 650 qui
1582 611 1737 641 damnant
1762 612 1959 652 baptismum
1992 609 2145 652 paruulo-

1171 662 1251 683 rum.
1302 651 1399 687 Quod
1427 658 1535 683 autem
1564 652 1655 684 Deus
1689 655 1917 695 approbet70)
1950 655 2146 695 baptismum

1171 693 1408 737 paruulorum,
1436 693 1501 726 hoc
1526 697 1687 733 ostendit,
1720 697 1809 738 quod
1834 696 1926 728 Deus
1961 697 2016 728 dat
2051 698 2145 737 spiri-

1171 744 1239 769 tum
1261 743 1413 769 sanctum
1447 738 1496 768 sic
1532 738 1716 779 baptizatis.
1762 739 1846 771 Nam
1877 740 1905 770 si
1933 739 1988 771 hic
2018 739 2147 781 Baptis-

1171 790 1244 811 mus
1277 781 1388 812 irritus
1413 786 1526 819 esset,
1556 780 1656 812 nullis
1681 782 1814 813 daretur
1833 783 1967 823 spiritus
1998 790 2147 821 sanctus,

1171 822 1250 855 nulli
1287 823 1403 855 fierent
1441 822 1544 862 salui,
1578 824 1718 866 denique
1742 824 1832 856 nulla
1866 831 1957 856 esset
1981 824 2144 857 Ecclesia.

1171 866 1262 897 Haec
1296 868 1378 897 ratio
1413 867 1520 898 bonas
1550 873 1581 898 et
1605 867 1676 907 pias
1705 875 1847 905 mentes,
1881 867 1935 899 vel
1962 866 2036 899 sola
2064 868 2146 899 satis

1171 909 1367 941 confirmare
1393 916 1505 950 potest
1534 917 1652 942 contra
1678 910 1795 951 impias
1826 917 1857 942 et
1887 911 2050 942 fanaticas
2079 911 2147 952 opi-

1169 952 1288 983 niones
1312 953 1615 994 Anabaptistarum.

1256 1002 1414 1035 Decimus
1437 1002 1597 1036 articulus
1619 1005 1824 1045 approbatus
1849 1010 1911 1042 est,
1934 1005 1966 1035 in
1986 1015 2051 1046 quo
2070 1015 2147 1036 con·

1171 1045 1317 1084 fitemur,
1352 1057 1414 1078 nos
1448 1048 1588 1085 sentire,
1615 1047 1703 1090 quod
1726 1048 1758 1078 in
1782 1058 1887 1079 coena
1910 1047 2041 1078 Domini
2070 1058 2149 1079 vere

1172 1096 1205 1121 et
1228 1088 1490 1121 substantialiter
1510 1091 1632 1128 adsint,
1656 1101 1778 1131 corpus
1801 1098 1832 1122 et
1857 1091 1994 1133 sanguis
2015 1090 2149 1129 Christi,

1172 1138 1205 1164 et
1228 1142 1306 1164 vere
1330 1132 1550 1165 exhibeantur
1572 1143 1646 1165 cum
1670 1132 1735 1165 illis
1758 1135 1870 1171 rebus,
1894 1144 1979 1175 quae
1998 1134 2150 1165 videntur

1172 1185 1258 1217 pane
1282 1181 1313 1206 et
1333 1176 1422 1213 vino,
1440 1176 1492 1207 his
1517 1177 1570 1218 qui
1590 1183 1833 1208 sacramentum
1851 1177 2027 1217 accipiunt.
2058 1176 2151 1207 llanc

1172 1218 1375 1250 sentenciam
1402 1226 1595 1251 constanter
1621 1220 1890 1257 71)1101“οι111111105
1918 1230 1954 1251 10
1977 1218 2151 1261 diligenter

1172 1262 1325 1304 inquisita
1348 1267 1381 1292 et
1410 1262 1543 1303 agitata.
1591 1262 1671 1294 Cum
1701 1264 1785 1294 enim
1810 1261 1933 1293 Paulus
1957 1263 2060 1300 dicat,
2091 1262 2151 1294 Pa-

1172 1315 1247 1336 nem
1270 1314 1348 1336 esse
1370 1305 1654 1346 participationem
1678 1306 1837 1347 00100115
1855 1305 1986 1337 Domini
2009 1312 2073 1337 etc.
2100 1314 2151 1336 50-

1173 1353 1329 1389 queretur
1350 1358 1467 1389 panem
1490 1358 1558 1379 non
1581 1358 1658 1379 esse
1681 1349 1964 1390 participationem
1987 1348 2151 1389 corporis,

1173 1391 1233 1421 sed
1267 1396 1390 1421 tantum
1423 1391 1556 1432 spiritus
1581 1390 1722 1428 Christi,
1755 1393 1782 1423 si
1815 1401 1880 1422 non
1910 1391 2044 1422 adesset
2072 1400 2153 1423 vere

1173 1443 1295 1474 corpus
1309 1432 1454 1464 Domini.
1471 1436 1522 1472 ⁷¹)
1553 1434 1594 1465 Et
1616 1435 1834 1475 comperimus
1855 1444 1921 1465 non
1945 1440 2071 1466 tantum
2088 1433 2153 1466 Ro-

1173 1486 1304 1507 manam
1333 1474 1520 1507 Ecclesiam
1551 1475 1719 1508 affirmare
1752 1476 1960 1518 corporalem
1995 1486 2153 1517 praesen-

1172 1519 1249 1550 tiam
1271 1517 1405 1557 Christi,
1428 1519 1488 1550 sed
1512 1519 1598 1551 idem
1619 1526 1651 1551 et
1670 1530 1758 1551 nunc
1777 1521 1911 1558 sentire,
1931 1526 1962 1551 et
1982 1519 2059 1552 olim
2078 1529 2154 1552 5011-

1173 1562 1260 1593 sisse
1283 1561 1446 1593 Graecam
1474 1563 1525 1600 72)
1538 1562 1735 1595 Ecclesiam.
1771 1562 1806 1593 ld
1832 1563 1917 1594 enim
1939 1569 2080 1595 testatur
2093 1562 2155 1594 Ca·

1173 1614 1241 1636 non
1265 1604 1394 1636 Missae
1423 1605 1509 1646 apud
1536 1604 1632 1644 illos,
1662 1606 1694 1637 in
1718 1616 1783 1647 quo
1807 1612 1920 1647 aperte
1944 1612 2017 1637 orat
2040 1615 2153 1637 sacer-

1174 1648 1249 1684 dos,
1271 1653 1307 1679 vt
1330 1654 1452 1680 mutato
1475 1658 1573 1688 pane,
1596 1649 1703 1690 ipsum
1727 1659 1850 1689 corpus
1874 1647 1998 1680 Christi
2021 1648 2090 1686 fiat,
2114 1647 2156 1680 Et

1174 1689 1373 1733 Vulgarius‚
1409 1693 1555 1732 scriptor
1583 1698 1618 1723 vt
1647 1692 1744 1723 nohis
1768 1692 1897 1723 videtur
1924 1702 1991 1723 non
2022 1691 2156 1729 51011115,

1175 1734 1299 1765 diserte
1330 1734 1451 1776 inquit,
1485 1745 1605 1776 panem
1633 1745 1700 1766 non
1735 1741 1862 1766 tantum
1895 1734 2034 1776 figuram
2065 1744 2155 1772 esse,

1174 1776 1235 1807 sed
1266 1786 1345 1808 vere
1378 1778 1412 1808 in
1446 1787 1578 1808 carnem
1606 1779 1734 1809 mutari.
1786 1777 1825 1808 Et
1854 1776 1956 1819 longa
1985 1778 2157 1809 sentencia

1175 1825 1227 1851 est.
1250 1817 1385 1861 Cyn-illi,
1413 1820 1446 1850 in
1469 1820 1647 1852 Iohannem
1671 1820 1752 1861 Cap.
1772 1831 1826 1851 xv.
1850 1821 1881 1851 in
1905 1831 1969 1862 qua
1993 1821 2156 1859 docet72)

1174 1861 1343 1894 Christum
1368 1862 1587 1904 corporaliter
1610 1864 1707 1895 nobis
1730 1863 1879 1895 exhiberi
1897 1865 1928 1894 in
1949 1873 2065 1895 coena.
2099 1863 2156 1894 Sic

1174 1907 1259 1937 enim
1282 1906 1336 1936 ait.
1381 1905 1456 1937 Non
1485 1912 1594 1938 tamen
1618 1916 1778 1948 negamus
1807 1912 1898 1938 recta
1927 1916 1990 1937 nos
2014 1906 2078 1938 fide
2102 1916 2156 1937 ca·

1175 1949 1338 1990 ritateque
1371 1949 1520 1987 sincera,
1566 1949 1700 1981 Christo
1741 1948 1955 1990 spiritualiter
1990 1949 2156 1991 coniungi,

1175 1991 1244 2023 Sed
1278 1989 1402 2022 nullam
1437 1993 1534 2023 nobis
1569 1993 1810 2024 'coniunctionis
1845 1993 2003 2024 rationem
2037 2002 2156 2024 secun-

1175 2034 1251 2065 dum
1282 2044 1415 2065 carnem
1449 2046 1523 2067 cum
1554 2034 1611 2067 illo
1641 2045 1733 2070 esse,
1762 2036 1794 2066 id
1819 2033 1969 2076 profecto
1994 2045 2155 2077 pernega-

1174 2087 1265 2112 mu8‚
1301 2077 1403 2119 idque
1437 2088 1456 2109 a
1491 2078 1608 2110 diuinis
1643 2079 1814 2120 scripturis
1845 2079 1977 2110 omnino
2013 2077 2155 2111 alienum

1175 2121 1322 2152 (11011005.
1374 2120 1456 2156 Quis
1486 2121 1571 2152 enim
1600 2122 1759 2153 dubitauit
1784 2120 1950 2153 Christum
1979 2122 2075 2152 etiam
2105 2121 2155 2153 sic

1174 2163 1271 2194 vitem
1296 2173 1385 2201 esse,
1408 2174 1472 2195 nos
1493 2174 1573 2196 vcro
1596 2165 1765 2206 palmites,
1795 2165 1849 2206 qui
1874 2165 1973 2195 vitam
1997 2164 2074 2196 inde
2096 2174 2154 2196 no-

1176 2207 1226 2237 bis
1267 2206 1490 2247 acquirimus?
1552 2208 1637 2239 Audi
1678 2206 1816 2240 Paulum
1857 2208 2035 2245 dicentem,
2077 2207 2154 2249 quia

1174 2369 1221 2402 70)
1240 2368 1376 2403 approbet]
1395 2370 1444 2395 Ed.
1463 2371 1503 2394 4.:
1522 2371 1648 2402 approbat

1175 2413 1220 2445 71)
1241 2412 1402 2437 defendimus
1426 2420 1454 2437 re
1477 2414 1615 2445 diligenter
1637 2413 1761 2445 inquisita
1785 2425 1815 2430 -
1838 2425 1871 2431 -
1895 2419 1956 2436 vero
1981 2419 2073 2444 corpus
2097 2411 2150 2437 Do-

1244 2447 1328 2479 mini-J
1352 2447 1434 2474 Editt.
1460 2449 1536 2472 2—4.
1561 2447 1666 2473 bret-ine:
1700 2447 1870 2471 defenderunt
1894 2447 1977 2471 nostri
2004 2446 2150 2471 (3011010110-

1245 2486 1323 2505 tores.

1175 2524 1222 2557 72)
1242 2524 1394 2549 Ecclesium.
1431 2524 1460 2548 ld
1486 2524 1553 2547 enim
1579 2528 1686 2548 test-atur
1710 2524 1802 2548 Canon
1828 2537 1859 2542 -
1884 2537 1917 2541 —
1939 2525 1965 2549 in
1989 2531 2039 2556 qua
2061 2523 2150 2557 docet]

1245 2559 1326 2583 Editt.
1352 2559 1443 2582 2—4.:
1472 2558 1629 2587 Ecclesiam,
1657 2562 1685 2582 01
1712 2562 1819 2582 testatur
1843 2558 1934 2582 Canon
1961 2558 2054 2583 Missae
2081 2560 2150 2590 apud

1244 2592 1369 2617 Graecos.
1398 2593 1431 2616 Et
1449 2596 1539 2616 extant
1556 2593 1717 2624 quorundam
1736 2594 1890 2624 scriptorum
1901 2593 2054 2617 testimonia.
2083 2593 2149 2617 Nan

1245 2626 1355 2657 Cyrinus
1374 2628 1400 2651 in
1417 2626 1559 2651 lotz-anem
1578 2627 1643 2658 Cap.
1665 2627 1705 2652 15.
1725 2627 1818 2658 inquit.

1887 2677 1944 2703 3⁴·
