2366 2958
137 177 203 211 569

137 281 223 314 opus
246 278 297 303 est
317 271 568 303 remissionibus
590 269 666 302 illis.
712 270 754 302 Et
784 277 892 302 tamen
915 270 1035 301 mansit
1057 280 1116 301 no-

137 325 214 347 men
237 313 528 357 indulgentiarum.
574 312 615 344 Et
645 314 730 345 sicut
767 313 1017 345 satisfactiones
1049 322 1115 343 non

137 357 329 390 intellectae
352 364 428 388 sunt
451 358 493 388 de
515 355 650 398 politica
673 355 860 398 disciplina,
883 356 945 387 sed
963 356 1004 386 de
1028 365 1115 387 com-

137 401 334 442 pensatione
346 409 484 441 poenae.
518 399 566 430 lta
579 398 810 442 indulgenciae
823 397 907 430 male
927 397 1117 430 intellectae

138 450 225 481 sunt,
247 443 335 484 quod
359 443 499 474 liberent
517 443 644 473 animas
662 453 702 473 ex
715 443 920 484 purgatorio.
956 443 998 472 At
1011 441 1117 472 clauis

138 496 206 518 non
224 485 323 516 habet
337 492 542 526 potestatem,
567 485 630 516 nisi
654 495 755 525 super
773 491 893 515 terram
917 482 1052 526 ligandi,
1067 485 1117 521 ⁷⁴)
1143 509 1147 535 Ι

140 535 173 561 et
201 527 353 560 soluendi
386 529 477 559 iuxta
504 527 594 559 illud.
641 528 804 569 Quicquid
835 526 993 568 ligaueris
1017 536 1118 567 super

141 578 281 608 terram,
315 571 376 602 erit
398 569 534 612 ligatum
562 571 594 602 in
626 570 733 602 coelo.
778 569 941 610 Quidquid
975 568 1118 601 solueris

141 623 243 655 super
265 620 399 651 terram,
422 615 483 645 erit
506 612 648 645 solutum
672 614 704 644 in
725 611 831 644 coelo.
868 611 1063 653 Quanquam
1083 618 1118 643 vt

141 666 243 698 supra
267 656 419 695 diximus,
444 655 558 687 Clauis
583 661 781 698 potestatem
803 655 904 686 habet
927 665 992 686 non
1017 655 1118 696 impo-

141 699 238 731 nendi
262 709 389 740 poenas
413 706 466 730 aut
492 698 600 731 cultus
624 699 819 732 instituendi,
843 697 902 728 sed
926 704 1049 728 tantum
1063 697 1120 729 ha-

140 743 197 774 bet
220 743 408 773 mandatum
431 742 616 773 remittendi
640 746 777 783 peccata
804 740 874 778 his,
900 741 953 782 qui
979 751 1118 772 conuer—

140 791 270 821 tuntur,
305 791 336 815 et
366 785 525 827 arguendi
549 790 580 815 et
603 784 906 816 excommunicandi
931 785 1030 822 istos,
1065 784 1118 825 qui

140 826 258 859 nolunt
282 828 441 858 conuerti.
487 827 582 858 Sicut
606 827 690 858 enim
720 825 856 857 soluere
879 826 1043 867 significat
1068 837 1118 857 re-

140 871 267 902 mittere
290 875 446 911 peccata‚
475 870 522 900 lta
545 868 650 911 ligare
674 869 839 910 significat
863 879 928 900 non
954 871 1118 901 remittere

139 919 291 955 peccata.
336 912 496 953 Loquitur
524 913 609 943 enim
633 911 804 949 Christus,
834 912 874 943 de
896 922 1001 954 regno
1026 912 1119 953 spiri-

141 955 229 987 tuali.
277 955 316 986 Et
337 955 526 986 mandatum
550 955 613 986 Dei
637 961 701 992 est,
728 961 760 986 vt
782 955 921 986 ministri
944 954 1116 996 Euangelij

138 997 319 1030 absoluant
342 997 404 1028 hes
434 999 489 1039 qui
520 1004 776 1035 conuertuntur,
810 999 899 1029 iuxta
923 996 1018 1036 illud,
1053 997 1117 1029 Po-

138 1047 245 1072 testas
267 1041 364 1072 nobis
389 1041 464 1071 data
488 1046 539 1071 est
562 1041 603 1072 ad
623 1041 896 1072 aedificationem.
933 1040 1044 1076 Quare
1067 1050 1117 1072 re-

138 1085 285 1115 seruatio
309 1093 444 1114 casuum
468 1082 604 1124 politica
633 1094 687 1114 res
711 1090 769 1115 est.
817 1083 878 1114 Est
900 1085 985 1115 enim
1009 1093 1116 1115 reser-
1141 1111 1144 1120 ,

137 1128 227 1159 natio
251 1136 378 1166 poenae
403 1125 603 1164 Canonicae,
628 1137 694 1157 non
717 1133 768 1157 est
788 1127 974 1157 reseruatio
999 1126 1117 1167 culpae
1140 1124 1144 1193 1

138 1179 251 1201 coram
277 1168 349 1200 Deo
373 1169 404 1199 in
429 1168 480 1200 his
504 1170 558 1210 qui
584 1179 661 1200 vere
685 1175 934 1201 conuertuntur.
972 1169 1117 1200 Proinde

137 1218 229 1243 recte
251 1211 460 1251 iudicant⁷⁵)
485 1213 667 1253 aduersarij
693 1223 766 1244 cum
790 1210 946 1249 fatentur,
971 1214 1059 1253 quod
1084 1213 1115 1243 in
1141 1198 1146 1238 Ῑ

136 1253 278 1286 articulo
301 1256 417 1286 mortis
446 1254 504 1286 illa
531 1256 716 1286 reseruatio
746 1265 882 1286 casuum
905 1265 972 1286 non
996 1256 1115 1286 debeat

137 1298 297 1339 impedire
324 1297 578 1329 absolutionem.
625 1297 847 1338 Exposuimus
878 1308 1036 1329 summam
1060 1308 1116 1329 no-

136 1347 228 1371 strae
252 1341 424 1372 doctrinae
447 1341 488 1372 de
511 1341 729 1382 poenitencia,
753 1351 849 1382 quam
874 1347 965 1371 certo
989 1342 1115 1372 scimus

134 1384 240 1425 piam,
269 1389 303 1414 et
326 1381 493 1415 salubrem
526 1384 622 1415 bonis
644 1384 808 1414 mentibus
833 1393 922 1415 esse.
967 1383 1008 1414 Et
1038 1384 1115 1415 boni

134 1426 196 1459 viri
225 1426 254 1457 si
284 1425 483 1458 contulerint
513 1432 660 1457 nostram
689 1426 873 1457 doctrinam
904 1436 977 1458 cum
1002 1425 1116 1457 confu-

135 1469 278 1500 sissimis
302 1469 588 1509 disputaciouibus
611 1469 890 1506 aduersariorum,
915 1469 1115 1510 perspicient

134 1512 348 1544 aduersarios
373 1512 526 1544 omisisse
549 1512 733 1543 doctrinam
757 1512 798 1542 de
817 1511 883 1542 fide
904 1512 1115 1551 iustificatum,

135 1562 167 1586 et
192 1553 388 1587 consolante
410 1555 463 1596 pia
487 1555 600 1586 corda.
640 1555 802 1586 Videbunt
826 1555 923 1586 etiam
941 1554 1043 1586 multa
1056 1554 1115 1586 fin-

160 1607 216 1628 ere
239 1596 469 1636 aduersarios,
503 1598 544 1628 de
566 1597 682 1628 merito
705 1598 900 1633 attricionis,
924 1598 965 1629 de
987 1596 1044 1629 illa
1068 1599 1115 1629 in·
1139 1617 1144 1654 1

135 1608 227 1672 {nita
251 1641 494 1672 enumeratione
519 1639 731 1678 delictorum,
755 1641 795 1671 de
819 1638 1115 1679 satisfactionibus,
1140 1662 1144 1680 ,

136 1682 200 1714 οὔτε
222 1683 273 1722 γῆς
296 1685 400 1724 φᾰσὶν,
424 1682 490 1714 οὔτε
513 1682 639 1722 ούρανοῦ
662 1682 831 1723 ἁπτόμενα,
866 1693 950 1725 quae
978 1694 1021 1715 ne
1051 1683 1114 1725 ipsi

135 1727 268 1768 quidem
291 1726 475 1768 aduersarij
501 1727 582 1757 satis
607 1725 774 1768 explicare
797 1732 949 1768 possunt.

220 1844 284 1875 DE
321 1844 553 1880 Nvmfflo,
598 1845 657 1875 ET
698 1845 799 1875 vsv
841 1845 1026 1876 SACRA-

474 1887 775 1918 MENTORVM.
1139 1879 1143 1956 {

220 1973 255 2004 ln
280 1972 364 2004 Xlll.
393 1973 533 2004 articulo
563 1975 703 2015 probant
728 1973 932 2013 aduersarii,
956 1976 1043 2016 quod
1068 1975 1111 2007 di·
1139 1963 1142 1981 ¹

134 2017 239 2048 cimus
265 2016 477 2047 Sacramenta
508 2026 574 2047 non
604 2027 680 2048 esse
714 2024 839 2048 tantum
864 2026 960 2048 notas
984 2019 1111 2059 profes-

135 2061 238 2091 sionis
262 2061 346 2090 inter
370 2059 532 2096 homines,
554 2067 589 2090 vt
613 2060 743 2101 quidam
768 2060 907 2102 fingunt,
932 2062 990 2092 sed
1005 2063 1111 2103 inagis

134 2105 209 2134 esse
233 2103 328 2144 signa
358 2110 389 2133 et
421 2103 610 2133 testimonia
642 2101 822 2134 voluntatis
845 2103 908 2135 Dei
933 2114 1012 2146 erga
1036 2115 1111 2141 ῃος,

133 2156 193 2186 per
216 2155 301 2187 quae
330 2152 440 2177 mouet
464 2144 556 2176 Deus
585 2145 687 2176 corda
715 2146 757 2177 ad
786 2147 997 2178 credendum.
1044 2148 1111 2179 Sed

133 2189 186 2220 hic
208 2189 321 2220 iubent
345 2198 406 2219 nos
430 2188 527 2221 etiam
551 2195 675 2230 septem
696 2188 908 2221 Sacramenta
925 2200 1111 2223 numerare.

133 2231 204 2262 Nos
227 2232 388 2263 sentimus
401 2231 636 2272 praestandum
659 2241 749 2269 esse,
772 2242 813 2263 ne
827 2232 1038 2276 negligantur
1058 2243 1111 2265 res

134 2282 165 2305 et
190 2276 398 2305 ceremoniae
427 2285 459 2304 in
483 2275 657 2314 scripturis
680 2275 867 2313 institutae,
896 2283 1111 2318 quotcunque

134 2324 222 2348 sunt.
268 2317 338 2348 Nec
368 2316 502 2349 multum
532 2317 655 2348 referre
684 2324 852 2358 putamnS,
881 2319 979 2350 etiam
1001 2320 1030 2350 si
1054 2320 1110 2351 do-

134 2360 229 2390 cendi
259 2370 361 2392 causa
389 2359 444 2399 aiij
480 2367 650 2391 numerant
680 2359 794 2398 aliter,
827 2361 855 2392 si
889 2367 998 2394 tamen
1020 2369 1111 2394 recte

135 2410 335 2434 conseruent
359 2413 414 2434 res
444 2404 476 2434 in
500 2405 663 2444 scriptura
693 2404 841 2435 traditas.
885 2403 956 2436 Nec
979 2412 1110 2437 veteres

134 2447 251 2477 eodem
275 2447 373 2477 modo
396 2454 664 2479 numerauerunt.

484 178 522 210 ll.
567 176 795 209 APOLOGlA
824 175 1143 209 CONFESSIONIS
1164 177 1477 210 AUGUSTANAE.
1521 177 1562 211 B.
1607 176 1798 209 ALTERA.

2080 178 2146 210 570

1256 271 1292 303 Si
1315 270 1531 303 Sacramenta
1555 281 1714 303 vocamus
1735 271 1830 309 ritus,
1854 271 2043 313 quihabent
2057 282 2145 304 man-

1170 313 1279 345 datum
1305 313 1377 352 Dei,
1401 320 1431 345 et
1456 315 1576 356 quibus
1599 315 1711 345 addita
1733 321 1783 346 est
1808 315 1984 355 promissio
2005 316 2144 356 gratiae,

1169 354 1268 387 facile
1296 363 1347 387 est
1376 357 1522 388 iudicare
1556 367 1640 398 quae
1670 357 1735 388 sint
1762 357 1895 398 proprie
1919 358 2144 389 Sacramenta.

1170 398 1254 430 Nam
1289 399 1371 430 ritus
1405 400 1445 430 ab
1476 399 1663 431 hominibus
1691 400 1828 431 instituti
1861 409 1928 431 non
1953 406 2047 431 erunt
2080 401 2146 431 hoc

1170 442 1268 472 modo
1302 442 1435 483 proprie
1471 443 1557 474 dicta
1583 443 1807 474 Sacramenta.
1864 442 1939 473 Non
1974 449 2025 474 est
2059 444 2145 474 enim

1170 484 1356 515 autoritatis
1397 483 1575 523 humanae,
1615 486 1806 525 promittere
1839 486 1993 527 gratiam,
2035 485 2146 520 Quare

1171 527 1268 568 signa
1290 527 1363 557 sine
1385 528 1541 558 mandato
1565 527 1628 558 Dei
1652 528 1820 566 instituta,
1854 538 1919 559 non
1949 535 2025 558 sunt
2055 535 2146 560 certa

1171 571 1266 612 signa
1290 570 1432 612 gratiae,
1469 571 1565 601 etiam
1589 571 1618 600 si
1646 570 1789 602 fortasse
1811 571 1911 602 rudos
1935 571 2066 609 docent,
2089 577 2146 603 aut

1171 614 1349 644 admonent
1382 611 1515 653 aliquid.
1566 613 1655 644 Vere
1685 614 1784 655 igitur
1814 619 1891 645 sunt
1925 620 2144 652 sacramenta,

1170 655 1373 696 Baptismus,
1397 654 1509 686 Coena
1534 655 1678 694 Domini,
1704 655 1892 694 Absolutio,
1916 667 2000 697 quae
2024 662 2075 687 est
2093 666 2146 688 sa-

1171 706 1375 730 cramentum
1388 699 1628 739 poenitenciae.
1664 698 1746 730 Nam
1770 698 1803 729 hi
1826 699 1908 729 ritus
1921 698 2044 730 habent
2056 709 2145 730 man-

1171 741 1281 772 datum
1306 740 1379 779 Dei,
1402 747 1433 772 et
1456 741 1708 781 promissionem
1732 742 1870 783 gratiae,
1893 752 1976 783 quae
1999 748 2048 773 est
2072 752 2146 782 pro-

1170 786 1241 826 pria
1265 785 1342 815 noui
1365 783 1578 814 Testamenti.
1624 783 1723 815 Certo
1748 785 1832 815 enim
1857 785 1977 816 debent
1999 791 2147 816 statuere

1171 827 1285 863 corda,
1309 837 1382 858 cum
1407 827 1625 867 baptizamur,
1647 837 1720 857 cum
1743 828 1909 858 vescimur
1927 838 2066 868 corpore
2077 827 2146 858 Do-

1170 870 1264 907 mini,
1299 880 1373 901 cum
1396 867 1615 906 absoluimur,
1651 870 1737 910 quod
1770 880 1849 901 vere
1872 871 2027 910 ignoscat
2050 871 2146 901 nobis

1170 912 1264 943 Deus
1288 919 1424 954 propter
1448 910 1627 943 Christum.
1673 912 1713 942 Et
1743 913 1845 943 corda
1873 912 1969 944 simul
1992 923 2051 953 per
2074 923 2145 944 ver-

1172 956 1258 991 bum,
1283 961 1313 986 et
1333 956 1428 986 ritum
1442 960 1552 986 mouet
1565 954 1670 991 Deus,
1695 955 1891 992 vtcredant,
1916 962 1947 986 et
1960 956 2146 997 concipiant

1169 997 1278 1035 fidem,
1302 999 1388 1030 sicut
1410 999 1453 1029 ait
1477 996 1612 1029 Paulus.
1650 998 1748 1029 Fides
1773 1008 1813 1029 ex
1836 998 1947 1029 auditu
1972 1004 2033 1030 est.
2076 998 2145 1030 Sic-

1169 1047 1204 1072 ut
1228 1047 1334 1072 autem
1359 1042 1496 1072 verbum
1520 1041 1655 1072 incurrit
1678 1041 1710 1071 in
1733 1051 1844 1079 aures,
1867 1047 1902 1071 vt
1925 1040 2019 1072 feriat
2034 1042 2146 1080 corda,

1169 1083 1216 1114 lta
1240 1085 1322 1115 ritus
1345 1084 1417 1124 ipse
1439 1084 1575 1115 incurrit
1598 1084 1629 1114 in
1654 1082 1789 1122 oculos,
1812 1090 1846 1115 vt
1877 1092 2009 1116 moueat
2032 1085 2146 1115 corda.

1169 1127 1257 1158 ldeni
1291 1126 1429 1158 effectus
1462 1134 1511 1157 est
1542 1127 1635 1157 verbi
1666 1133 1697 1157 et
1722 1127 1821 1164 ritus,
1856 1128 1942 1158 sicut
1973 1126 2146 1168 praeclare

1169 1170 1287 1200 dictum
1312 1175 1363 1200 est
1385 1171 1427 1200 ab
1441 1170 1637 1209 Augustino,
1661 1170 1910 1201 Sacramentum
1923 1179 1999 1201 esse
2011 1171 2145 1201 verbnm

1167 1211 1315 1249 visibile,
1351 1213 1426 1253 quia
1461 1213 1542 1243 ritus
1572 1211 1679 1243 oculis
1702 1213 1880 1253 accipitur,
1917 1219 1948 1243 et
1971 1219 2022 1244 est
2050 1214 2144 1254 quasi

1167 1255 1294 1295 pictura
1308 1256 1412 1286 verbi.
1430 1255 1516 1286 idem
1529 1254 1735 1296 significans,
1755 1255 1843 1297 quod
1856 1257 2002 1287 verbum.
2034 1255 2146 1291 Quare

1169 1298 1253 1329 idem
1277 1303 1327 1329 est
1352 1299 1523 1339 Vtriusque
1546 1297 1693 1329 effectus.

1255 1340 1469 1372 Confirmatio
1500 1347 1531 1371 et
1560 1340 1716 1372 Extrema
1745 1341 1856 1371 vnctio
1888 1346 1963 1371 sunt
1987 1342 2068 1372 ritus
2092 1351 2145 1373 ac-

1168 1384 1255 1424 cepti
1295 1394 1314 1414 a
1344 1384 1511 1424 patribus,
1545 1393 1630 1425 quos
1660 1394 1702 1415 ne
1736 1382 1886 1414 Ecclesia
1916 1384 2047 1425 quidem
2077 1390 2145 1415 tan-

1167 1437 1265 1467 quam
1298 1427 1514 1458 necessarios
1548 1428 1590 1458 ad
1614 1425 1752 1458 salutem
1786 1427 1939 1468 requirit,
1973 1427 2048 1468 quia
2077 1436 2145 1458 non

1167 1468 1291 1500 habent
1317 1470 1504 1500 mandatum
1529 1468 1602 1500 Dei.
1647 1469 1829 1510 Propterea
1857 1479 1923 1501 non
1952 1476 2004 1500 est
2032 1468 2145 1501 inutile

1166 1511 1229 1543 hos
1264 1512 1347 1543 ritus
1382 1513 1571 1544 discerncre
1606 1522 1625 1543 a
1654 1513 1898 1553 superioribus,
1932 1513 1986 1554 qui
2020 1512 2146 1544 habent

1167 1565 1364 1596 expressum
1387 1555 1575 1586 mandatum
1599 1554 1674 1593 Dei,
1696 1563 1727 1586 et
1751 1554 1873 1587 claram
1893 1556 2145 1596 promissionem

1167 1598 1301 1640 gratiae.

1253 1641 1484 1673 Sacerdotium
1516 1639 1704 1682 intelligunt
1727 1641 1910 1681 aduersarij
1935 1651 2001 1672 non
2025 1641 2066 1672 de
2088 1642 2144 1673 mi-

1166 1685 1303 1715 nisterio
1338 1684 1431 1715 verbi
1471 1690 1504 1714 et
1546 1690 1828 1715 sacramentorum
1863 1683 1938 1727 alijs
1972 1684 2144 1727 porrigen-

1167 1728 1296 1765 dorum,
1319 1727 1379 1758 sed
1401 1725 1587 1769 intelligunt
1612 1727 1652 1758 de
1675 1727 1852 1764 sacrificio,
1875 1728 1970 1769 quasi
1992 1733 2144 1769 oporteat

1167 1779 1244 1801 esse
1268 1771 1299 1801 in
1325 1780 1413 1800 nouo
1432 1768 1657 1807 Testamenta,
1682 1771 1904 1801 sacerdotium
1929 1769 2034 1801 simile
2048 1770 2143 1802 Leui-

1167 1813 1250 1850 tico,
1279 1813 1367 1853 quod
1391 1822 1454 1854 pro
1481 1811 1604 1853 populo
1626 1813 1808 1851 sacrificet,
1831 1819 1863 1844 et
1882 1820 2046 1845 mereatur
2068 1812 2144 1853 alijs

1140 1862 1143 1872 *
1166 1856 1392 1887 remissionem
1417 1862 1641 1896 peccatorum.
1675 1855 1745 1886 Nos
1770 1857 1927 1888 docemus
1943 1856 2143 1888 sacrificium

1167 1897 1291 1929 Christi
1314 1898 1482 1930 morientis
1505 1898 1537 1928 in
1561 1898 1680 1935 cruce,
1705 1899 1787 1930 satis
1811 1899 1916 1930 fuisse
1938 1910 1999 1940 pro
2022 1909 2142 1940 pecea-

1165 1942 1208 1972 tis
1231 1942 1332 1973 totius
1356 1941 1478 1979 mundi,
1500 1951 1563 1972 nec
1586 1941 1733 1982 indigere
1755 1948 1927 1982 praeterea
1945 1941 2020 1983 alijs
2043 1943 2143 1974 sacri-

1165 1983 1268 2024 ficijs‚
1299 1985 1392 2025 quasi
1416 1982 1493 2014 illud
1517 1993 1582 2015 non
1607 1985 1688 2015 satis
1713 1984 1809 2016 fuerit
1831 1995 1892 2025 pro
1915 1986 2063 2026 peccatis
2087 1996 2142 2016 no-

1165 2028 1254 2058 stris.
1302 2027 1378 2058 ldeo
1401 2026 1620 2058 iustificantur
1642 2028 1802 2066 homines
1826 2038 1892 2059 non
1915 2034 2052 2069 propter
2076 2026 2142 2060 vlla

1165 2068 1291 2111 reliqua
1315 2070 1495 2107 sacrificia,
1530 2070 1590 2101 sed
1619 2076 1755 2110 propter
1785 2069 1864 2102 illud
1896 2081 1994 2102 vnum
2018 2070 2141 2102 Christi

1163 2113 1381 2151 sacrificium,
1406 2113 1434 2144 si
1459 2113 1595 2144 credant
1620 2111 1676 2144 illo
1700 2113 1866 2145 sacrificio
1891 2124 1928 2144 se
1952 2114 2140 2155 redemptos

1164 2166 1250 2187 esse.
1298 2157 1374 2187 ideo
1398 2157 1593 2187 sacerdotes
1625 2163 1805 2194 vocantur,
1841 2167 1905 2187 non
1935 2157 1976 2187 ad
2000 2155 2067 2188 vlla
2090 2167 2140 2188 sa-

1164 2199 1287 2230 crificia
1317 2197 1408 2230 velut
1435 2200 1466 2230 in
1500 2197 1575 2240 lege
1597 2210 1658 2240 pro
1683 2198 1806 2240 populo
1830 2198 1999 2236 facienda,
2024 2207 2057 2230 vt
2080 2210 2140 2241 per

1164 2252 1203 2274 ea
1227 2249 1414 2273 mereantur
1436 2241 1560 2283 populo
1583 2243 1811 2273 remissionem
1832 2249 2056 2283 peccatorum,
2078 2243 2138 2274 sed

1162 2292 1325 2316 vocantur
1348 2284 1388 2316 ad
1409 2285 1593 2316 docendum
1617 2284 1851 2327 Euangelium‚
1874 2291 1905 2315 et
1929 2291 2139 2317 sacramenta

1162 2328 1363 2370 porrigenda
1385 2326 1520 2368 populo.
1555 2327 1626 2359 Nec
1650 2328 1810 2360 habemus
1834 2337 1894 2358 nos
1918 2326 2006 2359 aliud
2029 2338 2138 2359 sacer·

1133 2375 1136 2409 ζ
1163 2372 1299 2408 dotium,
1321 2370 1425 2402 simile
1449 2370 1616 2409 Leuitico,
1643 2372 1728 2402 sicut
1763 2371 1844 2401 satis
1869 2371 1965 2402 docet
1990 2370 2139 2412 Epistola

1133 2431 1137 2438 ·
1162 2415 1204 2445 ad
1227 2414 1366 2445 Ebreos.

1134 2496 1137 2498 q
1163 2456 1349 2500 telligatur,
1380 2467 1445 2488 non
1475 2457 1635 2499 grauatim
1659 2457 1890 2487 vocauerimus
1917 2457 2064 2488 ordinem
2087 2467 2137 2488 sa-

1413 2414 1447 2445 Si
1471 2421 1578 2445 autem
1603 2414 1684 2445 ordo
1709 2414 1750 2444 de
1773 2414 1954 2444 ministerio
1976 2414 2069 2445 verbi
2092 2415 2138 2445 in—

1164 2506 1376 2532 cramentum.
1433 2499 1515 2531 Nam
1550 2499 1763 2530 ministerium
1799 2499 1890 2530 verbi
1921 2499 2018 2530 habet
2047 2510 2136 2531 man·

1134 2544 1272 2586 gdatum
1313 2543 1396 2581 Dei,
1436 2542 1473 2573 En
1516 2542 1612 2573 habet
1656 2541 1849 2583 magnificas
1883 2543 2136 2583 promissiones,

136 2593 182 2620 74)
203 2591 312 2623 ligandi]
334 2592 380 2616 Ed.
400 2593 424 2616 3.
442 2596 492 2625 typ.
511 2601 573 2616 err.:
593 2593 710 2623 litigandi

136 2635 182 2662 75]
203 2635 331 2665 iudicant]
349 2634 398 2659 Ed.
417 2635 457 2659 3.:
476 2637 589 2660 iudicent

1132 2664 1135 2669 ¹
1163 2630 1250 2661 omni
1281 2629 1438 2660 credenti.

1162 2586 1277 2618 Roma.
1303 2587 1331 2617 l.
1366 2584 1582 2627 Euangelium
1607 2591 1658 2616 est
1681 2585 1832 2626 potencia
1843 2584 1907 2616 Dei
1931 2584 1971 2616 ad
1995 2584 2135 2617 salutem

1487 2629 1564 2659 item
1588 2627 1718 2659 Esaiae.
1749 2626 1794 2658 lv.
1847 2627 1992 2660 Verbum
2028 2638 2134 2660 meum
