2366 2958
95 144 161 178 425
446 143 484 175 11.
528 141 761 174 APOLOGIA
783 140 1105 174 CONFEsstole
1127 138 1428 171 AUGUS'I'ANAE
1485 139 1526 170 B.
1570 137 1757 170 ALTERA.
2040 138 2105 170 426

97 238 179 280 quit.
196 238 248 275 ι3)
287 236 362 268 Non
386 243 435 268 est
454 245 536 277 ergo
559 236 666 266 anima
688 236 729 267 ad
753 236 926 277 imaginem
949 232 1025 271 Dei,
1043 234 1077 264 in
1130 233 1260 264 debitae
1282 232 1429 264 iusticiae
1452 233 1608 270 carentia,
1627 234 1633 251 ¹
1649 234 1676 267 ¹)
1700 231 1740 262 Et
1763 232 1794 262 in
1806 242 1871 262 vna
1895 232 2032 264 istarum
2054 242 2107 263 re-

100 290 164 322 qua
187 278 282 311 Deus
306 290 373 310 non
395 287 528 319 semper
551 284 619 315 est,
637 277 678 308 Et
703 277 825 309 Paulus
846 277 891 308 ad
911 275 1077 317 Ephesios
1131 276 1345 316 sponsionum
1380 275 1558 306 includitur
1584 273 1699 306 altera.
1753 274 1839 305 idem
1874 275 1979 305 sensit
2008 275 2107 315 nugo

100 329 134 354 et
167 321 391 353 Colossenses
427 321 571 352 ostendit
600 320 772 361 imaginem
808 319 889 357 Dei,
922 319 1078 350 noticiam
1102 299 1107 347 l
1131 328 1204 349 cum
1227 319 1283 354 ait,
1308 317 1477 359 Originale
1499 323 1670 358 peccatum
1700 326 1796 354 esse,
1828 317 2045 357 ignorantiam
2075 318 2108 348 iu

99 365 164 397 Dei
187 374 282 402 esse,
306 364 468 396 iusticiam
498 368 530 393 et
560 363 741 394 veritatem.
785 362 856 393 Nec
882 362 1078 402 Longobar-
1102 356 1108 396 Ι
1131 368 1252 397 mente,
1277 366 1309 390 et
1334 361 1633 400 concupiscentiam
1657 360 1688 390 in
1714 369 1825 397 carne,
1839 359 2009 400 Significat
2024 360 2109 390 enim

101 408 165 440 dus
188 413 320 438 veretur
341 406 464 443 dicere,
486 405 575 446 quod
601 406 728 437 'iusticia
752 404 908 446 originiS,
935 405 978 435 sit
1004 405 1075 443 ipsa
1132 412 1195 433 nos
1219 409 1398 432 nascentes
1423 403 1540 433 afferre
1563 402 1809 443 ignoracionem
1831 401 1911 439 Dei,
1935 400 2108 432 increduli·

102 448 280 481 similitudo
298 448 379 487 Dei,
403 458 488 489 quae
510 447 632 478 homini
655 448 756 479 indita
775 453 827 478 est
849 457 869 477 a
890 445 974 477 Deo.
1016 445 1078 476 Re·
1132 451 1244 481 tatem,
1268 443 1500 481 diffidenciam,
1525 450 1756 485 contemptum,
1781 445 1887 475 odium
1911 443 1984 475 Dei.
2019 443 2110 475 Haec

100 493 241 523 citamus
268 498 414 522 veterum
443 490 649 528 sentenciae,
677 499 764 531 quae
792 487 871 519 nihil
900 488 1079 529 impediunt
1133 487 1218 518 enim
1255 485 1449 527 complexus
1484 494 1550 523 est,
1585 497 1657 518 cum
1694 487 1920 529 ignoranciam
1955 487 2109 517 nominat.

99 534 278 575 Augustini
301 533 606 574 interpretationem
629 533 669 564 de
692 532 846 572 imagine.
1133 529 1175 560 Et
1197 529 1262 560 hae
1285 529 1475 559 sentenciae
1499 530 1715 560 consenciunt
1728 540 1801 561 cum
1820 529 2005 570 scripturis,
2027 529 2112 560 Nam

188 575 303 616 Itaque
333 582 429 607 vetus
460 575 622 612 divinitio,
658 585 731 605 cum
760 573 882 614 inquit,
907 578 1079 614 peccatum
1134 570 1259 602 Paulus
1283 572 1446 602 interdum
1471 581 1633 611 expresse
1656 573 1800 603 nominat
1824 570 1998 605 desectum,
2022 577 2057 602 vt
2082 571 2111 602 l.

100 627 179 650 esse
191 618 370 649 carentiam
388 618 541 654 iustitiae,
553 617 695 648 detrahit
713 626 780 646 non
797 614 904 646 solum
925 615 1080 646 obedien·
1134 613 1283 646 Corinth.
1306 615 1340 653 ij.
1387 613 1547 645 Anitnalis
1571 614 1668 645 homo
1693 624 1757 645 non
1782 615 1921 655 percipit
1945 624 2000 651 ea,
2026 624 2112 655 quae

101 661 179 692 tiam
203 659 392 692 inferiorum
416 661 535 690 virium
558 659 710 696 hominis,
734 659 795 689 sed
818 658 915 689 etiam
940 657 1081 688 detrahit
1134 657 1270 697 spiritus
1298 656 1361 688 Dei
1390 662 1475 687 sunt.
1521 655 1608 687 Alibi
1639 658 1939 697 concupiscentiam
1967 658 2113 687 nominat

100 703 256 734 noticiam
275 702 351 739 Dei,
375 702 527 734 fiduciam
551 712 631 743 erga
648 701 768 738 Deum,
781 700 929 731 timorem
949 706 980 731 et
993 710 1081 730 amo—
1135 699 1305 731 efficacem
1329 699 1359 729 in
1385 700 1557 736 membris,
1582 705 1613 729 et
1636 701 1816 739 parientem
1841 699 1946 730 malos
1971 699 2111 730 tructus.

102 755 174 776 rem
205 745 290 783 Dei,
325 751 381 776 aut
414 751 505 776 certe
537 745 604 774 vim
634 743 698 773 ista
731 742 896 774 efficiendi
927 742 1081 773 detrahit.
1135 741 1253 773 Plures
1283 740 1380 773 locos
1410 742 1513 771 citare
1549 741 1590 771 de
1624 748 1762 783 Vtraque
1792 752 1886 782 parte
1926 751 2113 782 possemus,

101 788 186 818 Nam
216 794 247 818 et
277 788 341 829 ipsi
368 786 517 828 theologi
546 787 579 816 in
603 784 728 816 scholis
757 785 890 816 tradunt
923 786 987 816 ista
1013 794 1081 815 non
1134 785 1192 815 sed
1217 785 1249 815 in
1273 794 1309 814 re
1333 783 1507 815 manifesta
1531 784 1612 814 nihil
1638 794 1721 823 opus
1746 791 1795 813 est
1820 784 2026 825 testimonijs.
2072 783 2111 815 Et

103 828 193 861 effici
227 830 301 861 sine
329 830 429 860 certis
465 829 579 865 donis,
609 834 640 858 et
669 827 791 858 auxilio
827 827 964 868 gratiae.
1010 827 1082 858 Nos
1133 826 1231 858 facile
1254 827 1402 858 iudicare
1422 827 1541 867 poterit
1570 827 1716 867 prudens
1739 825 1846 857 lector
1869 827 1930 857 lias
1956 837 2020 857 nou
2044 834 2113 857 tan-

101 873 177 913 ipsa
201 873 288 903 dona
310 872 534 908 nominamus,
562 875 597 901 vt
621 880 675 901 res
704 869 843 912 intelligi
873 871 996 909 possit,
1024 879 1082 900 no·
1135 876 1201 901 tum
1226 868 1341 909 culpas
1361 868 1508 900 actuales
1537 879 1631 906 esse,
1662 869 1733 899 sine
1755 876 1843 900 metu
1873 869 1950 900 Dei.
1981 875 2013 900 ct
2041 869 2114 900 sine

102 915 212 945 ticiam
230 914 312 952 Dei,
342 914 491 945 timorem
520 919 553 944 et
582 912 733 944 fiduciam
762 923 841 954 erga
870 912 988 943 Deum.
1034 912 1083 942 Ex
1136 913 1200 943 tide
1222 921 1308 942 esse.
1355 911 1438 942 Sunt
1461 912 1545 942 enim
1566 910 1735 942 durabiles
1759 910 1910 943 delectus
1939 913 1970 942 in
1994 918 2113 943 natura

102 957 155 988 his
178 962 316 998 apparet
338 964 483 987 veterem
506 956 728 986 definitionem
760 965 900 996 prorsus
930 955 1014 985 idem
1038 955 1083 985 di·
1135 965 1201 986 non
1226 962 1396 985 renouata.

102 1008 180 1031 cere
202 1000 291 1040 quod
316 1008 377 1029 nos
401 998 559 1035 dicimus,
584 997 796 1029 detrahentes
820 1005 941 1028 metum
964 997 1026 1028 Dei
1051 1004 1083 1028 et
1220 995 1309 1028 Nihil
1331 996 1430 1037 igitur
1453 997 1494 1027 (le
1517 1003 1654 1037 peccato
1679 996 1825 1037 Originis.
1847 997 2006 1028 sentimus
2034 996 2112 1029 alie-

101 1041 276 1078 fiduciam,
299 1039 455 1071 videlicet
478 1050 544 1071 non
567 1046 664 1071 actus
688 1046 834 1077 tantum,
857 1040 917 1071 sed
941 1040 1028 1070 dona
1051 1045 1083 1070 et
1107 1045 1112 1087 Ι
1135 1050 1223 1077 num,
1246 1045 1301 1070 aut
1324 1049 1344 1069 a
1367 1040 1542 1081 scriptura,
1567 1045 1621 1070 aut
1644 1050 1662 1069 a
1686 1038 1848 1070 catholica
1864 1038 2027 1077 Ecclesia,
2051 1040 2112 1071 sed

102 1084 169 1114 vim
190 1084 233 1114 ad
256 1084 340 1114 haec
361 1082 545 1114 efficienda.
1107 1093 1112 1119 ι
1135 1082 1352 1124 grauissimas
1376 1082 1565 1113 sentencias
1588 1084 1773 1122 scripturae
1803 1088 1832 1113 et
1856 1081 1991 1113 Petrum
2016 1083 2112 1114 obru-

190 1125 314 1156 Eadem
343 1132 394 1156 est
422 1125 591 1155 sentencia
620 1124 838 1162 delinitionis,
872 1133 957 1166 quae
992 1129 1083 1155 extat
1107 1123 1111 1148 ¹
1134 1131 1187 1155 tas
1223 1122 1422 1164 Sophisticis
1455 1125 1534 1155 rixis
1569 1124 1798 1165 theologorum
1835 1125 2033 1162 recentium,
2062 1135 2112 1155 re·

102 1168 191 1209 apud
213 1168 446 1208 Augustinum,
470 1168 524 1208 qui
548 1165 634 1197 solet
657 1167 794 1198 definire
821 1173 995 1207 peccatum
1019 1167 1082 1197 ori·
1107 1152 1111 1182 Ι
1134 1176 1325 1208 purgamuS,
1344 1171 1376 1197 et
1399 1167 1430 1197 in
1455 1166 1561 1198 lucem
1589 1168 1811 1205 restituimuS,
1843 1167 1927 1198 Nam
1956 1177 2010 1198 res
2039 1168 2113 1208 ipsa

101 1211 190 1251 ginis
225 1210 526 1250 concupiscentiam
557 1219 644 1240 esse.
690 1208 863 1250 Significat
891 1210 976 1239 enim
1006 1219 1082 1240 con·
1134 1209 1289 1251 loquitur,
1308 1210 1512 1240 recentiores
1537 1208 1713 1250 theologos
1738 1220 1804 1241 non
1828 1210 2113 1248 animaduertisse,

100 1252 338 1292 cupiscentiam
350 1252 558 1282 successisse
570 1252 693 1282 amissa
706 1252 848 1282 iusticia.
883 1251 966 1282 Nam
979 1261 1082 1293 aegra
1135 1253 1211 1293 quid
1242 1250 1405 1282 voluerint
1437 1251 1551 1283 Patres
1586 1253 1627 1283 de
1662 1251 1793 1283 defectu
1823 1251 2006 1294 loquentes.
2051 1252 2111 1284 Est

100 1300 220 1325 natura
249 1294 323 1334 quia
355 1304 421 1324 non
452 1300 563 1333 potest
597 1293 705 1324 Deum
734 1294 848 1324 timere
878 1300 909 1324 et
933 1293 1082 1335 diligere,
1134 1300 1242 1326 autem
1265 1294 1456 1325 neccssaria
1485 1295 1629 1336 cognitio
1653 1296 1782 1335 peccati
1814 1295 1969 1337 originis,
1998 1295 2114 1337 Neque

99 1335 175 1367 Deo
206 1336 360 1372 credere,
391 1336 518 1376 quaerit
546 1342 578 1366 et
605 1342 693 1367 amat
722 1334 878 1366 carnalia.
925 1335 1081 1367 iudicium
1134 1338 1218 1368 enim
1242 1344 1353 1377 potest
1377 1335 1516 1378 intelligi
1538 1338 1730 1379 magnitudo
1754 1339 1881 1380 gratiae
1898 1337 2031 1378 Christi,
2049 1338 2114 1369 nisi

99 1377 182 1416 Dei,
212 1384 268 1409 aut
291 1387 410 1409 secura
432 1379 627 1415 contemnit,
658 1385 713 1409 aut
738 1378 806 1409 odit
829 1377 1079 1418 perterrefacta,
1134 1381 1258 1411 morbis
1298 1380 1422 1410 nostris
1457 1381 1610 1422 cognitis
1666 1380 1751 1412 Tota
1791 1380 1931 1411 hominis
1970 1381 2112 1420 iusticia,

99 1420 149 1451 lta
171 1426 205 1452 et
227 1418 391 1452 desectum
415 1418 646 1461 complectitur
668 1420 894 1459 Aug-ustinus,
924 1426 956 1451 et.
977 1421 1081 1451 vicio-
1107 1420 1109 1461 f
1133 1432 1224 1453 mera
1247 1428 1297 1453 est
1319 1421 1507 1463 hypocrisis
1532 1432 1644 1454 coram
1662 1422 1756 1461 Deo,
1785 1423 1849 1454 nisi
1878 1423 2113 1464 agnouerimus

99 1473 172 1494 sum
201 1462 348 1494 habitum
383 1463 437 1504 qui
466 1463 651 1500 successit,
679 1463 795 1504 Neque
823 1473 904 1494 vero
928 1463 1080 1503 concupi·
1106 1466 1109 1500 j
1134 1474 1193 1495 cor
1215 1463 1408 1495 naturaliter
1431 1475 1552 1496 vacare
1575 1475 1705 1498 amore,
1738 1467 1872 1503 timore,
1896 1465 2014 1497 fiducia
2037 1465 2112 1497 Dei.

99 1505 230 1536 scentia
262 1511 388 1537 tantum
416 1506 583 1546 corruptio
612 1505 805 1547 qualitatum
837 1506 988 1546 corporis
1016 1512 1079 1544 est,
1105 1506 1109 1533 i
1133 1506 1212 1538 Ideo
1242 1505 1410 1547 Propheta
1444 1507 1567 1548 inquit,
1604 1508 1782 1549 Postquam
1819 1509 1990 1539 ostendisti
2022 1507 2111 1547 mihi,

99 1547 170 1579 Sed
187 1548 285 1579 etiam
308 1557 411 1589 praua
434 1548 611 1579 conuersio
635 1548 676 1579 ad
701 1547 846 1580 carnalia
869 1549 902 1578 in
932 1549 1081 1589 superio·
1106 1546 1110 1596 f
1132 1550 1285 1591 percussi
1306 1550 1412 1581 femur
1439 1560 1563 1588 meum,
1593 1550 1682 1582 Item.
1704 1553 1752 1583 ¹²)
1793 1550 1866 1592 Ego
1901 1551 1964 1582 dixi
1994 1551 2027 1582 in
2057 1560 2112 1582 ex-

99 1590 193 1621 ribus
225 1591 368 1626 viribus,
398 1590 469 1621 Nec
497 1590 609 1621 vident
638 1591 716 1631 quid
747 1591 876 1629 dicant,
903 1591 959 1631 qui
981 1590 1081 1622 simul
1106 1599 1109 1630 ξ
1133 1601 1232 1624 cessu
1256 1603 1340 1627 meo,
1365 1592 1481 1623 Omnis
1505 1592 1604 1623 homo
1627 1593 1780 1632 mendax,
1802 1594 1836 1624 id
1855 1600 1917 1631 est,
1937 1604 2002 1625 non
2021 1600 2113 1625 recte

100 1633 248 1663 tribuunt
271 1631 392 1662 homini
424 1633 727 1673 concupiscentiam
757 1643 822 1663 non
852 1633 1079 1665 mortificatam

100 1684 121 1706 a
143 1675 260 1716 spiritu
283 1680 410 1713 sancto,
435 1683 467 1705 et
488 1673 696 1706 dilectionem
718 1675 781 1706 Dei
804 1685 906 1715 super
929 1676 1049 1707 omnia.
1219 1677 1282 1711 Hic
1305 1676 1475 1720 flagellant
1488 1677 1670 1719 aduersarij
1697 1678 1792 1709 etiam
1817 1678 1996 1710 Lutherum
2022 1679 2111 1720 quod

186 1717 258 1747 Nos
281 1716 382 1758 igitur
404 1724 495 1748 recte
519 1718 743 1758 expres-simus
772 1723 937 1758 vtrunque
963 1719 995 1749 in
1025 1719 1080 1748 de·
1105 1753 1109 1759 1
1132 1721 1326 1761 scripserit,
1352 1720 1531 1751 Peccatum
1555 1721 1692 1762 originis
1723 1731 1856 1752 manere
1879 1727 1955 1762 post
1983 1721 2111 1762 Baptis-

99 1759 280 1800 scriptione
298 1759 425 1800 peccati
440 1758 631 1800 originalis,
650 1759 966 1792 videlicetdcsectus
989 1759 1078 1798 illOS,
1105 1765 1108 1809 ι
1132 1772 1231 1800 mum,
1257 1763 1392 1793 Addunt
1415 1763 1503 1793 hunc
1526 1762 1699 1794 articulum
1724 1764 1793 1794 iure
1821 1765 2007 1795 damnatum
2033 1774 2110 1795 esse

98 1811 166 1833 non
189 1811 292 1842 posse
315 1801 389 1832 Deo
420 1803 574 1838 credere,
604 1813 669 1833 non
704 1812 807 1843 posse
830 1802 937 1833 Deum
965 1805 1079 1834 timere
1132 1814 1151 1835 a
1176 1803 1288 1835 Leone
1311 1815 1342 1835 x.
1364 1805 1429 1836 Sed
1452 1805 1570 1835 Caesa.
1595 1805 1661 1837 Ma.
1682 1807 1714 1836 in
1738 1805 1890 1837 hocloco
1904 1805 2110 1837 manifestam

98 1853 140 1876 ac
173 1843 321 1885 diligere.
378 1843 457 1875 ltem
496 1843 622 1875 habere
655 1846 959 1885 concupiscentiam
994 1856 1078 1886 quae
1104 1814 1108 1884 i
1132 1846 1327 1878 calumniam
1352 1847 1583 1888 deprehendet.
1619 1849 1734 1879 Sciunt
1763 1849 1846 1879 enim
1871 1849 2053 1890 aduersarij
2078 1849 2110 1880 in

99 1886 248 1918 carnalia
270 1887 399 1927 quaerit
423 1893 537 1917 contra
561 1888 698 1918 verbum
718 1887 794 1925 Dei,
805 1886 870 1918 hoc
893 1894 956 1925 est,
979 1898 1079 1929 quae·
1103 1889 1108 1947 Ι
1132 1899 1228 1931 quam
1252 1891 1454 1921 sentenciam
1477 1889 1644 1921 Lutherus
1667 1891 1731 1922 hoc
1753 1891 1873 1922 dictum
1899 1890 1993 1929 velit,
2023 1893 2110 1933 quod

98 1929 141 1959 rit
163 1939 229 1960 non
254 1927 363 1959 solum
392 1928 582 1970 voluptates
611 1930 780 1970 corporiS,
808 1932 867 1960 sed
903 1931 1000 1961 etiam
1029 1940 1079 1961 sa·
1104 1954 1107 1959 .
1131 1939 1304 1973 peccatum
1338 1933 1474 1974 originis
1511 1932 1670 1974 reliquum
1712 1934 1751 1963 sit
1785 1940 1862 1975 post
1894 1934 2109 1975 Baptismum,

98 1971 254 2012 pientiam
278 1976 310 2002 et
331 1971 494 2002 iusticiam
517 1971 704 2010 carnalem,
731 1978 763 2003 et
787 1972 922 2003 confidit
944 1973 997 2003 his
1023 1973 1078 2004 bo·
1132 1975 1270 2015 Semper
1290 1976 1333 2005 ita
1358 1975 1507 2015 scripsit,
1532 1976 1619 2016 quod
1643 1976 1832 2017 Baptismus
1862 1975 1955 2007 tollat
1983 1983 2109 2008 reatum

98 2014 169 2052 nis,
192 2020 410 2044 contemnens
433 2013 552 2057 Deum,
585 2014 700 2056 Neque
721 2013 830 2046 solum
854 2022 997 2053 veteres,
1017 2016 1078 2046 sed
1131 2018 1260 2058 peccati
1284 2017 1466 2059 originalis,
1484 2019 1579 2049 etiam
1604 2019 1632 2048 si
1656 2017 1835 2057 materiale,
1855 2025 1888 2049 vt
1910 2020 1963 2050 isti
1975 2025 2108 2057 vocant,

98 2057 197 2087 etiam
221 2055 443 2092 recentiores,
472 2056 507 2086 Si
539 2057 594 2096 qui
617 2063 693 2088 sunt
717 2057 929 2090 cordaciores
959 2059 1079 2089 docent
1131 2061 1257 2101 peccati
1293 2068 1440 2097 maneat,
1481 2060 1633 2092 videlicet
1675 2063 1953 2102 concupiscentia.
2011 2062 2109 2093 Addi-

99 2097 200 2130 simul
228 2099 293 2129 ista
315 2107 395 2129 vere
424 2104 594 2137 peccatum
627 2099 766 2140 originis
797 2110 891 2137 esse,
926 2100 1077 2132 defectus
1130 2103 1243 2139 ditffl)
1277 2103 1374 2134 etiam
1404 2104 1444 2134 de
1472 2102 1650 2141 materiali,
1684 2105 1772 2145 quod
1805 2105 1938 2145 spiritus
1972 2112 2108 2136 sanctus

99 2140 266 2178 videlicet,
290 2150 376 2181 quos
406 2140 575 2177 recensui,
606 2149 638 2172 et
667 2143 976 2183 concupiscentiam.
1021 2143 1078 2175 Sic
1131 2145 1228 2176 datus
1251 2155 1312 2187 per
1340 2146 1560 2187 Baptismum,
1585 2147 1697 2188 incipit
1726 2147 1924 2178 mortificare
1953 2148 2108 2188 concupi-

100 2184 186 2215 enim
209 2183 313 2224 inquit
335 2181 497 2220 Thomas,
522 2182 698 2215 Peccatum
726 2185 861 2226 originis
885 2185 985 2217 habet
1013 2187 1077 2226 pri·
1129 2188 1308 2225 scentiam,
1342 2196 1373 2220 et
1404 2198 1510 2220 nouos
1544 2195 1655 2220 motus
1685 2196 1775 2220 creat
1802 2191 1833 2221 in
1869 2188 2009 2221 homine.
2054 2191 2107 2221 Ad

100 2227 266 2258 uationem
291 2224 463 2266 originalis
488 2226 646 2263 iusticiae,
671 2233 703 2257 et
727 2237 800 2258 cum
824 2226 889 2259 hoc
911 2228 1077 2259 inordina·
1130 2231 1271 2262 eundem
1299 2232 1431 2263 modum
1465 2230 1608 2272 loquitur
1642 2239 1674 2263 et
1704 2232 1930 2273 Augustinus,
1965 2233 2018 2273 qui
2051 2233 2107 2269 ait,

102 2275 169 2299 tam
197 2267 446 2309 dispositionem
475 2271 616 2308 partium
643 2269 787 2306 animae,
815 2271 902 2301 vnde
930 2281 995 2302 non
1024 2277 1077 2302 est
1129 2272 1308 2304 Peccatum
1333 2275 1365 2305 in
1389 2275 1558 2315 Raptismo
1581 2275 1774 2312 remittitur,
1804 2285 1868 2305 non
1892 2281 1926 2305 vt
1957 2285 2022 2306 non
2053 2276 2106 2316 sit,

101 2311 249 2351 priuacio
273 2320 373 2350 puta,
397 2310 466 2341 Sed
489 2310 620 2350 quidam
643 2311 775 2342 habitus
803 2319 992 2353 corruptus.
1036 2312 1077 2344 Et
1100 2315 1104 2371 Ι
1129 2316 1190 2346 sed
1215 2322 1249 2346 vt
1273 2326 1338 2347 non
1362 2317 1547 2358 imputetur.
1568 2319 1599 2337 ¹⁴
1606 2325 1618 2351 J
1662 2317 1722 2347 Hic
1746 2315 1852 2357 palam
1876 2317 1996 2348 fatetur
2018 2327 2107 2356 esse,

102 2352 349 2390 Bonauentura,
372 2351 455 2384 Cum
474 2353 643 2394 quaeritur
665 2354 743 2394 quid
766 2355 808 2385 sit
826 2354 989 2396 originale
1002 2366 1077 2397 pec-

101 2401 223 2432 catum,
245 2401 337 2426 recte
359 2395 594 2436 respondetur,
621 2396 710 2437 quod
733 2397 778 2427 sit
805 2398 1076 2439 concupiscentia

101 2437 327 2469 immoderata.
372 2436 478 2468 Recte
511 2439 609 2469 etiam
640 2440 879 2479 respondetur,
914 2441 1001 2481 quod
1035 2442 1078 2473 sit
1132 2453 1177 2483 ιι)
1197 2453 1329 2484 carentia,]
1348 2452 1429 2477 Editt.
1449 2454 1538 2477 2—4.:
1559 2455 1683 2477 carentia.

1133 2496 1178 2526 12)
1198 2502 1296 2525 meum,
1315 2496 1400 2527 Item]
1421 2496 1499 2519 Edttt.
1520 2497 1609 2519 2—4.:
1628 2503 1720 2520 meum.
1749 2496 1822 2526 Item,

1134 2538 1176 2569 2³)
1198 2538 1318 2570 Addidit]
1340 2540 1376 2562 sic
1396 2539 1476 2562 Editt.
1499 2538 1586 2567 1-3.;
1606 2538 1654 2562 Ed.
1674 2540 1714 2563 4.:
1733 2539 1815 2562 Addit

104 2574 148 2605 ιο)
168 2572 274 2605 iuquit]
295 2572 344 2596 Ed.
363 2572 403 2596 3.:
421 2573 513 2605 inquit,
1100 2573 1105 2598 Ι
1133 2580 1176 2611 14)
1197 2581 1356 2612 imputetur]
1377 2581 1413 2604 sic
1431 2579 1512 2604 Editt.
1535 2580 1623 2609 1-3.;
1643 2580 1690 2607 Ed.
1709 2583 1747 2605 4.:
1767 2586 1907 2613 reputetur.

1132 1635 1288 1666 senciens
1313 1636 1353 1666 de
1376 1634 1462 1666 Det).
