2366 2958
191 210 255 242 551

193 309 326 346 oportet
349 312 411 335 nos
434 302 500 334 fide
521 303 673 343 accipere
696 300 924 335 remissionem
946 308 1176 344 peccatorum,

219 357 293 378 uam
321 345 430 387 legem
460 343 617 377 facimus.
652 346 734 383 etsi,
767 353 801 377 vt
829 355 932 387 supra
967 345 1089 377 dictum
1114 351 1177 383 est,

220 390 293 421 dem
317 388 450 420 dilectio
473 390 634 429 sequitur,
658 388 733 429 quia
746 389 849 420 renati
863 389 1013 430 spiritum
1025 394 1176 419 sanctum

195 432 380 473 accipiunt,
408 432 484 462 ideo
508 430 615 472 legem
638 429 752 462 faeere
775 431 944 472 incipiunt.
990 430 1176 462 Citaremus

193 475 294 515 plura
328 474 539 510 testimonia,
575 473 636 504 nisi
672 474 770 504 obuia
804 480 921 506 essent
955 472 1087 506 cuilibet
1121 474 1176 514 pio

193 517 314 549 lectori
338 518 369 548 in
394 516 578 557 scripturis.
625 515 665 546 Et
688 525 750 547 nos
781 527 847 548 non
869 517 964 548 nimis
981 518 1034 553 24)
1057 515 1177 557 prolixi

195 570 274 593 esse
297 560 465 600 cupimus,
489 566 521 589 vt
541 556 669 589 facilius
693 558 779 590 haec
803 569 906 591 causa
932 560 1075 600 perspici
1098 569 1177 600 pos-

195 603 249 635 sit.
295 603 412 644 Neque
442 611 523 632 vero
552 601 684 632 dubium
708 607 777 639 est,
806 603 885 644 quin
915 601 1000 634 haec
1030 602 1071 632 sit
1102 611 1176 632 sen·
1200 595 1206 650 Ι

194 646 303 677 1011οῑ3
328 643 438 680 Pauli,
466 654 563 685 quam
588 643 811 681 defendimus,
835 645 922 687 quod
947 644 1012 675 fide
1035 644 1177 684 accipia-

194 698 268 720 mus
303 687 533 719 remissionem
574 693 788 727 peccatorum
828 694 965 729 propter
998 686 1178 724 Christum,

195 731 284 773 quod
316 730 381 761 fide
411 729 623 760 mediatorem
653 729 821 762 Christum
853 739 1022 771 opponere
1057 729 1176 760 debea-

194 783 268 805 mus
298 774 366 804 irae
389 771 471 811 Dei,
495 782 561 803 non
591 782 692 814 opera
716 779 843 804 nostra.
888 773 960 804 Nec
982 772 1177 812 perturben-

196 822 250 848 tur
278 816 352 857 piae
390 822 536 852 menteS,
570 816 697 847 etiamsi
732 814 825 847 Pauli
861 815 1053 846 sentencias
1087 812 1176 845 calu-

195 859 361 890 mnientur
383 858 580 899 aduersarij.
625 857 715 889 Nihil
739 865 803 889 tam
832 856 1024 899 simpliciter
1047 857 1176 894 dicitur,

196 901 285 943 quod
310 912 375 932 non
399 908 496 942 queat
521 901 696 942 deprauari
721 899 919 932 cauillando.
954 900 1025 931 Nos
1049 899 1177 931 scimus
1203 919 1206 964 Ι

195 943 300 982 113110,
330 954 427 985 quam
452 944 612 981 diximus,
637 953 748 975 veram
773 950 805 975 et
829 952 1021 985 germanam
1045 948 1177 973 senten—

197 988 281 1018 ciam
305 986 400 1018 Pauli
424 996 517 1025 esse,
540 987 665 1018 scimus
689 987 775 1017 hanc
799 992 949 1017 nostram
972 985 1178 1016 sentenciam

195 1030 261 1072 pijs
285 1030 502 1071 conscientijs
526 1029 652 1060 firmam
673 1027 936 1060 consolationem
953 1027 1084 1065 afferre,
1107 1028 1178 1058 sine

195 1083 261 1115 qua
286 1083 381 1103 nemo
404 1073 590 1104 consistere
613 1073 644 1102 in
675 1072 797 1103 iudicio
819 1071 882 1102 Dei
907 1077 1018 1112 queat.
1064 1069 1178 1111 ltaque

195 1116 409 1157 repudientur
448 1113 525 1145 illae
559 1113 776 1145 pharisaicae
810 1114 984 1155 opiniones
1023 1113 1208 1144 aduersa--

196 1159 341 1195 riorum,
375 1158 462 1199 quod
501 1167 566 1188 non
599 1157 800 1198 accipiamus
842 1156 906 1188 fide
948 1156 1178 1187 remissionem

197 1208 429 1242 peccatorum,
457 1200 517 1230 sed
541 1200 629 1241 quod
661 1205 815 1240 oporteat
849 1199 967 1230 mereri
1002 1197 1179 1231 dilectione

196 1251 312 1275 nostra
342 1249 373 1274 et
403 1243 578 1284 operibus,
606 1244 696 1283 quod
724 1242 934 1273 dilectionem
967 1247 1116 1273 nostram
1147 1246 1180 1272 et

196 1297 298 1327 opera
321 1293 437 1317 nostra
459 1286 529 1317 irae
554 1285 615 1316 Dei
647 1294 818 1326 opponere
849 1285 1042 1316 debeamus.
1089 1284 1180 1315 Haec

196 1330 347 1361 doctrina
370 1327 455 1369 legi<
480 1334 541 1366 est,
565 1338 629 1358 non
650 1327 839 1369 Euungelij,
862 1337 947 1369 quae
971 1326 1065 1369 fingit
1088 1327 1180 1368 prius

194 1371 360 1404 hominem
394 1370 468 1413 lege
502 1370 692 1409 iustificari,
726 1381 823 1412 quam
849 1380 910 1411 per
933 1369 1102 1401 Christum
1132 1380 1180 1401 re-

196 1414 394 1447 conciliatus
417 1415 459 1445 sit
484 1413 558 1445 Deo
573 1436 582 1452 ,
615 1425 689 1446 curn
713 1412 866 1445 Christus
890 1413 996 1451 dicat,
1026 1412 1105 1444 Sine
1129 1422 1180 1444 nie

195 1456 276 1490 nihil
307 1457 446 1498 potestis
476 1455 601 1488 facere.
652 1457 749 1494 ltem,
778 1455 851 1498 Ego
880 1466 954 1488 sum
983 1456 1060 1487 vitis
1088 1465 1181 1494 vera,

195 1511 258 1533 vos
282 1498 444 1542 palmites.
492 1499 616 1531 Verum
646 1500 829 1541 aduersarij
853 1499 982 1542 fingunt
1011 1509 1074 1531 nos
1103 1508 1181 1530 esse

217 1543 366 1581 almites,
397 1553 462 1575 non
488 1541 628 1581 Christi,
653 1542 714 1574 sed
738 1541 847 1574 Moisi.
894 1542 990 1573 Prius
1013 1542 1099 1573 enim
1122 1550 1179 1572 vo-

210 1593 267 1618 unt
308 1585 385 1627 lege
418 1585 612 1621 iustificari,
652 1583 862 1617 dilectionem
896 1586 1114 1622 nostram²⁵)
1148 1590 1179 1615 01

196 1639 298 1671 opera
333 1629 451 1660 offerre
480 1629 571 1667 Deo,
599 1639 697 1670 quam
730 1627 987 1660 reconcilientur
1015 1626 1090 1659 Deo
1120 1637 1181 1668 per

195 1672 373 1710 Christum,
395 1682 495 1713 quam
516 1672 582 1702 sint
604 1670 758 1713 palmites
778 1670 911 1703 Christi.
947 1668 1071 1703 Paulus
1096 1680 1175 1702 con-

194 1721 246 1747 tra
270 1715 438 1747 contendit
469 1713 577 1757 legem
608 1724 674 1745 non
698 1723 801 1755 posse
831 1714 901 1746 fieri
935 1714 1009 1746 sine
1032 1713 1177 1745 Christo.

194 1757 274 1790 ldeo
308 1758 484 1799 promissio
519 1758 611 1798 prius
639 1757 833 1798 accipienda
864 1763 932 1791 est,
968 1762 1001 1788 vt
1032 1756 1095 1788 fide
1129 1766 1179 1787 re-

195 1799 410 1833 conciliemur
440 1799 533 1838 Deo,
563 1806 699 1841 propter
723 1799 910 1837 Christum,
945 1810 1044 1841 quam
1067 1797 1178 1841 legem

195 1843 344 1876 facimus.
393 1843 482 1874 llaec
506 1844 588 1874 satis
612 1843 789 1885 perspicua
812 1852 889 1874 esse
913 1843 978 1885 pijs
1004 1843 1177 1874 conscien-

193 1888 247 1929 tijs
280 1887 515 1918 existimamus.
563 1885 602 1917 Et
632 1886 708 1917 hinc
743 1884 943 1929 intelligent,
978 1885 1047 1917 Cur
1076 1895 1178 1926 supra

193 1929 339 1972 professi
369 1930 473 1960 simus
497 1929 669 1961 iustificari
693 1928 844 1960 homines
860 1932 913 1968 26)
937 1929 1020 1965 tide,
1043 1938 1110 1960 non
1133 1928 1176 1958 di-

194 1973 357 2011 lectione,
382 1972 457 2014 quia
479 1978 611 2012 oportet
635 1982 698 2003 nos
722 1982 891 2013 opponere
914 1972 983 2003 irae
1007 1971 1086 2008 Dei,
1110 1980 1176 2002 non

193 2023 342 2047 nostram
385 2015 615 2053 dilectionem,
656 2021 712 2046 aut
747 2025 871 2055 opera,
911 2021 967 2046 aut
1008 2013 1178 2046 confidere

193 2065 309 2091 nostra
332 2058 510 2089 dilectione
533 2068 573 2088 ac
596 2059 766 2098 operibus
790 2058 850 2089 sed
864 2056 1033 2089 Christum
1056 2057 1176 2088 media-

193 2109 309 2134 torem.
356 2101 395 2132 Et
426 2101 518 2141 prius
541 2107 672 2141 oportet
703 2101 954 2142 apprehendere
984 2100 1175 2142 promissio·

193 2155 268 2176 nem
293 2144 497 2175 remissionis
521 2150 748 2185 peccatorum,
771 2154 868 2185 quam
891 2142 998 2185 legem
1023 2141 1174 2175 facimus.

281 2186 476 2224 Postremo,
506 2187 639 2228 quando
663 2187 724 2217 erit
749 2193 867 2227 pacata
891 2186 1113 2224 conscientia,
1140 2186 1176 2218 Si

193 2231 267 2262 ideo
291 2230 473 2271 accipimus
498 2230 725 2260 remissionem
750 2236 983 2270 peccatorum,
1011 2229 1089 2271 quia
1113 2239 1175 2260 nos

193 2273 371 2325 diligimus),
395 2279 448 2304 aut
474 2271 582 2314 legem
611 2270 773 2304 facimus'.²
807 2273 945 2314 Semper
968 2273 1054 2304 enim
1078 2283 1176 2304 accu-

192 2318 279 2348 sabit
303 2326 366 2347 nos
388 2315 454 2352 lex,
479 2315 555 2357 quia
579 2325 744 2358 nunquam
769 2313 834 2357 legi
851 2315 913 2347 Dei
938 2313 1174 2355 satisfacimus,

193 2359 285 2392 Sicut
309 2359 411 2401 inquit
436 2357 572 2390 Paulus.
618 2358 687 2389 Lex
718 2359 799 2389 iram
824 2365 1000 2398 operatur,
1028 2357 1175 2400 Chryso-

193 2409 321 2434 etomus
333 2402 461 2443 quaerit
475 2402 516 2432 de
537 2402 758 2443 poenitencia,
782 2401 869 2432 vnde
882 2402 963 2433 certi
987 2401 1174 2439 reddamur,

194 2453 329 2487 pecc-ata
362 2445 457 2476 nobis
485 2445 625 2476 remissa
655 2454 745 2477 esse.
791 2445 961 2480 Quaerunt
989 2451 1022 2476 et
1044 2444 1076 2476 in
1099 2454 1174 2476 sen·

194 2590 241 2618 ²4)
261 2588 347 2622 nimiu]
366 2590 413 2615 Ed.
434 2593 474 2614 ⁴.:
493 2593 577 2615 minu·

194 2633 240 2661 ¹5)
260 2635 384 2664 nost-nm}
404 2633 482 2657 Edita
503 2635 594 2657 ²-⁴.:
614 2641 686 2658 sum

195 2676 241 2707 ²0)
261 2676 388 2708 boninus]
407 2676 455 2701 Ed.
477 2678 516 2701 ⁴.:
536 2677 666 2700 bominem

640 208 750 240 PHIL.
774 209 877 242 MEL.
902 207 1090 241 SCRIPTA
1113 206 1382 241 DOGMAthA
1404 205 1460 238 ΕΤ
1483 205 1754 240 SYMBOLICA.

2139 209 2205 241 552

1228 302 1339 342 tentijs
1373 300 1489 332 eadem
1526 300 1567 331 de
1595 309 1633 332 re
1665 301 1862 343 aduersarij.
1917 300 1992 334 Hoc
2027 312 2095 334 non
2133 308 2204 344 pot-

1228 351 1280 376 est
1325 342 1507 384 explicari,
1551 353 1618 374 non
1664 349 1807 384 possunt
1846 345 2073 377 conscientiae
2114 346 2207 378 reddi

1227 385 1446 428 tranquillae,
1486 384 1548 416 nisi
1587 386 1693 417 sciant
1726 387 1915 419 mandatum
1949 386 2012 419 Dei
2046 397 2143 426 esse,
2174 394 2207 420 et

1229 430 1337 471 ipsum
1356 427 1593 469 Euangelium,
1616 434 1652 459 vt
1674 434 1766 460 certo
1790 435 1935 462 statuant
1959 436 2095 472 propter
2113 430 2205 462 Chri-

1228 479 1314 504 stum
1335 471 1440 514 gratis
1463 471 1583 502 remitti
1613 477 1770 512 peccata,
1802 481 1865 504 nec
1893 473 2043 505 dubitent
2070 473 2135 505 sibi
2156 483 2206 505 re·

1228 515 1317 547 mitti.
1363 513 1399 546 Si
1434 514 1508 555 quis
1532 513 1683 552 dubitat,
1723 514 1776 552 is,
1809 520 1844 546 vt
1868 514 2034 548 lohannes
2066 516 2123 554 ait,
2153 526 2207 548 ac-

1228 564 1324 589 cusat
1343 557 1596 599 promissionem
1624 557 1766 588 diuinam
1795 558 1970 600 mendacij.
2016 557 2112 590 Hanc
2134 568 2206 590 cer·

1228 601 1399 632 titudinem
1429 599 1504 631 fidei
1534 609 1596 630 nos
1620 599 1780 631 docemus
1803 601 1924 642 requiri
1947 602 1980 633 in
2007 599 2206 644 Euangelio.

1229 642 1424 684 Aduersarij
1449 641 1637 683 relinquunt
1661 642 1885 674 conscientias
1908 644 2053 676 incertas
2084 650 2116 675 et
2143 654 2210 676 am-

1229 687 1392 728 bigentes.
1437 684 1525 716 Nihil
1549 691 1657 717 autem
1684 691 1787 727 agunt
1815 687 2040 719 conscientiae
2062 697 2103 718 ex
2133 685 2211 725 fide,

1230 740 1305 761 cum
1333 734 1493 770 perpetuo
1522 728 1688 766 dubitant,
1723 734 1832 760 vtrum
1866 728 2009 761 babeant
2042 730 2211 762 remissio·

1229 782 1314 803 nem.
1371 771 1547 806 Quomodo
1580 777 1721 811 possunt
1762 771 1794 802 in
1829 770 1894 803 hac
1927 772 2132 804 dubitatione
2163 773 2210 804 in·

1229 824 1352 846 uocare
1388 813 1512 845 Deum?
1546 814 1712 855 quomodo
1746 819 1889 855 possunt
1919 821 2088 853 statuere,
2121 815 2210 856 quod

1230 856 1469 888 exaudiantur?
1512 856 1561 887 lta
1588 862 1657 887 tota
1686 857 1754 888 vita
1777 863 1828 888 est
1863 858 1935 890 sine
1957 857 2050 895 Deo,
2078 863 2111 889 et
2138 857 2212 890 sine

1229 909 1311 930 vero
1336 897 1426 930 cultu
1448 897 1522 929 Dei.
1569 898 1642 930 Floc
1665 905 1715 931 est
1738 900 1828 941 quod
1851 899 1975 932 Paulus
1997 900 2111 942 inquit.
2133 910 2210 941 pec—

1231 948 1339 974 catum
1370 950 1448 972 esse
1478 941 1634 982 quidquid
1663 951 1730 973 non
1759 942 1795 973 fit
1822 953 1863 974 ex
1887 942 1965 981 fide,
2010 942 2051 974 Et
2081 943 2158 984 quia
2179 943 2213 974 in

1230 984 1295 1016 hac
1323 983 1527 1016 dubitatione
1554 990 1714 1025 perpetuo
1745 991 1938 1023 versantur,
1966 995 2134 1027 nunquam
2157 996 2213 1018 ex-

1231 1028 1403 1068 periuntur
1435 1026 1513 1067 quid
1543 1027 1586 1056 sit
1617 1026 1711 1058 fides.
1757 1027 1803 1058 lta
1834 1027 1869 1059 fit
1900 1035 1934 1059 vt
1966 1028 2008 1059 ad
2032 1035 2213 1060 extremum

1231 1076 1328 1102 ruant
1350 1070 1384 1101 in
1407 1069 1686 1110 desperationem.
1731 1068 1822 1100 Talis
1846 1076 1897 1101 est
1920 1071 2073 1102 doctrina
2093 1071 2213 1103 aduer-

1232 1113 1415 1150 sariorum,
1446 1112 1598 1143 doctrina
1620 1110 1724 1154 legiS‚
1753 1113 1929 1154 abrogatio
1950 1112 2136 1156 Euangelij,
2158 1114 2213 1145 do-

1233 1156 1339 1187 ctrina
1363 1155 1618 1197 desperationis.
1663 1155 1760 1186 Nunc
1781 1154 1923 1187 libenter
1941 1156 2094 1187 omnibus
2118 1157 2214 1188 bonis

1232 1199 1313 1230 viris
1346 1198 1566 1240 permittimus
1595 1198 1750 1229 iudicium
1781 1199 1822 1230 de
1851 1198 1918 1230 hoc
1944 1197 2021 1230 1000
2045 1199 2214 1239 poeniten·

1233 1242 1317 1280 ciae,
1341 1239 1422 1273 nihil
1445 1241 1530 1272 enirn
1554 1239 1656 1272 habet
1680 1241 1829 1280 obscuri,
1853 1247 1887 1273 vt
1899 1242 2133 1282 pronuncient,
2153 1242 2218 1274 Vtri

1232 1284 1339 1326 magis
1365 1284 1420 1325 pia
1445 1289 1478 1315 et
1501 1281 1649 1315 salubria
1673 1284 1906 1325 conscientijs,
1929 1285 2119 1323 docuerint,
2140 1294 2217 1324 nos,

1233 1337 1276 1358 an
1310 1326 1507 1368 aduersarij.
1566 1325 1723 1360 Profecto
1755 1338 1821 1359 11011
1856 1326 2022 1359 delectant
2056 1337 2121 1359 nos
2154 1327 2219 1360 hae

1233 1370 1463 1401 dissensiones
1486 1370 1519 1400 in
1542 1369 1708 1408 Ecclesia,
1732 1380 1836 1411 quare
1858 1371 1922 1401 nisi
1946 1379 2086 1412 magnas
2110 1376 2143 1402 et
2161 1380 2218 1402 ne-

1233 1413 1402 1444 cessarias
1426 1421 1547 1446 causas
1570 1411 1772 1445 haberemus
1795 1413 2017 1445 dissenciendi
2036 1414 2078 1445 ab
2097 1413 2217 1446 aduer-

1233 1456 1352 1495 sarijs,
1386 1465 1516 1487 summa
1550 1454 1723 1487 voluntate
1756 1462 1957 1488 taceremus.
2013 1455 2109 1488 Nunc
2143 1465 2218 1488 011111

1233 1498 1295 1540 ipsi
1319 1497 1529 1529 manifestam
1552 1499 1724 1530 veritatem
1743 1500 1915 1537 damnent,
1931 1500 1984 1536 ²⁷)
2006 1508 2073 1530 nou
2097 1505 2148 1531 est
2171 1500 2217 1531 in-

1232 1546 1362 1583 tegrum
1398 1541 1494 1572 nobis
1529 1541 1687 1573 deserere
1702 1542 1754 1579 ²⁸)
1789 1551 1924 1573 causam
1957 1551 2026 1573 non
2054 1548 2216 1581 nostram,

1233 1584 1294 1616 sed
1316 1583 1440 1615 Christi
1464 1590 1496 1614 et
1518 1582 1703 1615 Ecclesiae.

1320 1625 1472 1658 Diximus
1495 1637 1578 1668 quas
1601 1627 1644 1658 ob
1669 1636 1790 1658 causas
1816 1627 2027 1668 posuerimus
2048 1626 2109 1658 hm
2131 1627 2215 1659 duas

1232 1676 1346 1711 partes
1369 1669 1601 1710 poenitenciae
1637 1670 1876 1702 contricionem
1898 1676 1930 1701 et
1964 1669 2074 1701 fidem.
2114 1669 2150 1701 ld
2174 1679 2217 1704 ue

1232 1714 1299 1744 hoc
1322 1710 1462 1744 fecimus
1490 1711 1667 1747 libentius,
1705 1713 1781 1754 quia
1809 1711 2085 1744 circumferuntur
2112 1723 2166 1744 mu
2182 1719 2217 1745 ta

1232 1756 1320 1787 dicta
1359 1756 1400 1787 de
1439 1755 1646 1797 poenitencia
1687 1766 1771 1797 quae
1806 1762 1959 1788 truncata
1994 1756 2135 1788 citantur
2174 1765 2216 1788 ex

1233 1798 1407 1836 Patribus,
1435 1809 1521 1840 quae
1543 1799 1586 1830 ad
1609 1799 1853 1830 obscurandam
1877 1798 1975 1830 fidem
2004 1799 2217 1830 detorserunt

1232 1842 1430 1883 aduersarij.
1471 1839 1565 1873 Talia
1588 1849 1678 1879 sunt,
1703 1842 1913 1884 poenitencia
1936 1848 1987 1873 est
2008 1840 2097 1873 mala
2119 1851 2216 1883 prae-

1231 1885 1328 1916 terita
1351 1883 1529 1927 plangere,
1558 1891 1591 1916 et
1615 1883 1803 1927 plangenda
1831 1885 1946 1916 iterum
1973 1894 2039 1916 non
2069 1883 2215 1917 commit-

1231 1934 1310 1959 tere.
1358 1928 1449 1965 ltem,
1473 1927 1689 1959 poenitencia
1713 1934 1763 1959 est
1811 1927 1951 1959 uaedam
1979 1925 2122 1959 dolentis
2146 1927 2213 1959 vin-

1231 1971 1331 2009 dicta,
1353 1971 1494 2013 puniens
1517 1971 1549 2001 in
1574 1980 1611 2001 se
1635 1970 1724 2011 quod
1749 1970 1791 2002 do
1807 1977 1837 2002 et
1861 1980 1900 2002 se
1923 1970 2144 2001 commisisse.
2179 1970 2216 2002 ln

1230 2012 1281 2045 his
1305 2014 1401 2045 dictis
1426 2011 1516 2045 nulla
1545 2012 1579 2044 fit
1603 2015 1725 2045 mentio
1759 2012 1852 2051 fidei,
1882 2014 1933 2044 Ac
1961 2022 2003 2044 ne
2031 2013 2063 2044 in
2087 2011 2216 2045 scholis

1254 2057 1372 2093 uidem,
1396 2067 1469 2088 cum
1489 2057 1758 2097 interpretantur,
1781 2055 1905 2098 aliquid
1926 2056 1967 2087 de
1985 2055 2050 2088 fide
2068 2055 2211 2088 additur.

1230 2067 1342 2135 auare
1372 2109 1435 2131 nos
1466 2109 1555 2137 eam,
1584 2106 1617 2131 vt
1646 2100 1753 2141 magis
1781 2099 1931 2140 conspici
1955 2099 2108 2131 doctrina
2135 2098 2212 2131 fidei

1253 2149 1363 2180 osset,
1409 2143 1493 2173 inter
1533 2148 1646 2184 partes
1686 2143 1915 2184 poenitenciae
1955 2142 2209 2174 numerauimus.

1228 2154 1313 2218 Ram
1337 2184 1392 2217 illa
1415 2186 1522 2221 dicta,
1569 2196 1631 2217 uae
1655 2186 1894 2218 contricionem
1916 2191 1973 2217 aut
1997 2185 2085 2216 bona
2109 2194 2213 2226 opera

1230 2229 1418 2271 requirunt,
1453 2235 1484 2260 et
1514 2239 1557 2260 nu
1573 2227 1637 2260 lam
1669 2228 1743 2260 fidei
1774 2229 1982 2260 iustilicantis
2006 2228 2211 2260 mencionem

1228 2270 1364 2305 faciunt.
1387 2270 1577 2313 periculosa
1600 2281 1690 2304 esse.
1713 2282 1768 2303 res
1792 2272 1864 2313 ipsa
1883 2271 2039 2303 ostendit.
2079 2269 2121 2302 Et
2143 2280 2210 2303 me·

1227 2316 1290 2347 rito
1320 2315 1501 2346 desiderari
1531 2315 1712 2357 prudencia
1747 2315 1778 2345 in
1807 2315 1881 2346 istie
1911 2319 2021 2355 potest
2049 2314 2103 2355 qut
2133 2323 2210 2345 cen·

1228 2364 1324 2389 tones
1337 2356 1413 2389 illos
1426 2359 1669 2390 sentenciarum
1689 2364 1719 2389 et
1733 2357 1940 2389 decretorum
1954 2363 2210 2399 congesserunt,

1226 2400 1310 2432 Nam
1341 2412 1414 2432 cum
1439 2400 1555 2433 Patres
1586 2399 1670 2432 alias
1701 2401 1742 2433 de
1770 2399 1835 2432 alia
1858 2406 1951 2442 parte
1980 2400 2210 2442 poenitenciae

1226 2442 1421 2486 loquantur,
1447 2454 1512 2475 non
1535 2450 1659 2475 tantum
1683 2444 1724 2475 de
1747 2454 1811 2474 vna
1835 2450 1945 2484 parte,
1974 2444 2033 2474 sed
2056 2443 2098 2474 de
2121 2448 2210 2474 vtra-

1228 2497 1311 2529 que,
1336 2485 1400 2519 hoc
1423 2495 1493 2526 est,
1518 2488 1560 2519 de
1584 2487 1790 2519 contricione
1814 2493 1846 2518 et
1869 2486 1950 2524 fide,
1973 2495 2155 2527 excerpere
2177 2492 2210 2517 et

1226 2633 1273 2663 Π)
1293 2633 1436 2665 «1313110111»,1
1455 2633 1503 2658 ta.
1524 2635 1561 2658 t:
1582 2633 1712 2661 danunt,

1227 2677 1274 2708 2⁸)
1294 2676 1423 2710 deserere]
1443 2677 1490 2701 Ed.
1510 2677 1547 2701 8.;
1567 2677 1694 2701 disserere
