2366 2958
156 229 159 232 ,
176 198 243 232 519

179 298 237 318 tota
254 292 302 317 illa
319 292 406 316 contio
425 290 523 316 Christi
541 290 665 320 coniungi
688 288 781 318 debet,
805 287 878 311 cuins
900 286 997 310 multae
1017 289 1078 310 aunt
1099 292 1158 317 par-

180 332 228 357 tes,
247 333 355 358 quarum
371 326 439 350 aliae
458 325 490 349 de
514 324 578 353 fide,
602 324 670 348 aliae
693 324 725 347 de
749 322 872 353 operibus
895 321 1066 353 praecipiunt.
1100 320 1158 344 Nec

181 366 221 388 est
239 361 344 386 candidi
368 360 474 384 lectoris
496 365 636 390 excerpere
660 360 798 389 praecepta
819 362 940 387 opernm,
965 355 1068 379 omissis
1093 354 1157 378 locis

180 397 214 421 d·
232 395 292 420 fide.
321 394 389 420 Sunt
406 398 432 418 et
448 393 576 422 nonnulli,
594 393 636 424 qui
655 391 769 416 ironiam
788 397 844 414 esse
861 391 1071 421 interpretantur,
1090 388 1157 412 Date

180 431 356 461 elemosynas,
375 432 401 452 et
417 428 505 452 omnia
521 431 582 450 sunt
604 425 708 450 munda.
746 424 858 448 Videtur
880 424 949 448 enim
973 422 1090 448 Christus
1111 429 1158 446 ua-

180 472 242 490 nam
260 464 452 496 persuasionem
471 461 653 485 Phariseorum
672 460 740 484 salse
752 463 863 488 taxare,
887 459 931 489 qui
953 465 1010 482 cnm
1032 456 1159 481 haberent

182 500 283 524 animos
302 497 420 529 pessimis
439 495 623 527 cupiditatibus
647 493 789 523 obnoxios,
811 493 915 517 interim
939 492 1007 516 datis
1031 491 1158 522 elemosy-

182 534 232 563 nis,
255 532 422 557 confidebant
446 538 474 553 se
501 536 587 553 meros
610 528 739 552 semideos
763 534 829 552 esse.
872 526 945 551 Haec
972 527 1157 557 interpretacio

182 575 236 592 non
255 571 295 591 est
311 565 432 594 absurda,
451 571 534 595 neque
552 563 694 595 quidquam
711 561 791 586 habet
813 561 884 593 quod
902 564 1000 593 pugnet
1021 567 1080 585 cum
1099 560 1158 591 alijs

177 603 228 627 scri
247 601 318 624 turis.

230 610 413 659 pAdderemus
431 636 458 656 et
474 632 540 656 alios
559 631 647 660 locos,
665 631 717 655 nisi
740 629 946 654 existimaremus
969 635 1003 652 ex
1028 627 1068 652 his
1093 634 1158 659 quos

179 669 354 694 recensuimus
381 672 458 699 atque
487 666 678 694 enan-animus,
707 664 803 689 similes
830 664 938 688 iudicari
966 662 1043 687 facile
1070 668 1156 693 posse.

178 703 234 728 Sed
259 703 412 734 adijciemus
434 701 485 724 hoc
513 699 704 725 Scholasticnm
733 701 919 729 argumentum.
956 696 1089 721 Iusticiam
1112 702 1157 719 nc-

178 745 252 762 cesse
275 741 314 760 est
336 737 363 760 in
385 735 520 760 uoluntate
544 741 608 758 esse.
644 733 715 764 Ergo
740 739 797 756 cum
820 731 884 756 fides
909 732 943 755 sit
963 732 990 755 in
1015 729 1157 759 intellectu,

178 779 232 797 non
258 771 387 795 iustificat.
424 769 483 793 Hoc
504 772 684 800 argumentum
714 767 775 791 ideo
799 767 949 795 recitamus,
975 769 1005 788 ut
1031 768 1086 788 tota
1114 770 1156 787 res

177 806 261 837 magis
284 805 329 829 fiat
350 805 501 836 perspicua,
524 803 654 835 quomodo
678 801 743 826 fides
767 800 905 830 iustificet,
930 804 955 823 et
977 798 1038 830 quid
1061 797 1157 822 Paulus

177 840 292 872 appellet
315 838 532 863 iustificationem.
569 837 682 861 Primum
704 840 789 860 antem
813 838 918 866 propter
939 839 1056 857 morosos
1079 839 1157 863 qnos-

177 875 237 899 dam
255 871 452 905 ιεχνολογικῦς
470 871 698 903 respondebimus,
718 869 826 894 Constat
849 874 882 892 ex
899 866 1000 891 Echi-:is
1018 867 1156 896 iusticiam,

177 908 352 934 obedientiam
369 907 493 938 appellari
513 913 575 937 erga
593 905 762 937 superiorem,
780 910 856 935 qnam
874 903 897 926 is
915 901 1048 933 approbat.
1076 900 1156 924 Fides

177 947 263 968 autem
281 946 321 966 est
338 941 487 965 obedientia
505 947 568 971 erga
584 939 766 969 Euangeliom,
784 936 871 966 Quare
888 936 952 959 fides
971 939 1040 959 recte
1059 934 1156 959 dieitur

176 978 288 1002 iusticia.
323 975 391 1000 Nam
410 975 560 999 obedientia
578 981 642 1005 erga
658 972 828 1002 ffiangelium
847 971 986 1002 imputatur
1010 976 1059 1000 pro
1083 968 1156 993 iusti-

177 1012 234 1042 cia,
251 1011 318 1035 adeo
343 1014 371 1033 nt
395 1009 545 1034 obedientia
568 1015 631 1039 erga
654 1008 737 1038 legem
761 1010 861 1029 tantum
885 1007 1023 1036 propterea
1045 1004 1156 1034 placeat,

175 1046 239 1078 quia
257 1045 384 1069 eredimus
403 1044 479 1067 nobis
497 1043 581 1067 Deum
600 1042 680 1073 gratis
705 1040 849 1072 propicium
873 1045 929 1062 esse
950 1042 1056 1069 propter
1079 1037 1155 1063 Chri-

177 1084 252 1104 stum.
293 1078 384 1110 Neque
411 1079 479 1101 enim
506 1077 558 1107 legi
584 1075 765 1100 satisfacimus.
803 1072 957 1104 Quanquam
981 1076 1067 1097 antem
1090 1071 1156 1095 haec

176 1114 242 1138 fldes
260 1117 300 1137 est
316 1113 345 1136 in
362 1113 510 1141 uoluntate,
530 1114 568 1134 est
586 1111 653 1134 enim
670 1109 739 1133 nelle
757 1112 784 1132 et
806 1108 925 1138 accipere
948 1108 1156 1138 promissionem,

178 1153 265 1173 tamen
282 1147 348 1171 haee
366 1146 519 1170 obedientia
537 1152 597 1175 erga
621 1142 808 1174 Euangelium,
832 1148 887 1165 non
910 1145 1015 1172 propter
1039 1144 1155 1165 nostram

176 1183 333 1207 mundiciem
350 1181 490 1212 imputatur
508 1186 554 1210 pro
575 1178 691 1208 iusticia,
709 1177 756 1201 sed
774 1177 835 1208 quia
857 1175 953 1206 accipit
970 1176 1085 1200 oblatam
1108 1175 1155 1199 mi-

176 1216 354 1244 sericordiam,
372 1219 397 1238 et
415 1214 493 1238 sentit
511 1220 558 1237 nos
582 1216 687 1244 propter
711 1211 844 1236 Christum
867 1211 949 1234 iustos
971 1210 1088 1241 reputari
1110 1215 1156 1241 per

178 1250 395 1279 misericordiam,
422 1255 474 1272 non
504 1251 610 1279 propter
637 1250 750 1270 nostram
782 1244 962 1276 impleciouem
989 1244 1069 1275 legis,
1101 1250 1155 1267 nou

178 1290 285 1318 propter
307 1288 422 1308 nostram
446 1282 614 1306 mundiciem.
655 1281 696 1305 Ita
721 1279 870 1304 reuocanda
896 1285 968 1302 mens
993 1282 1034 1303 est
1055 1286 1072 1302 a
1095 1284 1157 1301 cou-

178 1324 268 1351 speetn
286 1319 362 1349 legis,
380 1317 413 1342 ad
431 1316 604 1346 Euangelinm
629 1319 654 1339 et
678 1314 825 1343 christum.
849 1317 875 1337 et
899 1313 1064 1337 statuendum
1086 1311 1156 1344 quod

178 1358 325 1386 reputemur
351 1353 426 1381 iusti,
457 1359 513 1375 cnm
539 1351 663 1374 sentimus
687 1356 735 1373 nos
759 1352 863 1380 propter
887 1346 1018 1371 Christum
1035 1350 1158 1378 acceptos

180 1395 253 1418 esse,
271 1395 323 1411 non
341 1390 447 1418 propter
466 1385 631 1410 dilectionem
649 1387 693 1407 ant
710 1383 885 1414 impletionem
904 1382 978 1413 legis.

247 1421 343 1446 Differt
359 1425 445 1445 autem
462 1419 528 1444 fides
550 1426 566 1444 a
589 1425 650 1450 spe,
672 1419 733 1449 quia
752 1417 817 1441 fides
840 1416 936 1447 accipit
960 1417 989 1441 in
1011 1415 1160 1448 praesentia

178 1457 360 1482 remissionem
381 1458 543 1487 peecatorum
567 1457 593 1478 et
615 1452 857 1477 reconciliationem
880 1457 928 1475 seu
949 1450 1160 1482 acceptacionen

178 1491 272 1520 nostri,
290 1493 396 1522 propter
413 1489 553 1514 Christum.
589 1487 655 1519 Spes
672 1491 758 1512 antem
776 1491 898 1512 uersatur
914 1485 988 1510 eirea
1007 1485 1096 1509 (utura
1112 1484 1160 1508 bo-

179 1533 214 1550 na
230 1528 257 1550 et
273 1525 455 1549 liberationem
471 1523 592 1547 futuram.

247 1559 378 1584 Secundo.
417 1558 567 1583 Iustificatio
593 1556 636 1580 hic
664 1555 795 1587 signifieat
815 1554 930 1586 reputari
952 1554 1056 1578 iustum.
1099 1551 1161 1576 Non

181 1598 267 1620 antem
284 1597 387 1626 reputat
401 1593 473 1618 Dens
491 1592 622 1616 hominem
641 1591 749 1620 iustum,
771 1590 839 1614 sicut
861 1590 888 1613 in
904 1588 963 1612 foro
987 1591 1033 1612 aut
1049 1587 1076 1611 in
1099 1586 1159 1611 Phi-

178 1628 300 1660 losophia
317 1632 449 1660 reputatur
466 1627 545 1651 homo
563 1626 655 1655 iustus,
672 1628 779 1656 propter
796 1624 893 1656 proprii
911 1622 998 1654 operis
1022 1621 1160 1651 iusticiam,

179 1670 245 1695 quae
263 1667 334 1687 recte
352 1663 457 1694 ponitur
474 1661 503 1685 in
527 1660 671 1684 uoluntate.
706 1658 760 1684 Sed
784 1662 888 1690 reputat
910 1657 1043 1681 hominem
1065 1657 1160 1680 iustum

179 1705 226 1731 per
242 1697 447 1722 misericordiam
466 1699 572 1727 propter
589 1693 733 1723 Christum,
751 1694 831 1725 siquis
855 1696 940 1716 tamen
958 1691 1027 1715 hunc
1044 1690 1097 1714 fide
1115 1697 1159 1722 ap-

178 1731 331 1764 prehendat.
369 1729 457 1760 Quare
473 1730 537 1754 fides
555 1729 679 1761 appellari
703 1728 807 1752 iusticia
829 1730 928 1758 potest,
951 1726 1012 1757 quia
1035 1729 1074 1749 est
1095 1724 1159 1748 illud

179 1767 251 1799 quod
269 1767 410 1797 imputatur
427 1765 460 1788 ad
479 1764 622 1792 iusticiam,
644 1767 673 1786 nt
691 1770 748 1786 cnm
766 1761 850 1786 Paulo
874 1761 1025 1792 ioqnamur,
1048 1766 1159 1791 quacun-

180 1807 230 1832 que
248 1801 353 1825 tandem
376 1801 402 1824 in
427 1804 501 1830 parte
525 1798 638 1822 hominis
661 1801 779 1828 ponatur.
815 1796 845 1819 id
869 1796 936 1818 enim
959 1794 1024 1818 nihii
1053 1793 1161 1825 impedit

179 1836 380 1867 imputacionem
399 1834 522 1858 diuinam.
559 1831 615 1856 Etsi
635 1839 682 1855 nos
701 1831 805 1862 quidem
824 1830 891 1854 hanc
915 1828 992 1852 fidem
1016 1828 1043 1852 in
1068 1827 1159 1851 uolun-

180 1874 235 1894 tate
255 1870 385 1900 ponimus.
421 1868 468 1892 Est
486 1868 554 1891 euim
572 1866 639 1890 uelle
658 1871 685 1889 et
702 1866 819 1896 accipere
838 1864 1036 1895 promissionem
1055 1861 1160 1891 Christi,

180 1904 218 1928 Et
233 1904 286 1928 hoe
300 1903 462 1928 Scholastica
481 1905 635 1933 argumento
653 1901 766 1931 agitato,
790 1900 851 1931 quia
873 1906 928 1922 rem
947 1897 980 1922 ad
1005 1896 1160 1921 Methodnm

181 1943 297 1967 reuocat,
314 1938 416 1961 uidetur
434 1940 490 1960 tota
508 1943 587 1960 cansa
605 1935 695 1958 melius
715 1934 822 1965 perspici
842 1940 927 1964 posse.

249 1973 290 1996 Ex
307 1973 348 1996 his
367 1972 486 1995 omnibns
510 1972 586 1994 etiam
610 1970 719 1999 intelligi
744 1972 830 1999 potest
852 1967 913 1999 qnid
937 1965 1105 1991 indicandum
1127 1965 1161 1988 sit

181 2008 214 2032 de
232 2008 323 2031 merito
342 2007 479 2037 condigni,
504 2005 536 2028 de
560 2012 611 2036 qno
635 2004 736 2034 fingunt
757 2003 911 2034 aduersarij,
938 2001 1056 2025 homines
1080 2000 1160 2023 iustos

180 2049 237 2066 esse
256 2049 342 2065 coram
363 2041 419 2064 Deo
439 2043 544 2071 propter
561 2039 728 2062 dilectionem
748 2045 778 2061 ac
796 2037 863 2067 legis
887 2035 1072 2067 impletionem.
1110 2033 1160 2057 Hic

181 2077 252 2101 nnus
270 2076 386 2099 iusticiae
405 2075 464 2098 fidei
483 2074 580 2097 mentio
599 2073 636 2102 fit,
654 2077 679 2096 et
697 2079 742 2103 pro
760 2072 904 2095 mediatore
922 2070 1027 2094 Christo
1047 2069 1161 2100 ponitur,

181 2111 251 2143 qnod
275 2111 375 2140 accepti
399 2110 477 2133 simus
501 2112 607 2139 propter
632 2112 748 2130 nostram
775 2105 949 2137 impletionem
973 2104 1046 2135 legis.
1088 2102 1161 2127 nnec

181 2145 254 2170 nullo
272 2144 351 2168 modo
371 2143 478 2167 serenda
496 2147 568 2171 sunt,
587 2142 631 2165 sed
650 2146 678 2164 nt
695 2148 772 2172 supra
790 2140 916 2168 diximus,
941 2139 988 2162 etsi
1012 2137 1160 2162 necessario

182 2180 299 2211 seqnitur
316 2179 512 2202 renouationem
531 2177 651 2205 dilectio,
677 2180 762 2199 tamen
786 2175 872 2205 gloria
889 2173 986 2198 Christi
1012 2180 1065 2196 non
1084 2171 1161 2196 debet

183 2214 316 2238 trmsserri
343 2214 369 2236 in
396 2217 511 2236 nostram
539 2211 712 2241 impletionem
741 2210 822 2240 legis,
848 2208 893 2231 secl
922 2207 1085 2231 sentiendum
1113 2210 1160 2235 ast,

183 2249 253 2280 quod
272 2249 347 2271 etiam
368 2250 427 2278 post
445 2246 639 2269 renouationcm
658 2245 716 2268 insti
736 2246 883 2275 reputemur
901 2247 1006 2274 propter
1020 2241 1161 2270 Christum,

183 2284 254 2314 quod
281 2281 398 2306 Christus
424 2285 527 2304 maneat
552 2280 681 2303 mediator
707 2283 733 2301 et
758 2279 932 2310 propitiator,
958 2277 1028 2308 quod
1057 2279 1161 2307 propter

184 2317 312 2342 Christum
331 2317 471 2340 habeamus
489 2321 619 2338 accensum
639 2314 672 2337 ad
692 2313 784 2341 Deum,
803 2312 871 2343 quod
896 2319 947 2335 non
972 2310 1160 2334 satisfaciamus

183 2352 244 2382 legi,
262 2352 307 2375 sed
327 2350 466 2374 habeamus
485 2356 549 2380 opus
567 2348 759 2376 misericordia,
783 2346 851 2378 qnod
874 2352 975 2377 semper
1000 2352 1045 2376 per
1064 2344 1161 2368 miseri-

184 2386 299 2410 cordiam
318 2386 377 2410 insti
394 2388 549 2415 reputemur.

253 2420 334 2450 idque
353 2419 489 2443 confitetor
508 2419 629 2441 uniuersa
646 2415 774 2443 Ecclesia.
799 2414 867 2446 qnod
894 2415 953 2439 insti
980 2418 1005 2437 et
1027 2413 1092 2436 salui
1116 2412 1161 2435 ssa-

185 2462 239 2479 mns
264 2462 307 2486 per
332 2454 541 2477 misericordiam.
579 2452 652 2475 Sient
676 2459 752 2482 snpra
776 2451 908 2473 timuimus
935 2455 965 2471 cx
991 2447 1160 2477 Hieronymo.

186 2489 288 2513 iusticia
306 2494 394 2511 nostra
413 2495 464 2511 non
485 2493 515 2510 ex
536 2487 640 2517 proprio
660 2486 765 2511 merito.
790 2483 834 2507 sed
861 2489 892 2506 ex
913 2481 960 2506 [iel
984 2481 1163 2506 misericordia

187 2524 312 2547 consistit.
352 2523 420 2545 Haec
440 2526 523 2545 anu-m
543 2521 721 2544 misericordia
738 2519 788 2542 side
806 2518 940 2548 arripitur.

595 204 600 225 ι
623 192 863 227 ΡΗΙΙΝΜΕΒ.
882 190 1078 225 SCRIPTA
1097 189 1369 224 noetianos
1389 188 1448 223 ΕΤ
1466 187 1740 222 SYMBOLicA.

1177 755 1192 1223 ¹

1211 1799 1227 1823 ,

258 2559 294 2580 Α(-
315 2558 402 2579 uidete
421 2557 480 2587 qnid
502 2559 674 2586 consequatur
694 2561 724 2577 cx
746 2553 952 2577 aduersariorum
971 2551 1103 2581 opinione.
1132 2549 1161 2573 Si
1184 2561 1187 2588 4

187 2592 352 2616 senciendum
373 2595 410 2613 est
428 2591 496 2620 qnod
521 2590 638 2614 Chmm-
663 2594 760 2612 tantum
786 2587 893 2618 primam
918 2589 1039 2615 gratiam,
1064 2588 1092 2607 ut
1115 2591 1161 2606 no-
1186 2603 1187 2608 ,

188 2631 261 2655 cant,
279 2630 409 2652 mer-ient,
429 2629 518 2655 postea
538 2631 583 2647 nm
603 2626 681 2646 simus
701 2622 798 2653 accepti
817 2625 904 2645 nostra
922 2620 1071 2651 impletione
1089 2619 1162 2649 legis,

1185 2627 1187 2646 l

2119 189 2187 222 52⁰

1207 285 1267 309 tae?
1293 284 1398 317 qnando
1424 286 1553 314 statuent,
1585 283 1655 315 quod
1681 283 1795 308 habeant
1819 283 1905 308 Deum
1929 284 2094 316 propiciam?
2127 284 2185 309 Lex

1208 320 1276 343 enim
1303 325 1406 350 semper
1433 321 1538 342 accusat
1559 325 1621 348 nos,
1644 321 1674 341 us
1695 317 1793 342 Paulus
1811 318 1862 347 ait,
1884 317 1941 342 Lex
1965 318 2030 343 inm
2052 322 2184 351 operatur.

1208 353 1249 377 Ita
1265 352 1316 382 flet,
1334 358 1362 376 nt
1379 353 1402 376 si
1419 353 1549 376 senserint
1566 353 1743 376 conscientiae
1760 352 1883 376 indicium
1898 352 1982 383 legis,
2001 357 2078 377 ruant
2094 353 2122 377 in
2140 354 2185 377 de·

1208 387 1390 418 sperationem.
1426 386 1523 411 Paulus
1541 387 1586 416 ait,
1604 385 1688 411 Omne
1705 386 1776 417 qnod
1795 393 1849 410 non
1868 389 1909 410 est
1925 393 1958 411 ex
1975 386 2036 417 fide,
2046 390 2186 419 peceatum

1209 425 1256 446 est.
1282 421 1328 446 Isti
1347 424 1431 444 antem
1450 420 1514 444 nihil
1532 427 1644 451 unquam
1663 427 1696 444 ex
1713 420 1766 444 fide
1782 424 1869 452 agent,
1887 421 1909 444 si
1927 425 1990 444 mne
2006 417 2186 445 demur-'sen-

1210 456 1280 479 cient
1297 456 1346 480 sibi
1363 454 1449 478 Deum
1466 455 1612 486 propicium
1630 461 1701 484 esse,
1719 461 1778 478 enm
1794 455 1880 486 legem
1904 455 2076 486 impleuerint.
2112 453 2186 480 Sem·

1209 497 1255 521 per
1273 491 1341 514 enim
1359 489 1520 518 dubitabunt,
1540 489 1631 512 Vtrum
1648 488 1701 519 legi
1718 490 1781 513 satis
1798 489 1894 513 {actum
1911 490 1956 519 sit,
1969 490 2022 514 imo
2040 489 2188 521 intelligent

1209 531 1262 548 non
1281 531 1336 548 esse
1354 523 1520 547 satisfactum.
1557 522 1622 546 Ideo
1638 529 1768 554 uunquam
1791 527 1905 548 statuent
1928 530 1958 548 se
1981 523 2080 548 hahere
2101 523 2187 548 Deum

1209 559 1360 589 propicium,
1379 565 1406 581 se
1425 557 1552 582 exaudiri.
1588 556 1728 588 Nunquam
1746 558 1826 588 igitur
1843 558 1960 588 diligent,
1978 564 2109 590 nunqnam
2124 564 2188 582 uere

1209 593 1298 616 colent
1316 592 1407 618 Deum.
1444 591 1520 615 Talia
1536 595 1645 622 pectore
1662 591 1726 622 quid
1743 591 1815 615 aliud
1832 595 1907 623 sunt,
1925 592 1974 616 nisi
1992 592 2048 623 ipse
2064 592 2188 622 infernus,

1209 633 1267 650 cum
1284 627 1336 651 siut
1354 626 1432 658 plena
1449 626 1652 657 desperationis,
1677 630 1704 649 et
1726 625 1780 656 odij
1800 625 1867 655 Dei,
1890 630 1916 650 et
1936 626 1964 651 ia
1988 626 2039 651 hoc
2062 626 2126 650 odio
2149 630 2188 650 ta-

1209 667 1268 685 men
1281 660 1309 693 h)
1328 661 1453 685 innocant
1472 664 1497 684 et
1515 660 1604 684 colunt
1621 659 1721 689 Deum,
1739 661 1806 684 sicut
1823 659 1886 685 Saul
1909 660 2020 684 colebat.
2055 660 2106 685 Hic
2128 667 2188 692 pro-

1208 702 1333 719 uocamns
1351 695 1386 719 ad
1403 702 1493 718 omnes
1511 695 1568 726 pias
1586 698 1699 724 mentes,
1724 699 1751 717 et
1773 694 1869 725 peritas
1894 701 1979 718 rerum
2006 694 2188 726 spiritualium,

1208 729 1257 753 hae
1275 730 1366 753 testari
1384 733 1519 760 poterunt,
1537 729 1601 752 haec
1618 729 1689 752 mala
1711 728 1835 759 consequi
1858 735 1890 752 ex
1916 729 1962 752 illa
1983 729 2063 760 impia
2084 735 2188 761 persua-

1208 764 1283 787 sione
1305 763 1528 792 adnersariorum,
1556 769 1622 794 quae
1647 763 1726 786 sentit
1749 763 1818 793 qnod
1847 763 1909 786 iusti
1930 768 2077 794 reputemur
2100 769 2189 787 coram

1208 796 1277 826 Deo,
1295 799 1404 828 propria
1421 798 1572 828 impletione
1590 798 1664 828 legis,
1682 801 1708 820 et
1724 797 1796 820 iubet
1806 796 1936 821 confidere
1953 803 2006 821 non
2020 797 2190 829 promissione

1208 832 1401 889 piisericordiae
1418 835 1524 863 propter
1547 831 1679 856 Christum
1704 831 1832 863 donatae,
1856 830 1902 854 sed
1925 835 2015 855 nostra
2038 831 2190 862 impletione

1220 872 1284 896 egis.

1276 899 1392 923 Necesse
1410 902 1450 923 est
1466 899 1547 930 igitur
1569 902 1700 929 statuere,
1723 899 1792 930 quod
1817 902 1888 923 certo
1912 904 1971 931 post
1993 899 2189 923 renouationem

1208 934 1282 963 iusti,
1299 933 1350 957 hoc
1368 937 1414 962 est,
1432 934 1531 964 accepti
1550 933 1608 957 Deo
1626 933 1714 963 simus,
1734 934 1803 964 quod
1822 940 1912 965 pacem
1936 933 2076 957 habeamus
2101 939 2190 957 eoram

1208 967 1276 997 Deo,
1293 974 1340 998 per
1357 967 1561 991 misericordiam
1580 971 1685 998 propter
1703 967 1850 997 Christum,
1874 971 1900 991 et
1922 968 1992 999 quod
2017 967 2064 991 illa
2082 966 2189 992 inchoa-

1208 1003 1245 1026 tio
1264 1002 1329 1032 legis
1348 1001 1376 1025 in
1393 1001 1471 1025 nobis
1494 1008 1547 1024 non
1571 1001 1606 1024 sit
1629 1001 1710 1031 digna
1733 1002 1788 1025 uita
1810 1006 1929 1031 aeterna,
1951 1001 2004 1026 Sed
2028 1002 2097 1033 quod
2119 1002 2188 1026 sicut

1208 1036 1327 1060 remissio
1345 1039 1514 1067 peccatorum
1532 1038 1559 1058 et
1583 1035 1731 1060 iustificatio
1754 1036 1893 1066 imputatur
1914 1043 1960 1067 per
1983 1036 2187 1060 misericordiam

1208 1075 1314 1102 propter
1333 1069 1480 1098 Christum,
1498 1076 1552 1092 non
1571 1072 1677 1100 propter
1695 1069 1788 1099 legem.
1824 1069 1866 1093 Ita
1883 1074 1909 1093 et
1932 1071 1988 1093 uita
2004 1074 2111 1093 aeterna
2129 1076 2187 1094 enm

1208 1104 1401 1134 iustificatione,
1416 1110 1470 1128 non
1488 1107 1596 1135 propter
1613 1103 1698 1134 legem
1716 1107 1743 1126 et
1760 1107 1907 1126 nostrorum
1925 1110 2032 1134 operum
2051 1103 2188 1134 perfeetio-

1209 1146 1281 1164 nem.
1305 1138 1350 1162 sed
1373 1145 1420 1170 per
1437 1137 1644 1162 misericordiam
1667 1141 1774 1168 propter
1800 1137 1932 1162 Christum
1956 1137 2094 1166 offeratur,
2115 1136 2190 1162 Sient

1208 1174 1246 1198 ait
1263 1172 1389 1198 Christus.
1417 1172 1491 1196 Haec
1509 1176 1548 1196 est
1566 1176 1651 1195 autem
1669 1171 1790 1195 uoluntas
1808 1171 1894 1195 Patris
1911 1172 1971 1200 mei,
1989 1171 2034 1203 qui
2050 1171 2189 1199 misit-me,

1208 1211 1238 1231 nt
1255 1208 1340 1231 omnis
1358 1208 1402 1238 qni
1421 1206 1495 1230 uidet
1511 1206 1602 1236 filium,
1620 1210 1645 1229 et
1663 1206 1748 1229 credit
1764 1207 1792 1230 in
1811 1213 1876 1234 eum,
1895 1205 1991 1229 habeat
2007 1206 2087 1229 uitam
2105 1209 2189 1229 aeter·

1207 1249 1276 1266 nam.
1307 1242 1341 1265 Et
1357 1241 1429 1265 alibi.
1463 1239 1514 1270 Qui
1533 1240 1616 1264 credit
1633 1241 1659 1264 in
1676 1239 1766 1269 filium,
1785 1240 1864 1264 habet
1880 1241 1960 1264 uitam
1977 1244 2119 1263 aeternam.
2149 1239 2189 1263 Ac

1208 1282 1361 1307 quaeramus
1379 1275 1558 1304 aduersarios,
1577 1275 1641 1306 qnid
1659 1274 1761 1306 consilij
1780 1274 1842 1298 dent
1859 1274 2006 1303 morituris,
2029 1273 2122 1297 Vtrum
2149 1274 2189 1298 in—

1209 1311 1288 1335 beant
1314 1317 1360 1334 eos
1387 1309 1485 1333 sentire
1516 1309 1587 1340 qnod
1612 1313 1764 1340 reputentur
1789 1309 1865 1338 iusti,
1892 1312 1919 1332 et
1946 1312 2084 1339 expectare
2108 1307 2189 1332 uitam

1208 1349 1340 1370 aeteniam
1359 1349 1464 1376 propter
1481 1344 1588 1375 propria
1605 1350 1700 1374 opera,
1718 1350 1752 1366 an
1770 1349 1834 1366 nero
1853 1349 1902 1374 per
1909 1343 2113 1367 misericordiam
2131 1348 2190 1374 pro-

1209 1383 1266 1411 pter
1293 1378 1434 1403 Christum.
1476 1378 1555 1402 Certe
1581 1385 1630 1401 nec
1656 1377 1766 1407 Paulus,
1793 1384 1844 1401 nec
1869 1377 2024 1401 Laurentius
2050 1377 2138 1400 dicent
2162 1383 2190 1400 se

1209 1416 1315 1446 propter
1333 1412 1466 1444 propriam
1483 1411 1639 1436 munditiem
1657 1412 1739 1435 iustos
1757 1411 1915 1443 reputandas
1932 1417 1999 1440 esse,
2015 1414 2062 1435 ant
2077 1410 2127 1435 sibi
2145 1409 2190 1434 de-

1210 1449 1267 1472 beri
1285 1448 1364 1472 uitam
1381 1451 1512 1471 aeternam
1530 1450 1637 1478 propter
1654 1446 1761 1478 propria
1784 1452 1879 1477 opera,
1903 1449 1949 1469 aut
1971 1446 2038 1476 legis
2060 1445 2191 1476 impletio·

1211 1490 1279 1512 nem,
1297 1482 1344 1506 sed
1362 1482 1476 1505 sentient
1491 1487 1520 1504 se
1538 1481 1652 1512 reputari
1670 1481 1761 1510 iustos,
1780 1484 1806 1503 et
1822 1480 1942 1511 accipere
1959 1480 2039 1504 uitam
2058 1483 2190 1503 aeternam

1210 1521 1317 1549 propter
1334 1515 1466 1540 Christum
1489 1521 1536 1546 per
1558 1515 1768 1539 misericordiam.
1805 1513 1862 1538 Nec
1883 1517 1991 1546 possunt
2013 1514 2107 1538 muniri
2129 1513 2190 1545 piae

1210 1555 1308 1575 mentes
1327 1554 1420 1574 contra
1437 1550 1656 1581 desperationem,
1673 1549 1725 1573 nisi
1747 1549 1861 1572 sentiant
1880 1548 1953 1580 qnod
1976 1554 2023 1578 per
2044 1547 2191 1572 miseriem·-

1211 1586 1281 1610 diam
1309 1587 1414 1616 propter
1443 1583 1588 1613 Christum,
1615 1587 1686 1607 certo
1716 1582 1829 1606 habeant
1856 1586 1883 1606 et
1910 1582 2039 1606 iusticiam
2063 1585 2089 1606 et
2108 1581 2191 1605 nium

1211 1624 1354 1648 aeternam,
1372 1625 1425 1642 non
1443 1621 1552 1649 propter
1569 1617 1664 1648 legem.
1700 1617 1774 1641 Haec
1797 1617 1932 1640 sentencia
1954 1615 2119 1644 consolatur,
2141 1615 2191 1639 ari-

1211 1656 1249 1686 git
1267 1658 1293 1678 et
1310 1653 1395 1677 salunt
1411 1653 1467 1683 pias
1484 1656 1591 1676 mentes.
1628 1651 1715 1680 Quare
1738 1651 1881 1682 aduersarij
1904 1657 1963 1674 eum
1985 1650 2106 1674 meritum
2129 1656 2191 1674 eon·

1211 1689 1286 1720 digni
1304 1687 1468 1719 praedicant,
1485 1686 1593 1710 abolent
1611 1685 1758 1710 doctrinam
1779 1685 1812 1708 de
1833 1685 1885 1709 fide
1902 1688 1930 1709 et
1953 1685 2098 1709 mediatore
2116 1682 2191 1708 Chri·

1211 1728 1266 1753 sto,
1284 1727 1310 1747 et
1327 1721 1436 1752 adigunt
1454 1720 1629 1745 conscientias
1647 1720 1682 1743 ad
1700 1719 1916 1751 desperationem.

1279 1757 1333 1782 Sed
1356 1756 1426 1780 dicat
1447 1755 1551 1786 aliquis.
1591 1754 1621 1779 Si
1645 1761 1691 1786 per
1713 1753 1919 1778 misericordiam
1944 1753 2065 1777 salnandi
2094 1759 2190 1782 amns,

1228 1793 1272 1816 uid
1291 1792 1401 1815 interest
1417 1790 1486 1814 inter
1503 1789 1552 1813 hos
1569 1789 1661 1821 quibus
1679 1789 1809 1818 contingit
1825 1789 1894 1811 salus
1913 1791 1939 1811 et
1957 1787 2049 1818 quibus
2062 1793 2115 1811 nou
2128 1793 2191 1811 eon-

1210 1826 1306 1857 tingit?
1347 1824 1415 1848 Num
1442 1824 1539 1855 pariter
1564 1823 1706 1854 sperabunt
1733 1821 1938 1846 misericordiam
1966 1822 2027 1845 boni
2055 1825 2081 1844 et
2110 1820 2190 1845 nali?

1211 1861 1269 1885 Hoc
1287 1862 1439 1890 argumento
1457 1858 1578 1882 uidentur
1594 1858 1659 1881 moti
1677 1856 1834 1881 Scholastici
1859 1856 1893 1879 ad
1915 1855 2091 1886 quaerendum
2113 1855 2190 1879 meri-

1210 1899 1264 1919 tum
1283 1894 1417 1924 condigni.
1452 1892 1565 1916 Necesse
1584 1896 1623 1915 ast
1641 1892 1708 1915 euim
1727 1891 1864 1915 discrimen
1884 1896 1940 1913 ene
1964 1891 2032 1914 inter
2049 1889 2190 1913 niundon

1211 1934 1237 1954 et
1255 1928 1424 1953 damnandos.
1460 1926 1573 1951 Primum
1591 1930 1677 1949 antem
1695 1925 1759 1949 illud
1778 1925 1900 1954 dicimus,
1925 1931 1981 1947 enm
2005 1923 2190 1947 iustificatione

1211 1964 1298 1989 offerri
1318 1963 1398 1986 uitam
1417 1964 1557 1989 aeternam,
1575 1967 1620 1984 sen
1638 1959 1791 1983 iustificatos
1810 1966 1866 1982 esse
1884 1958 1952 1982 lilios
1969 1957 2020 1982 Dei
2038 1962 2065 1982 et
2082 1957 2189 1982 cohere-

1211 1999 1257 2023 des
1281 1997 1394 2026 Christi,
1421 1997 1496 2019 iuxta
1518 1995 1590 2018 illud.
1627 1993 1699 2022 Quos
1725 1993 1888 2022 iustificauit,
1913 1992 2019 2016 eosdem
2041 1996 2069 2016 et
2090 1991 2189 2023 glorifi-

1210 2034 1288 2057 cauit.
1316 2032 1399 2062 Igitur
1416 2029 1494 2054 nullis
1512 2029 1641 2059 contingit
1660 2028 1738 2058 salus,
1757 2029 1805 2052 nisi
1824 2027 1975 2051 institionis.
2009 2026 2087 2052 Sient
2103 2029 2190 2050 antam

1211 2067 1359 2091 iustificatio
1379 2066 1479 2088 incerta
1496 2068 1576 2092 esset,
1599 2064 1620 2087 si
1640 2063 1764 2094 penderet
1788 2069 1820 2085 ex
1843 2062 1994 2086 eonditione
2014 2067 2120 2092 operum
2145 2066 2192 2084 no-

1211 2108 1322 2125 strorum
1345 2103 1390 2123 aut
1414 2099 1492 2129 legis,
1517 2105 1547 2122 ac
1571 2105 1622 2121 non
1647 2097 1728 2127 gratis
1750 2097 1910 2128 acciperetur
1931 2099 2037 2127 propter
2059 2094 2192 2120 Christum

1211 2143 1258 2168 per
1275 2133 1486 2159 misericordiam.
1523 2132 1562 2155 Ita
1580 2132 1601 2155 si
1620 2139 1678 2162 spes
1704 2132 1829 2155 niteretur
1852 2130 1972 2162 operibns
1996 2130 2107 2157 nostris.
2130 2133 2191 2153 tune

1211 2177 1274 2194 uero
1294 2173 1361 2193 esset
1379 2169 1489 2195 incerta,
1514 2167 1576 2197 quia
1600 2166 1642 2189 lex
1666 2173 1768 2197 semper
1791 2169 1895 2190 accusat
1917 2165 2098 2188 conscientias.
2134 2162 2191 2187 Noe

1211 2209 1319 2236 possunt
1336 2202 1511 2227 conscientiae
1530 2201 1603 2224 reddi
1622 2205 1742 2232 pacatae,
1761 2201 1810 2224 nisi
1830 2199 1881 2223 ade
1899 2198 2094 2230 apprehendant
2116 2198 2192 2221 iahe-

1211 2239 1364 2267 rieordiam,
1388 2235 1478 2267 Neque
1498 2242 1560 2259 nero
1579 2239 1666 2266 potest
1683 2236 1802 2267 existere,
1815 2241 1873 2266 spes
1891 2234 1961 2257 uitae
1982 2237 2120 2261 aeternae,
2141 2231 2191 2255 uisi

1212 2277 1304 2306 pacata
1331 2271 1497 2296 conscicntia.
1541 2269 1606 2293 Nam
1639 2270 1796 2293 conscientia
1823 2268 1943 2291 dubiums
1969 2267 2035 2297 fugit
2067 2266 2189 2291 indicium

1212 2307 1262 2332 Dei
1281 2315 1312 2331 ae
1336 2307 1463 2337 desperat.
1502 2303 1614 2328 Necesse
1638 2308 1675 2327 ast
1698 2309 1782 2328 antem
1805 2310 1876 2333 spem
1900 2303 1969 2325 uitae
1990 2305 2111 2324 aeternae
2134 2306 2189 2323 eer—

1213 2347 1264 2366 tam
1284 2348 1347 2365 esse.
1384 2340 1497 2369 Ideoque
1522 2342 1551 2362 nt
1568 2340 1602 2362 sit
1627 2342 1711 2365 certa.
1733 2337 1900 2361 senciendum
1924 2341 1962 2359 ast
1986 2335 2055 2366 qnod
2080 2335 2194 2359 donetur

1213 2378 1268 2400 uita
1292 2380 1397 2399 aeterna
1415 2381 1461 2405 per
1483 2373 1688 2396 misericordiam
1731 2376 1818 2403 ropter
1842 2370 1988 2397 Christum.
2013 2376 2064 2393 non
2089 2372 2193 2401 propter

1212 2416 1326 2435 nostram
1345 2410 1522 2440 impletionem
1546 2407 1619 2437 legis.
1658 2406 1685 2430 lo
1712 2380 1769 2430 foro
1795 2413 1825 2429 ae
1854 2405 1955 2436 indu-ij«
1979 2405 2128 2431 hominnm,
2151 2404 2192 2427 ina

1214 2453 1257 2469 scu
1284 2446 1396 2469 debitum
1422 2447 1518 2466 conum
1542 2447 1595 2469 est,
1619 2440 1800 2465 Misericordia
1824 2440 1922 2463 ineerta
1944 2443 1992 2462 est.
2030 2439 2079 2462 Hie
2104 2443 2190 2461 coram

1215 2480 1273 2503 Deo
1300 2480 1350 2503 alia
1376 2486 1414 2501 τες
1441 2482 1487 2501 est.
1526 2475 1591 2499 Nam
1616 2475 1794 2499 misericordia
1818 2474 1895 2497 habet
1921 2475 2017 2496 clarum
2042 2472 2191 2496 mandatum

1212 2513 1271 2538 Del.
1311 2514 1377 2538 Nam
1397 2511 1567 2541 Euangelium
1591 2515 1629 2533 est
1653 2510 1702 2533 hoe
1727 2510 1809 2540 ipsum
1834 2509 1996 2536 mandatnm.
2023 2507 2092 2538 quod
2120 2506 2191 2530 iubet

189 2666 214 2684 et
233 2665 374 2684 mereamur
394 2662 472 2682 uitam
497 2663 641 2686 aeternam,
665 2658 768 2689 qnando
793 2659 868 2680 erunt
886 2655 1062 2679 consulentiae
1086 2659 1160 2684 paea-
1183 2652 1189 2672 l
1231 2651 1262 2680 h)
1282 2650 1379 2680 umen]
1397 2648 1444 2672 Ed.
1464 2650 1501 2672 ⁴.:
1521 2649 1620 2671 tantam
