<?xml version="1.0" encoding="UTF-8"?>
<!DOCTYPE html PUBLIC "-//W3C//DTD XHTML 1.0 Transitional//EN"
    "http://www.w3.org/TR/xhtml1/DTD/xhtml1-transitional.dtd">
<html xmlns="http://www.w3.org/1999/xhtml" xml:lang="en" lang="en">
 <head>
  <title>
</title>
<meta http-equiv="Content-Type" content="text/html;charset=utf-8" />
  <meta name='ocr-system' content='tesseract 3.04.00' />
  <meta name='ocr-capabilities' content='ocr_page ocr_carea ocr_par ocr_line ocrx_word'/>
</head>
<body>
  <div class='ocr_page' id='page_1' title='image "./operaquaesupersu27melauoft_0239.png"; bbox 0 0 2366 2958; ppageno 0'>
   <div class='ocr_carea' id='block_1_1' title="bbox 68 155 457 192">
    <p class='ocr_par' dir='ltr' id='par_1_1' title="bbox 68 155 457 192">
     <span class='ocr_line' id='line_1_1' title="bbox 68 155 457 192; baseline -0.015 0"><span class='ocrx_word' id='word_1_1' title='bbox 68 159 136 192; x_wconf 80' lang='lat'><strong>449</strong></span> <span class='ocrx_word' id='word_1_2' title='bbox 418 155 457 187; x_wconf 88' lang='lat'><strong>11.</strong></span> 
     </span>
    </p>
   </div>
   <div class='ocr_carea' id='block_1_2' title="bbox 69 245 1068 2508">
    <p class='ocr_par' dir='ltr' id='par_1_2' title="bbox 69 245 1057 847">
     <span class='ocr_line' id='line_1_2' title="bbox 69 245 1051 287; baseline -0.008 -4"><span class='ocrx_word' id='word_1_3' title='bbox 69 251 168 283; x_wconf 86' lang='lat' dir='ltr'><strong>nobis</strong></span> <span class='ocrx_word' id='word_1_4' title='bbox 201 250 268 282; x_wconf 91' lang='lat' dir='ltr'><strong>hoc</strong></span> <span class='ocrx_word' id='word_1_5' title='bbox 289 248 459 287; x_wconf 80' lang='lat' dir='ltr'><strong>velamen,</strong></span> <span class='ocrx_word' id='word_1_6' title='bbox 486 248 552 279; x_wconf 87' lang='lat' dir='ltr'><strong>hoc</strong></span> <span class='ocrx_word' id='word_1_7' title='bbox 580 253 650 285; x_wconf 92' lang='lat' dir='ltr'><strong>est,</strong></span> <span class='ocrx_word' id='word_1_8' title='bbox 680 246 830 278; x_wconf 77' lang='lat' dir='ltr'><strong>eximitur</strong></span> <span class='ocrx_word' id='word_1_9' title='bbox 858 245 913 277; x_wconf 87' lang='lat' dir='ltr'><strong>hic</strong></span> <span class='ocrx_word' id='word_1_10' title='bbox 945 254 1051 282; x_wconf 90' lang='lat' dir='ltr'><strong>error,</strong></span> 
     </span>
     <span class='ocr_line' id='line_1_3' title="bbox 70 287 1051 337; baseline -0.008 -11"><span class='ocrx_word' id='word_1_11' title='bbox 70 294 203 337; x_wconf 88' lang='lat' dir='ltr'><strong>quando</strong></span> <span class='ocrx_word' id='word_1_12' title='bbox 238 293 333 325; x_wconf 82' lang='lat' dir='ltr'><strong>Deus</strong></span> <span class='ocrx_word' id='word_1_13' title='bbox 367 291 511 324; x_wconf 82' lang='lat' dir='ltr'><strong>ostendit</strong></span> <span class='ocrx_word' id='word_1_14' title='bbox 545 290 701 321; x_wconf 84' lang='lat' dir='ltr'><strong>cordibus</strong></span> <span class='ocrx_word' id='word_1_15' title='bbox 730 290 854 320; x_wconf 87' lang='lat' dir='ltr'><strong>nostris</strong></span> <span class='ocrx_word' id='word_1_16' title='bbox 883 287 1051 320; x_wconf 88' lang='lat' dir='ltr'><strong>immundi-</strong></span> 
     </span>
     <span class='ocr_line' id='line_1_4' title="bbox 71 330 1052 376; baseline -0.009 -7"><span class='ocrx_word' id='word_1_17' title='bbox 71 338 155 369; x_wconf 88' lang='lat' dir='ltr'><strong>eiem</strong></span> <span class='ocrx_word' id='word_1_18' title='bbox 184 342 348 376; x_wconf 88' lang='lat' dir='ltr'><strong>nostram,</strong></span> <span class='ocrx_word' id='word_1_19' title='bbox 377 340 410 366; x_wconf 89' lang='lat' dir='ltr'><strong>et</strong></span> <span class='ocrx_word' id='word_1_20' title='bbox 436 333 695 375; x_wconf 81' lang='lat' dir='ltr'><strong>magnitudinem</strong></span> <span class='ocrx_word' id='word_1_21' title='bbox 725 333 862 374; x_wconf 83' lang='lat' dir='ltr'><strong>peccati.</strong></span> <span class='ocrx_word' id='word_1_22' title='bbox 914 331 961 362; x_wconf 88' lang='lat' dir='ltr'><strong>lbi</strong></span> <span class='ocrx_word' id='word_1_23' title='bbox 989 330 1052 371; x_wconf 88' lang='lat' dir='ltr'><strong>pri—</strong></span> 
     </span>
     <span class='ocr_line' id='line_1_5' title="bbox 70 371 1052 417; baseline -0.009 -5"><span class='ocrx_word' id='word_1_24' title='bbox 70 390 159 412; x_wconf 90' lang='lat' dir='ltr'><strong>mum</strong></span> <span class='ocrx_word' id='word_1_25' title='bbox 188 380 337 410; x_wconf 84' lang='lat' dir='ltr'><strong>videmus</strong></span> <span class='ocrx_word' id='word_1_26' title='bbox 368 387 430 408; x_wconf 88' lang='lat' dir='ltr'><strong>nos</strong></span> <span class='ocrx_word' id='word_1_27' title='bbox 460 375 560 417; x_wconf 86' lang='lat' dir='ltr'><strong>longe</strong></span> <span class='ocrx_word' id='word_1_28' title='bbox 583 376 705 407; x_wconf 81' lang='lat' dir='ltr'><strong>abesse</strong></span> <span class='ocrx_word' id='word_1_29' title='bbox 728 376 770 406; x_wconf 83' lang='lat' dir='ltr'><strong>ab</strong></span> <span class='ocrx_word' id='word_1_30' title='bbox 794 373 983 415; x_wconf 79' lang='lat' dir='ltr'><strong>impletione</strong></span> <span class='ocrx_word' id='word_1_31' title='bbox 1006 371 1052 403; x_wconf 92' lang='lat' dir='ltr'><strong>le-</strong></span> 
     </span>
     <span class='ocr_line' id='line_1_6' title="bbox 72 419 1052 465; baseline -0.008 -11"><span class='ocrx_word' id='word_1_32' title='bbox 72 423 135 465; x_wconf 77' lang='lat' dir='ltr'><strong>gis.</strong></span> <span class='ocrx_word' id='word_1_33' title='bbox 182 422 228 453; x_wconf 86' lang='lat' dir='ltr'><strong>lbi</strong></span> <span class='ocrx_word' id='word_1_34' title='bbox 260 421 473 463; x_wconf 79' lang='lat' dir='ltr'><strong>agnoscimus</strong></span> <span class='ocrx_word' id='word_1_35' title='bbox 504 419 669 460; x_wconf 91' lang='lat' dir='ltr'><strong>quomodo</strong></span> <span class='ocrx_word' id='word_1_36' title='bbox 698 427 778 450; x_wconf 88' lang='lat' dir='ltr'><strong>caro</strong></span> <span class='ocrx_word' id='word_1_37' title='bbox 808 426 929 448; x_wconf 90' lang='lat' dir='ltr'><strong>secura</strong></span> <span class='ocrx_word' id='word_1_38' title='bbox 951 421 1052 457; x_wconf 85' lang='lat' dir='ltr'><strong>atque</strong></span> 
     </span>
     <span class='ocr_line' id='line_1_7' title="bbox 72 458 1051 499; baseline -0.008 -3"><span class='ocrx_word' id='word_1_39' title='bbox 72 466 189 497; x_wconf 84' lang='lat' dir='ltr'><strong>ociosa</strong></span> <span class='ocrx_word' id='word_1_40' title='bbox 211 474 278 495; x_wconf 88' lang='lat' dir='ltr'><strong>non</strong></span> <span class='ocrx_word' id='word_1_41' title='bbox 301 464 414 494; x_wconf 83' lang='lat' dir='ltr'><strong>timeat</strong></span> <span class='ocrx_word' id='word_1_42' title='bbox 436 461 563 499; x_wconf 84' lang='lat' dir='ltr'><strong>Deum,</strong></span> <span class='ocrx_word' id='word_1_43' title='bbox 591 471 655 492; x_wconf 91' lang='lat' dir='ltr'><strong>nec</strong></span> <span class='ocrx_word' id='word_1_44' title='bbox 676 471 756 492; x_wconf 88' lang='lat' dir='ltr'><strong>vere</strong></span> <span class='ocrx_word' id='word_1_45' title='bbox 784 465 908 491; x_wconf 78' lang='lat' dir='ltr'><strong>statuat</strong></span> <span class='ocrx_word' id='word_1_46' title='bbox 931 458 1051 499; x_wconf 74' lang='lat' dir='ltr'><strong>respici</strong></span> 
     </span>
     <span class='ocr_line' id='line_1_8' title="bbox 71 501 1052 543; baseline -0.008 -4"><span class='ocrx_word' id='word_1_47' title='bbox 71 517 135 540; x_wconf 89' lang='lat' dir='ltr'><strong>nos</strong></span> <span class='ocrx_word' id='word_1_48' title='bbox 162 517 183 538; x_wconf 88' lang='lat' dir='ltr'><strong>a</strong></span> <span class='ocrx_word' id='word_1_49' title='bbox 205 506 300 543; x_wconf 89' lang='lat' dir='ltr'><strong>Deo,</strong></span> <span class='ocrx_word' id='word_1_50' title='bbox 329 506 389 536; x_wconf 91' lang='lat' dir='ltr'><strong>sed</strong></span> <span class='ocrx_word' id='word_1_51' title='bbox 421 514 502 536; x_wconf 86' lang='lat' dir='ltr'><strong>casu</strong></span> <span class='ocrx_word' id='word_1_52' title='bbox 524 505 636 542; x_wconf 87' lang='lat' dir='ltr'><strong>nasci,</strong></span> <span class='ocrx_word' id='word_1_53' title='bbox 660 509 693 535; x_wconf 92' lang='lat' dir='ltr'><strong>et</strong></span> <span class='ocrx_word' id='word_1_54' title='bbox 716 503 868 534; x_wconf 86' lang='lat' dir='ltr'><strong>occidere</strong></span> <span class='ocrx_word' id='word_1_55' title='bbox 890 501 1052 532; x_wconf 79' lang='lat' dir='ltr'><strong>homines.</strong></span> 
     </span>
     <span class='ocr_line' id='line_1_9' title="bbox 72 544 1051 590; baseline -0.008 -9"><span class='ocrx_word' id='word_1_56' title='bbox 72 551 120 581; x_wconf 91' lang='lat' dir='ltr'><strong>lbi</strong></span> <span class='ocrx_word' id='word_1_57' title='bbox 149 549 335 590; x_wconf 80' lang='lat' dir='ltr'><strong>experimur</strong></span> <span class='ocrx_word' id='word_1_58' title='bbox 364 557 427 579; x_wconf 90' lang='lat' dir='ltr'><strong>nos</strong></span> <span class='ocrx_word' id='word_1_59' title='bbox 450 557 517 578; x_wconf 92' lang='lat' dir='ltr'><strong>non</strong></span> <span class='ocrx_word' id='word_1_60' title='bbox 541 547 695 584; x_wconf 89' lang='lat' dir='ltr'><strong>eredere,</strong></span> <span class='ocrx_word' id='word_1_61' title='bbox 729 546 819 587; x_wconf 90' lang='lat' dir='ltr'><strong>quod</strong></span> <span class='ocrx_word' id='word_1_62' title='bbox 841 544 937 575; x_wconf 77' lang='lat' dir='ltr'><strong>Deus</strong></span> <span class='ocrx_word' id='word_1_63' title='bbox 959 544 1051 585; x_wconf 85' lang='lat' dir='ltr'><strong>igno—</strong></span> 
     </span>
     <span class='ocr_line' id='line_1_10' title="bbox 71 585 1055 630; baseline -0.008 -6"><span class='ocrx_word' id='word_1_64' title='bbox 71 598 157 630; x_wconf 84' lang='lat' dir='ltr'><strong>scat,</strong></span> <span class='ocrx_word' id='word_1_65' title='bbox 180 598 214 623; x_wconf 89' lang='lat' dir='ltr'><strong>et</strong></span> <span class='ocrx_word' id='word_1_66' title='bbox 236 590 400 622; x_wconf 82' lang='lat' dir='ltr'><strong>exaudiat.</strong></span> <span class='ocrx_word' id='word_1_67' title='bbox 448 589 530 622; x_wconf 89' lang='lat' dir='ltr'><strong>Cum</strong></span> <span class='ocrx_word' id='word_1_68' title='bbox 553 597 661 621; x_wconf 83' lang='lat' dir='ltr'><strong>autem</strong></span> <span class='ocrx_word' id='word_1_69' title='bbox 684 589 794 619; x_wconf 88' lang='lat' dir='ltr'><strong>audito</strong></span> <span class='ocrx_word' id='word_1_70' title='bbox 814 585 998 629; x_wconf 82' lang='lat' dir='ltr'><strong>Euangelio</strong></span> <span class='ocrx_word' id='word_1_71' title='bbox 1022 592 1055 617; x_wconf 89' lang='lat' dir='ltr'><strong>et</strong></span> 
     </span>
     <span class='ocr_line' id='line_1_11' title="bbox 71 630 1054 674; baseline -0.007 -8"><span class='ocrx_word' id='word_1_72' title='bbox 71 635 269 666; x_wconf 83' lang='lat' dir='ltr'><strong>remissione</strong></span> <span class='ocrx_word' id='word_1_73' title='bbox 302 638 516 674; x_wconf 88' lang='lat' dir='ltr'><strong>peccatorum</strong></span> <span class='ocrx_word' id='word_1_74' title='bbox 547 632 612 663; x_wconf 89' lang='lat' dir='ltr'><strong>fide</strong></span> <span class='ocrx_word' id='word_1_75' title='bbox 645 632 818 672; x_wconf 83' lang='lat' dir='ltr'><strong>erigimur,</strong></span> <span class='ocrx_word' id='word_1_76' title='bbox 849 630 1054 669; x_wconf 82' lang='lat' dir='ltr'><strong>concipimus</strong></span> 
     </span>
     <span class='ocr_line' id='line_1_12' title="bbox 72 672 1056 720; baseline -0.007 -11"><span class='ocrx_word' id='word_1_77' title='bbox 72 678 224 720; x_wconf 85' lang='lat' dir='ltr'><strong>spiritum</strong></span> <span class='ocrx_word' id='word_1_78' title='bbox 254 682 422 714; x_wconf 84' lang='lat' dir='ltr'><strong>sanctum,</strong></span> <span class='ocrx_word' id='word_1_79' title='bbox 462 682 498 706; x_wconf 91' lang='lat' dir='ltr'><strong>vt</strong></span> <span class='ocrx_word' id='word_1_80' title='bbox 530 676 594 706; x_wconf 85' lang='lat' dir='ltr'><strong>iam</strong></span> <span class='ocrx_word' id='word_1_81' title='bbox 627 680 719 706; x_wconf 85' lang='lat' dir='ltr'><strong>recte</strong></span> <span class='ocrx_word' id='word_1_82' title='bbox 753 673 794 704; x_wconf 86' lang='lat' dir='ltr'><strong>de</strong></span> <span class='ocrx_word' id='word_1_83' title='bbox 828 672 902 703; x_wconf 94' lang='lat' dir='ltr'><strong>Deo</strong></span> <span class='ocrx_word' id='word_1_84' title='bbox 931 672 1056 703; x_wconf 86' lang='lat' dir='ltr'><strong>sentire</strong></span> 
     </span>
     <span class='ocr_line' id='line_1_13' title="bbox 72 714 1056 762; baseline -0.006 -11"><span class='ocrx_word' id='word_1_85' title='bbox 72 720 257 762; x_wconf 86' lang='lat' dir='ltr'><strong>possimus,</strong></span> <span class='ocrx_word' id='word_1_86' title='bbox 287 725 319 750; x_wconf 89' lang='lat' dir='ltr'><strong>et</strong></span> <span class='ocrx_word' id='word_1_87' title='bbox 342 719 456 750; x_wconf 89' lang='lat' dir='ltr'><strong>timere</strong></span> <span class='ocrx_word' id='word_1_88' title='bbox 478 718 599 754; x_wconf 88' lang='lat' dir='ltr'><strong>Deum,</strong></span> <span class='ocrx_word' id='word_1_89' title='bbox 629 722 661 748; x_wconf 91' lang='lat' dir='ltr'><strong>et</strong></span> <span class='ocrx_word' id='word_1_90' title='bbox 684 716 821 748; x_wconf 85' lang='lat' dir='ltr'><strong>eredere</strong></span> <span class='ocrx_word' id='word_1_91' title='bbox 845 715 881 753; x_wconf 53' lang='lat' dir='ltr'><strong>ei,</strong></span> <span class='ocrx_word' id='word_1_92' title='bbox 898 721 958 747; x_wconf 88' lang='lat' dir='ltr'><strong>etc.</strong></span> <span class='ocrx_word' id='word_1_93' title='bbox 1004 714 1056 745; x_wconf 88' lang='lat' dir='ltr'><strong>Ex</strong></span> 
     </span>
     <span class='ocr_line' id='line_1_14' title="bbox 72 757 1057 804; baseline -0.006 -10"><span class='ocrx_word' id='word_1_94' title='bbox 72 763 129 794; x_wconf 88' lang='lat' dir='ltr'><strong>his</strong></span> <span class='ocrx_word' id='word_1_95' title='bbox 151 767 289 804; x_wconf 83' lang='lat' dir='ltr'><strong>apparet</strong></span> <span class='ocrx_word' id='word_1_96' title='bbox 311 771 378 793; x_wconf 89' lang='lat' dir='ltr'><strong>non</strong></span> <span class='ocrx_word' id='word_1_97' title='bbox 401 771 505 803; x_wconf 88' lang='lat' dir='ltr'><strong>posse</strong></span> <span class='ocrx_word' id='word_1_98' title='bbox 527 759 636 802; x_wconf 86' lang='lat' dir='ltr'><strong>legem</strong></span> <span class='ocrx_word' id='word_1_99' title='bbox 659 759 731 790; x_wconf 89' lang='lat' dir='ltr'><strong>sine</strong></span> <span class='ocrx_word' id='word_1_100' title='bbox 755 757 904 793; x_wconf 89' lang='lat' dir='ltr'><strong>Christo,</strong></span> <span class='ocrx_word' id='word_1_101' title='bbox 929 763 961 789; x_wconf 90' lang='lat' dir='ltr'><strong>et</strong></span> <span class='ocrx_word' id='word_1_102' title='bbox 984 758 1057 789; x_wconf 89' lang='lat' dir='ltr'><strong>sine</strong></span> 
     </span>
     <span class='ocr_line' id='line_1_15' title="bbox 73 804 436 847; baseline -0.006 -11"><span class='ocrx_word' id='word_1_103' title='bbox 73 806 191 847; x_wconf 90' lang='lat' dir='ltr'><strong>spiritu</strong></span> <span class='ocrx_word' id='word_1_104' title='bbox 210 810 329 836; x_wconf 87' lang='lat' dir='ltr'><strong>sancto</strong></span> <span class='ocrx_word' id='word_1_105' title='bbox 353 804 436 835; x_wconf 87' lang='lat' dir='ltr'><strong>fieri.</strong></span> 
     </span>
    </p>

    <p class='ocr_par' dir='ltr' id='par_1_3' title="bbox 72 843 1068 2508">
     <span class='ocr_line' id='line_1_16' title="bbox 160 843 1056 888; baseline -0.007 -9"><span class='ocrx_word' id='word_1_106' title='bbox 160 847 359 879; x_wconf 83' lang='lat' dir='ltr'><strong>Profitemur</strong></span> <span class='ocrx_word' id='word_1_107' title='bbox 380 847 480 888; x_wconf 85' lang='lat' dir='ltr'><strong>igitur</strong></span> <span class='ocrx_word' id='word_1_108' title='bbox 503 845 593 886; x_wconf 85' lang='lat' dir='ltr'><strong>quod</strong></span> <span class='ocrx_word' id='word_1_109' title='bbox 615 853 758 875; x_wconf 86' lang='lat' dir='ltr'><strong>necesse</strong></span> <span class='ocrx_word' id='word_1_110' title='bbox 785 844 828 875; x_wconf 81' lang='lat' dir='ltr'><strong>sit</strong></span> <span class='ocrx_word' id='word_1_111' title='bbox 851 843 1000 875; x_wconf 84' lang='lat' dir='ltr'><strong>inchoari</strong></span> <span class='ocrx_word' id='word_1_112' title='bbox 1023 843 1056 873; x_wconf 89' lang='lat' dir='ltr'><strong>in</strong></span> 
     </span>
     <span class='ocr_line' id='line_1_17' title="bbox 73 885 1056 930; baseline -0.006 -8"><span class='ocrx_word' id='word_1_113' title='bbox 73 891 184 930; x_wconf 89' lang='lat' dir='ltr'><strong>nobis,</strong></span> <span class='ocrx_word' id='word_1_114' title='bbox 229 895 264 921; x_wconf 83' lang='lat' dir='ltr'><strong>et.</strong></span> <span class='ocrx_word' id='word_1_115' title='bbox 302 889 443 920; x_wconf 88' lang='lat' dir='ltr'><strong>subinde</strong></span> <span class='ocrx_word' id='word_1_116' title='bbox 482 888 589 929; x_wconf 82' lang='lat' dir='ltr'><strong>magis</strong></span> <span class='ocrx_word' id='word_1_117' title='bbox 628 887 803 928; x_wconf 85' lang='lat' dir='ltr'><strong>magisque</strong></span> <span class='ocrx_word' id='word_1_118' title='bbox 833 886 904 917; x_wconf 85' lang='lat' dir='ltr'><strong>fieri</strong></span> <span class='ocrx_word' id='word_1_119' title='bbox 937 885 1056 927; x_wconf 80' lang='lat' dir='ltr'><strong>legem.</strong></span> 
     </span>
     <span class='ocr_line' id='line_1_18' title="bbox 72 928 1057 974; baseline -0.006 -10"><span class='ocrx_word' id='word_1_120' title='bbox 72 932 116 965; x_wconf 86' lang='lat' dir='ltr'><strong>Et</strong></span> <span class='ocrx_word' id='word_1_121' title='bbox 146 931 394 974; x_wconf 86' lang='lat' dir='ltr'><strong>complectimur</strong></span> <span class='ocrx_word' id='word_1_122' title='bbox 427 929 525 961; x_wconf 88' lang='lat' dir='ltr'><strong>simul</strong></span> <span class='ocrx_word' id='word_1_123' title='bbox 558 936 738 971; x_wconf 70' lang='lat' dir='ltr'><strong>vti-unque,</strong></span> <span class='ocrx_word' id='word_1_124' title='bbox 772 928 928 960; x_wconf 80' lang='lat' dir='ltr'><strong>videlicet</strong></span> <span class='ocrx_word' id='word_1_125' title='bbox 962 928 1057 969; x_wconf 84' lang='lat' dir='ltr'><strong>spiri-</strong></span> 
     </span>
     <span class='ocr_line' id='line_1_19' title="bbox 74 971 1058 1013; baseline -0.006 -6"><span class='ocrx_word' id='word_1_126' title='bbox 74 975 184 1007; x_wconf 84' lang='lat' dir='ltr'><strong>tuales</strong></span> <span class='ocrx_word' id='word_1_127' title='bbox 206 981 315 1006; x_wconf 91' lang='lat' dir='ltr'><strong>motus</strong></span> <span class='ocrx_word' id='word_1_128' title='bbox 339 980 372 1005; x_wconf 92' lang='lat' dir='ltr'><strong>et</strong></span> <span class='ocrx_word' id='word_1_129' title='bbox 395 980 534 1005; x_wconf 80' lang='lat' dir='ltr'><strong>externa</strong></span> <span class='ocrx_word' id='word_1_130' title='bbox 556 974 645 1003; x_wconf 86' lang='lat' dir='ltr'><strong>bona</strong></span> <span class='ocrx_word' id='word_1_131' title='bbox 668 982 779 1012; x_wconf 88' lang='lat' dir='ltr'><strong>opera.</strong></span> <span class='ocrx_word' id='word_1_132' title='bbox 834 971 935 1003; x_wconf 86' lang='lat' dir='ltr'><strong>Falso</strong></span> <span class='ocrx_word' id='word_1_133' title='bbox 959 972 1058 1013; x_wconf 84' lang='lat' dir='ltr'><strong>igitur</strong></span> 
     </span>
     <span class='ocr_line' id='line_1_20' title="bbox 73 1014 1058 1056; baseline -0.006 -6"><span class='ocrx_word' id='word_1_134' title='bbox 73 1017 315 1050; x_wconf 81' lang='lat' dir='ltr'><strong>calumniantur</strong></span> <span class='ocrx_word' id='word_1_135' title='bbox 344 1026 407 1048; x_wconf 88' lang='lat' dir='ltr'><strong>nos</strong></span> <span class='ocrx_word' id='word_1_136' title='bbox 434 1016 638 1056; x_wconf 84' lang='lat' dir='ltr'><strong>aduersarij,</strong></span> <span class='ocrx_word' id='word_1_137' title='bbox 670 1015 760 1056; x_wconf 91' lang='lat' dir='ltr'><strong>quod</strong></span> <span class='ocrx_word' id='word_1_138' title='bbox 782 1015 888 1045; x_wconf 80' lang='lat' dir='ltr'><strong>nostri</strong></span> <span class='ocrx_word' id='word_1_139' title='bbox 910 1025 977 1045; x_wconf 88' lang='lat' dir='ltr'><strong>non</strong></span> <span class='ocrx_word' id='word_1_140' title='bbox 1001 1014 1058 1045; x_wconf 90' lang='lat' dir='ltr'><strong>do-</strong></span> 
     </span>
     <span class='ocr_line' id='line_1_21' title="bbox 76 1056 1058 1100; baseline -0.007 -7"><span class='ocrx_word' id='word_1_141' title='bbox 76 1067 174 1093; x_wconf 82' lang='lat' dir='ltr'><strong>ceant</strong></span> <span class='ocrx_word' id='word_1_142' title='bbox 203 1062 292 1092; x_wconf 88' lang='lat' dir='ltr'><strong>bona</strong></span> <span class='ocrx_word' id='word_1_143' title='bbox 323 1069 444 1100; x_wconf 84' lang='lat' dir='ltr'><strong>opera,</strong></span> <span class='ocrx_word' id='word_1_144' title='bbox 479 1069 554 1090; x_wconf 89' lang='lat' dir='ltr'><strong>cum</strong></span> <span class='ocrx_word' id='word_1_145' title='bbox 578 1068 618 1089; x_wconf 85' lang='lat' dir='ltr'><strong>ea</strong></span> <span class='ocrx_word' id='word_1_146' title='bbox 651 1068 717 1088; x_wconf 91' lang='lat' dir='ltr'><strong>non</strong></span> <span class='ocrx_word' id='word_1_147' title='bbox 742 1056 851 1088; x_wconf 92' lang='lat' dir='ltr'><strong>solum</strong></span> <span class='ocrx_word' id='word_1_148' title='bbox 874 1057 1058 1098; x_wconf 79' lang='lat' dir='ltr'><strong>requirant,</strong></span> 
     </span>
     <span class='ocr_line' id='line_1_22' title="bbox 73 1099 1059 1141; baseline -0.005 -6"><span class='ocrx_word' id='word_1_149' title='bbox 73 1105 135 1135; x_wconf 89' lang='lat' dir='ltr'><strong>sed</strong></span> <span class='ocrx_word' id='word_1_150' title='bbox 159 1104 256 1135; x_wconf 86' lang='lat' dir='ltr'><strong>etiam</strong></span> <span class='ocrx_word' id='word_1_151' title='bbox 280 1102 468 1139; x_wconf 75' lang='lat' dir='ltr'><strong>ostendant,</strong></span> <span class='ocrx_word' id='word_1_152' title='bbox 491 1101 657 1141; x_wconf 90' lang='lat' dir='ltr'><strong>quomodo</strong></span> <span class='ocrx_word' id='word_1_153' title='bbox 682 1099 752 1130; x_wconf 84' lang='lat' dir='ltr'><strong>fieri</strong></span> <span class='ocrx_word' id='word_1_154' title='bbox 775 1100 915 1140; x_wconf 82' lang='lat' dir='ltr'><strong>possint.</strong></span> <span class='ocrx_word' id='word_1_155' title='bbox 949 1099 1059 1130; x_wconf 88' lang='lat' dir='ltr'><strong>Euen-</strong></span> 
     </span>
     <span class='ocr_line' id='line_1_23' title="bbox 74 1143 1058 1189; baseline -0.005 -11"><span class='ocrx_word' id='word_1_156' title='bbox 74 1152 129 1178; x_wconf 85' lang='lat' dir='ltr'><strong>tus</strong></span> <span class='ocrx_word' id='word_1_157' title='bbox 153 1145 306 1189; x_wconf 80' lang='lat' dir='ltr'><strong>coarguit</strong></span> <span class='ocrx_word' id='word_1_158' title='bbox 335 1143 546 1186; x_wconf 82' lang='lat' dir='ltr'><strong>hypocritas,</strong></span> <span class='ocrx_word' id='word_1_159' title='bbox 569 1144 623 1185; x_wconf 92' lang='lat' dir='ltr'><strong>qui</strong></span> <span class='ocrx_word' id='word_1_160' title='bbox 648 1143 719 1174; x_wconf 86' lang='lat' dir='ltr'><strong>suis</strong></span> <span class='ocrx_word' id='word_1_161' title='bbox 743 1143 870 1174; x_wconf 88' lang='lat' dir='ltr'><strong>viribus</strong></span> <span class='ocrx_word' id='word_1_162' title='bbox 894 1148 1058 1174; x_wconf 88' lang='lat' dir='ltr'><strong>conantur</strong></span> 
     </span>
     <span class='ocr_line' id='line_1_24' title="bbox 74 1186 1058 1230; baseline -0.005 -10"><span class='ocrx_word' id='word_1_163' title='bbox 74 1188 182 1230; x_wconf 88' lang='lat' dir='ltr'><strong>legem</strong></span> <span class='ocrx_word' id='word_1_164' title='bbox 211 1187 341 1225; x_wconf 87' lang='lat' dir='ltr'><strong>facere,</strong></span> <span class='ocrx_word' id='word_1_165' title='bbox 376 1187 465 1228; x_wconf 88' lang='lat' dir='ltr'><strong>quod</strong></span> <span class='ocrx_word' id='word_1_166' title='bbox 493 1196 560 1218; x_wconf 86' lang='lat' dir='ltr'><strong>non</strong></span> <span class='ocrx_word' id='word_1_167' title='bbox 589 1186 721 1227; x_wconf 88' lang='lat' dir='ltr'><strong>possint</strong></span> <span class='ocrx_word' id='word_1_168' title='bbox 752 1191 938 1226; x_wconf 84' lang='lat' dir='ltr'><strong>praestare,</strong></span> <span class='ocrx_word' id='word_1_169' title='bbox 972 1194 1058 1226; x_wconf 86' lang='lat' dir='ltr'><strong>quae</strong></span> 
     </span>
     <span class='ocr_line' id='line_1_25' title="bbox 75 1226 1060 1270; baseline -0.005 -7"><span class='ocrx_word' id='word_1_170' title='bbox 75 1237 250 1263; x_wconf 86' lang='lat' dir='ltr'><strong>conantur.</strong></span> <span class='ocrx_word' id='word_1_171' title='bbox 295 1229 413 1270; x_wconf 82' lang='lat' dir='ltr'><strong>Longe</strong></span> <span class='ocrx_word' id='word_1_172' title='bbox 436 1230 522 1260; x_wconf 87' lang='lat' dir='ltr'><strong>enim</strong></span> <span class='ocrx_word' id='word_1_173' title='bbox 544 1226 740 1260; x_wconf 84' lang='lat' dir='ltr'><strong>imbecillior</strong></span> <span class='ocrx_word' id='word_1_174' title='bbox 763 1236 815 1259; x_wconf 89' lang='lat' dir='ltr'><strong>est</strong></span> <span class='ocrx_word' id='word_1_175' title='bbox 837 1227 980 1259; x_wconf 76' lang='lat' dir='ltr'><strong>humana</strong></span> <span class='ocrx_word' id='word_1_176' title='bbox 1003 1237 1060 1258; x_wconf 91' lang='lat' dir='ltr'><strong>na-</strong></span> 
     </span>
     <span class='ocr_line' id='line_1_26' title="bbox 74 1269 1059 1314; baseline -0.005 -8"><span class='ocrx_word' id='word_1_177' title='bbox 74 1280 158 1312; x_wconf 87' lang='lat' dir='ltr'><strong>tura,</strong></span> <span class='ocrx_word' id='word_1_178' title='bbox 182 1283 281 1314; x_wconf 90' lang='lat' dir='ltr'><strong>quam</strong></span> <span class='ocrx_word' id='word_1_179' title='bbox 304 1279 340 1303; x_wconf 89' lang='lat' dir='ltr'><strong>vt</strong></span> <span class='ocrx_word' id='word_1_180' title='bbox 358 1273 429 1302; x_wconf 83' lang='lat' dir='ltr'><strong>suis</strong></span> <span class='ocrx_word' id='word_1_181' title='bbox 452 1272 578 1302; x_wconf 68' lang='lat' dir='ltr'><strong>viribus</strong></span> <span class='ocrx_word' id='word_1_182' title='bbox 600 1272 757 1302; x_wconf 82' lang='lat' dir='ltr'><strong>resistere</strong></span> <span class='ocrx_word' id='word_1_183' title='bbox 780 1269 914 1302; x_wconf 87' lang='lat' dir='ltr'><strong>diabolo</strong></span> <span class='ocrx_word' id='word_1_184' title='bbox 940 1270 1059 1310; x_wconf 85' lang='lat' dir='ltr'><strong>possit,</strong></span> 
     </span>
     <span class='ocr_line' id='line_1_27' title="bbox 75 1312 1058 1358; baseline -0.004 -11"><span class='ocrx_word' id='word_1_185' title='bbox 75 1317 131 1358; x_wconf 88' lang='lat' dir='ltr'><strong>qui</strong></span> <span class='ocrx_word' id='word_1_186' title='bbox 164 1315 266 1346; x_wconf 77' lang='lat' dir='ltr'><strong>habet</strong></span> <span class='ocrx_word' id='word_1_187' title='bbox 300 1315 452 1354; x_wconf 85' lang='lat' dir='ltr'><strong>captiuos</strong></span> <span class='ocrx_word' id='word_1_188' title='bbox 483 1323 615 1351; x_wconf 85' lang='lat' dir='ltr'><strong>omnes,</strong></span> <span class='ocrx_word' id='word_1_189' title='bbox 650 1314 705 1355; x_wconf 79' lang='lat' dir='ltr'><strong>qui</strong></span> <span class='ocrx_word' id='word_1_190' title='bbox 733 1324 800 1345; x_wconf 91' lang='lat' dir='ltr'><strong>non</strong></span> <span class='ocrx_word' id='word_1_191' title='bbox 828 1319 907 1344; x_wconf 88' lang='lat' dir='ltr'><strong>sunt</strong></span> <span class='ocrx_word' id='word_1_192' title='bbox 930 1312 1058 1344; x_wconf 88' lang='lat' dir='ltr'><strong>liberati</strong></span> 
     </span>
     <span class='ocr_line' id='line_1_28' title="bbox 73 1356 1059 1400; baseline -0.004 -11"><span class='ocrx_word' id='word_1_193' title='bbox 73 1368 135 1400; x_wconf 85' lang='lat' dir='ltr'><strong>per</strong></span> <span class='ocrx_word' id='word_1_194' title='bbox 167 1357 276 1389; x_wconf 86' lang='lat' dir='ltr'><strong>fidem.</strong></span> <span class='ocrx_word' id='word_1_195' title='bbox 333 1357 493 1388; x_wconf 89' lang='lat' dir='ltr'><strong>Potencia</strong></span> <span class='ocrx_word' id='word_1_196' title='bbox 527 1356 651 1387; x_wconf 89' lang='lat' dir='ltr'><strong>Christi</strong></span> <span class='ocrx_word' id='word_1_197' title='bbox 690 1365 775 1396; x_wconf 89' lang='lat' dir='ltr'><strong>opus</strong></span> <span class='ocrx_word' id='word_1_198' title='bbox 809 1361 862 1387; x_wconf 89' lang='lat' dir='ltr'><strong>est</strong></span> <span class='ocrx_word' id='word_1_199' title='bbox 895 1356 1059 1386; x_wconf 84' lang='lat' dir='ltr'><strong>adversus</strong></span> 
     </span>
     <span class='ocr_line' id='line_1_29' title="bbox 75 1398 1061 1439; baseline -0.005 -6"><span class='ocrx_word' id='word_1_200' title='bbox 75 1399 260 1436; x_wconf 81' lang='lat' dir='ltr'><strong>diabolum,</strong></span> <span class='ocrx_word' id='word_1_201' title='bbox 295 1398 466 1437; x_wconf 86' lang='lat' dir='ltr'><strong>videlicet,</strong></span> <span class='ocrx_word' id='word_1_202' title='bbox 499 1405 534 1430; x_wconf 88' lang='lat' dir='ltr'><strong>vt</strong></span> <span class='ocrx_word' id='word_1_203' title='bbox 567 1400 643 1439; x_wconf 89' lang='lat' dir='ltr'><strong>quia</strong></span> <span class='ocrx_word' id='word_1_204' title='bbox 672 1399 797 1430; x_wconf 90' lang='lat' dir='ltr'><strong>scimus</strong></span> <span class='ocrx_word' id='word_1_205' title='bbox 832 1407 896 1428; x_wconf 86' lang='lat' dir='ltr'><strong>nos</strong></span> <span class='ocrx_word' id='word_1_206' title='bbox 924 1404 1061 1439; x_wconf 85' lang='lat' dir='ltr'><strong>propter</strong></span> 
     </span>
     <span class='ocr_line' id='line_1_30' title="bbox 75 1441 1060 1482; baseline -0.004 -7"><span class='ocrx_word' id='word_1_207' title='bbox 75 1443 245 1475; x_wconf 87' lang='lat' dir='ltr'><strong>Christum</strong></span> <span class='ocrx_word' id='word_1_208' title='bbox 268 1443 435 1480; x_wconf 83' lang='lat' dir='ltr'><strong>exaudiri,</strong></span> <span class='ocrx_word' id='word_1_209' title='bbox 467 1446 498 1473; x_wconf 89' lang='lat' dir='ltr'><strong>et</strong></span> <span class='ocrx_word' id='word_1_210' title='bbox 521 1441 646 1472; x_wconf 87' lang='lat' dir='ltr'><strong>habere</strong></span> <span class='ocrx_word' id='word_1_211' title='bbox 667 1441 944 1482; x_wconf 84' lang='lat' dir='ltr'><strong>promissionem,</strong></span> <span class='ocrx_word' id='word_1_212' title='bbox 973 1446 1060 1480; x_wconf 82' lang='lat' dir='ltr'><strong>peta-</strong></span> 
     </span>
     <span class='ocr_line' id='line_1_31' title="bbox 75 1484 1061 1528; baseline -0.005 -10"><span class='ocrx_word' id='word_1_213' title='bbox 75 1496 162 1525; x_wconf 84' lang='lat' dir='ltr'><strong>muS,</strong></span> <span class='ocrx_word' id='word_1_214' title='bbox 181 1492 217 1517; x_wconf 90' lang='lat' dir='ltr'><strong>vt</strong></span> <span class='ocrx_word' id='word_1_215' title='bbox 241 1486 405 1528; x_wconf 84' lang='lat' dir='ltr'><strong>gubernet</strong></span> <span class='ocrx_word' id='word_1_216' title='bbox 429 1490 461 1516; x_wconf 91' lang='lat' dir='ltr'><strong>et</strong></span> <span class='ocrx_word' id='word_1_217' title='bbox 473 1488 661 1525; x_wconf 86' lang='lat' dir='ltr'><strong>propugnet</strong></span> <span class='ocrx_word' id='word_1_218' title='bbox 682 1493 746 1515; x_wconf 89' lang='lat' dir='ltr'><strong>nos</strong></span> <span class='ocrx_word' id='word_1_219' title='bbox 764 1484 1061 1525; x_wconf 67' lang='lat' dir='ltr'><strong>spiritussanetus,</strong></span> 
     </span>
     <span class='ocr_line' id='line_1_32' title="bbox 74 1524 1061 1569; baseline -0.004 -8"><span class='ocrx_word' id='word_1_220' title='bbox 74 1540 118 1561; x_wconf 85' lang='lat' dir='ltr'><strong>ne</strong></span> <span class='ocrx_word' id='word_1_221' title='bbox 140 1529 270 1569; x_wconf 82' lang='lat' dir='ltr'><strong>decepti</strong></span> <span class='ocrx_word' id='word_1_222' title='bbox 292 1537 458 1565; x_wconf 86' lang='lat' dir='ltr'><strong>erremus,</strong></span> <span class='ocrx_word' id='word_1_223' title='bbox 488 1537 530 1557; x_wconf 92' lang='lat' dir='ltr'><strong>ne</strong></span> <span class='ocrx_word' id='word_1_224' title='bbox 557 1525 689 1568; x_wconf 88' lang='lat' dir='ltr'><strong>impulsi</strong></span> <span class='ocrx_word' id='word_1_225' title='bbox 717 1533 833 1558; x_wconf 87' lang='lat' dir='ltr'><strong>contra</strong></span> <span class='ocrx_word' id='word_1_226' title='bbox 855 1524 1061 1557; x_wconf 88' lang='lat' dir='ltr'><strong>voluntatem</strong></span> 
     </span>
     <span class='ocr_line' id='line_1_33' title="bbox 75 1568 1061 1612; baseline -0.004 -9"><span class='ocrx_word' id='word_1_227' title='bbox 75 1572 140 1604; x_wconf 89' lang='lat' dir='ltr'><strong>Dei</strong></span> <span class='ocrx_word' id='word_1_228' title='bbox 175 1571 299 1612; x_wconf 87' lang='lat' dir='ltr'><strong>aliquid</strong></span> <span class='ocrx_word' id='word_1_229' title='bbox 340 1570 580 1611; x_wconf 87' lang='lat' dir='ltr'><strong>suscipiamus,</strong></span> <span class='ocrx_word' id='word_1_230' title='bbox 627 1570 715 1600; x_wconf 89' lang='lat' dir='ltr'><strong>sicut</strong></span> <span class='ocrx_word' id='word_1_231' title='bbox 754 1568 909 1600; x_wconf 84' lang='lat' dir='ltr'><strong>Psalmus</strong></span> <span class='ocrx_word' id='word_1_232' title='bbox 951 1570 1061 1600; x_wconf 85' lang='lat' dir='ltr'><strong>docet.</strong></span> 
     </span>
     <span class='ocr_line' id='line_1_34' title="bbox 76 1611 1059 1655; baseline -0.003 -9"><span class='ocrx_word' id='word_1_233' title='bbox 76 1614 249 1655; x_wconf 85' lang='lat' dir='ltr'><strong>Captiuam</strong></span> <span class='ocrx_word' id='word_1_234' title='bbox 272 1613 365 1644; x_wconf 84' lang='lat' dir='ltr'><strong>duxit</strong></span> <span class='ocrx_word' id='word_1_235' title='bbox 388 1612 623 1653; x_wconf 85' lang='lat' dir='ltr'><strong>captiuitatem,</strong></span> <span class='ocrx_word' id='word_1_236' title='bbox 646 1612 736 1642; x_wconf 85' lang='lat' dir='ltr'><strong>dedit</strong></span> <span class='ocrx_word' id='word_1_237' title='bbox 756 1612 844 1642; x_wconf 83' lang='lat' dir='ltr'><strong>(lona</strong></span> <span class='ocrx_word' id='word_1_238' title='bbox 861 1611 1059 1643; x_wconf 76' lang='lat' dir='ltr'><strong>hominibus</strong></span> 
     </span>
     <span class='ocr_line' id='line_1_35' title="bbox 76 1653 1062 1695; baseline -0.005 -6"><span class='ocrx_word' id='word_1_239' title='bbox 76 1656 233 1689; x_wconf 82' lang='lat' dir='ltr'><strong>Christus</strong></span> <span class='ocrx_word' id='word_1_240' title='bbox 268 1656 355 1686; x_wconf 91' lang='lat' dir='ltr'><strong>enim</strong></span> <span class='ocrx_word' id='word_1_241' title='bbox 388 1655 466 1686; x_wconf 84' lang='lat' dir='ltr'><strong>vicit</strong></span> <span class='ocrx_word' id='word_1_242' title='bbox 501 1653 670 1686; x_wconf 89' lang='lat' dir='ltr'><strong>diabolum</strong></span> <span class='ocrx_word' id='word_1_243' title='bbox 701 1660 734 1684; x_wconf 82' lang='lat' dir='ltr'><strong>et</strong></span> <span class='ocrx_word' id='word_1_244' title='bbox 755 1654 846 1685; x_wconf 82' lang='lat' dir='ltr'><strong>dedit</strong></span> <span class='ocrx_word' id='word_1_245' title='bbox 868 1655 966 1685; x_wconf 91' lang='lat' dir='ltr'><strong>nobis</strong></span> <span class='ocrx_word' id='word_1_246' title='bbox 989 1664 1062 1695; x_wconf 92' lang='lat' dir='ltr'><strong>pro-</strong></span> 
     </span>
     <span class='ocr_line' id='line_1_36' title="bbox 75 1695 1062 1739; baseline -0.003 -8"><span class='ocrx_word' id='word_1_247' title='bbox 75 1700 286 1737; x_wconf 85' lang='lat' dir='ltr'><strong>missionem,</strong></span> <span class='ocrx_word' id='word_1_248' title='bbox 315 1704 349 1729; x_wconf 92' lang='lat' dir='ltr'><strong>et</strong></span> <span class='ocrx_word' id='word_1_249' title='bbox 372 1698 522 1739; x_wconf 90' lang='lat' dir='ltr'><strong>spiritum</strong></span> <span class='ocrx_word' id='word_1_250' title='bbox 545 1703 714 1734; x_wconf 90' lang='lat' dir='ltr'><strong>sanctum,</strong></span> <span class='ocrx_word' id='word_1_251' title='bbox 748 1703 784 1727; x_wconf 86' lang='lat' dir='ltr'><strong>vt</strong></span> <span class='ocrx_word' id='word_1_252' title='bbox 805 1695 927 1728; x_wconf 83' lang='lat' dir='ltr'><strong>auxilio</strong></span> <span class='ocrx_word' id='word_1_253' title='bbox 952 1697 1062 1728; x_wconf 90' lang='lat' dir='ltr'><strong>diuino</strong></span> 
     </span>
     <span class='ocr_line' id='line_1_37' title="bbox 76 1739 1063 1781; baseline -0.003 -7"><span class='ocrx_word' id='word_1_254' title='bbox 76 1744 248 1774; x_wconf 87' lang='lat' dir='ltr'><strong>vincamus</strong></span> <span class='ocrx_word' id='word_1_255' title='bbox 281 1746 315 1771; x_wconf 90' lang='lat' dir='ltr'><strong>et</strong></span> <span class='ocrx_word' id='word_1_256' title='bbox 347 1741 422 1781; x_wconf 88' lang='lat' dir='ltr'><strong>ipsi.</strong></span> <span class='ocrx_word' id='word_1_257' title='bbox 467 1739 509 1770; x_wconf 92' lang='lat' dir='ltr'><strong>Et</strong></span> <span class='ocrx_word' id='word_1_258' title='bbox 532 1740 574 1770; x_wconf 85' lang='lat' dir='ltr'><strong>.l.</strong></span> <span class='ocrx_word' id='word_1_259' title='bbox 610 1739 765 1770; x_wconf 87' lang='lat' dir='ltr'><strong>Iohannis</strong></span> <span class='ocrx_word' id='word_1_260' title='bbox 801 1740 858 1779; x_wconf 84' lang='lat' dir='ltr'><strong>.iij.</strong></span> <span class='ocrx_word' id='word_1_261' title='bbox 914 1740 969 1771; x_wconf 88' lang='lat' dir='ltr'><strong>Ad</strong></span> <span class='ocrx_word' id='word_1_262' title='bbox 998 1739 1063 1771; x_wconf 87' lang='lat' dir='ltr'><strong>hoc</strong></span> 
     </span>
     <span class='ocr_line' id='line_1_38' title="bbox 76 1781 1064 1826; baseline -0.002 -10"><span class='ocrx_word' id='word_1_263' title='bbox 76 1784 230 1826; x_wconf 87' lang='lat' dir='ltr'><strong>apparuit</strong></span> <span class='ocrx_word' id='word_1_264' title='bbox 252 1782 340 1814; x_wconf 86' lang='lat' dir='ltr'><strong>filius</strong></span> <span class='ocrx_word' id='word_1_265' title='bbox 353 1782 429 1820; x_wconf 85' lang='lat' dir='ltr'><strong>Dei,</strong></span> <span class='ocrx_word' id='word_1_266' title='bbox 452 1788 486 1813; x_wconf 89' lang='lat' dir='ltr'><strong>vt</strong></span> <span class='ocrx_word' id='word_1_267' title='bbox 509 1781 620 1813; x_wconf 86' lang='lat' dir='ltr'><strong>soluat</strong></span> <span class='ocrx_word' id='word_1_268' title='bbox 643 1792 747 1822; x_wconf 83' lang='lat' dir='ltr'><strong>opera</strong></span> <span class='ocrx_word' id='word_1_269' title='bbox 765 1781 899 1813; x_wconf 85' lang='lat' dir='ltr'><strong>diaboli.</strong></span> <span class='ocrx_word' id='word_1_270' title='bbox 934 1782 1064 1814; x_wconf 88' lang='lat' dir='ltr'><strong>Deinde</strong></span> 
     </span>
     <span class='ocr_line' id='line_1_39' title="bbox 76 1824 1065 1866; baseline -0.003 -8"><span class='ocrx_word' id='word_1_271' title='bbox 76 1837 144 1859; x_wconf 88' lang='lat' dir='ltr'><strong>non</strong></span> <span class='ocrx_word' id='word_1_272' title='bbox 165 1826 231 1858; x_wconf 91' lang='lat' dir='ltr'><strong>hoc</strong></span> <span class='ocrx_word' id='word_1_273' title='bbox 250 1831 376 1857; x_wconf 89' lang='lat' dir='ltr'><strong>tantum</strong></span> <span class='ocrx_word' id='word_1_274' title='bbox 396 1826 567 1863; x_wconf 85' lang='lat' dir='ltr'><strong>docemus,</strong></span> <span class='ocrx_word' id='word_1_275' title='bbox 589 1825 756 1866; x_wconf 90' lang='lat' dir='ltr'><strong>quomodo</strong></span> <span class='ocrx_word' id='word_1_276' title='bbox 780 1824 849 1856; x_wconf 84' lang='lat' dir='ltr'><strong>fieri</strong></span> <span class='ocrx_word' id='word_1_277' title='bbox 872 1824 926 1856; x_wconf 79' lang='lat' dir='ltr'><strong>lex</strong></span> <span class='ocrx_word' id='word_1_278' title='bbox 944 1825 1065 1866; x_wconf 87' lang='lat' dir='ltr'><strong>possit,</strong></span> 
     </span>
     <span class='ocr_line' id='line_1_40' title="bbox 77 1866 1064 1910; baseline -0.003 -8"><span class='ocrx_word' id='word_1_279' title='bbox 77 1871 138 1902; x_wconf 91' lang='lat' dir='ltr'><strong>sed</strong></span> <span class='ocrx_word' id='word_1_280' title='bbox 165 1870 261 1901; x_wconf 89' lang='lat' dir='ltr'><strong>etiam</strong></span> <span class='ocrx_word' id='word_1_281' title='bbox 285 1868 451 1910; x_wconf 83' lang='lat' dir='ltr'><strong>quomodo</strong></span> <span class='ocrx_word' id='word_1_282' title='bbox 475 1866 551 1899; x_wconf 92' lang='lat' dir='ltr'><strong>Deo</strong></span> <span class='ocrx_word' id='word_1_283' title='bbox 573 1867 721 1908; x_wconf 89' lang='lat' dir='ltr'><strong>placeat,</strong></span> <span class='ocrx_word' id='word_1_284' title='bbox 744 1868 772 1899; x_wconf 84' lang='lat' dir='ltr'><strong>si</strong></span> <span class='ocrx_word' id='word_1_285' title='bbox 797 1868 875 1909; x_wconf 91' lang='lat' dir='ltr'><strong>quid</strong></span> <span class='ocrx_word' id='word_1_286' title='bbox 898 1867 952 1906; x_wconf 80' lang='lat' dir='ltr'><strong>fit,</strong></span> <span class='ocrx_word' id='word_1_287' title='bbox 974 1869 1064 1900; x_wconf 86' lang='lat' dir='ltr'><strong>vide-</strong></span> 
     </span>
     <span class='ocr_line' id='line_1_41' title="bbox 76 1909 1064 1952; baseline -0.002 -8"><span class='ocrx_word' id='word_1_288' title='bbox 76 1912 157 1944; x_wconf 85' lang='lat' dir='ltr'><strong>licet</strong></span> <span class='ocrx_word' id='word_1_289' title='bbox 177 1922 246 1943; x_wconf 91' lang='lat' dir='ltr'><strong>non</strong></span> <span class='ocrx_word' id='word_1_290' title='bbox 274 1912 351 1952; x_wconf 85' lang='lat' dir='ltr'><strong>quia</strong></span> <span class='ocrx_word' id='word_1_291' title='bbox 379 1909 445 1952; x_wconf 86' lang='lat' dir='ltr'><strong>legi</strong></span> <span class='ocrx_word' id='word_1_292' title='bbox 468 1909 733 1947; x_wconf 75' lang='lat' dir='ltr'><strong>satisfaciamus,</strong></span> <span class='ocrx_word' id='word_1_293' title='bbox 762 1911 824 1941; x_wconf 90' lang='lat' dir='ltr'><strong>sed</strong></span> <span class='ocrx_word' id='word_1_294' title='bbox 847 1911 924 1952; x_wconf 89' lang='lat' dir='ltr'><strong>quia</strong></span> <span class='ocrx_word' id='word_1_295' title='bbox 948 1921 1064 1942; x_wconf 82' lang='lat' dir='ltr'><strong>sumus</strong></span> 
     </span>
     <span class='ocr_line' id='line_1_42' title="bbox 77 1952 1065 1994; baseline -0.003 -7"><span class='ocrx_word' id='word_1_296' title='bbox 77 1955 111 1987; x_wconf 88' lang='lat' dir='ltr'><strong>in</strong></span> <span class='ocrx_word' id='word_1_297' title='bbox 139 1953 286 1986; x_wconf 89' lang='lat' dir='ltr'><strong>Christo.</strong></span> <span class='ocrx_word' id='word_1_298' title='bbox 339 1953 435 1984; x_wconf 85' lang='lat' dir='ltr'><strong>Sicut</strong></span> <span class='ocrx_word' id='word_1_299' title='bbox 462 1952 561 1994; x_wconf 88' lang='lat' dir='ltr'><strong>paulo</strong></span> <span class='ocrx_word' id='word_1_300' title='bbox 596 1958 674 1994; x_wconf 89' lang='lat' dir='ltr'><strong>post</strong></span> <span class='ocrx_word' id='word_1_301' title='bbox 708 1953 866 1984; x_wconf 88' lang='lat' dir='ltr'><strong>dicemus.</strong></span> <span class='ocrx_word' id='word_1_302' title='bbox 925 1953 1065 1985; x_wconf 79' lang='lat' dir='ltr'><strong>Constat</strong></span> 
     </span>
     <span class='ocr_line' id='line_1_43' title="bbox 77 1996 1063 2040; baseline -0.003 -10"><span class='ocrx_word' id='word_1_303' title='bbox 77 1999 178 2040; x_wconf 84' lang='lat' dir='ltr'><strong>igitur</strong></span> <span class='ocrx_word' id='word_1_304' title='bbox 200 2002 336 2028; x_wconf 86' lang='lat' dir='ltr'><strong>nostros</strong></span> <span class='ocrx_word' id='word_1_305' title='bbox 359 1997 529 2037; x_wconf 85' lang='lat' dir='ltr'><strong>requirere</strong></span> <span class='ocrx_word' id='word_1_306' title='bbox 548 1997 637 2026; x_wconf 88' lang='lat' dir='ltr'><strong>bona</strong></span> <span class='ocrx_word' id='word_1_307' title='bbox 660 2005 772 2036; x_wconf 88' lang='lat' dir='ltr'><strong>opera.</strong></span> <span class='ocrx_word' id='word_1_308' title='bbox 818 1996 886 2027; x_wconf 91' lang='lat' dir='ltr'><strong>lmo</strong></span> <span class='ocrx_word' id='word_1_309' title='bbox 911 1996 1063 2027; x_wconf 86' lang='lat' dir='ltr'><strong>addimus</strong></span> 
     </span>
     <span class='ocr_line' id='line_1_44' title="bbox 79 2037 1064 2081; baseline -0.003 -8"><span class='ocrx_word' id='word_1_310' title='bbox 79 2046 113 2073; x_wconf 88' lang='lat' dir='ltr'><strong>et</strong></span> <span class='ocrx_word' id='word_1_311' title='bbox 134 2040 215 2078; x_wconf 91' lang='lat' dir='ltr'><strong>hoc,</strong></span> <span class='ocrx_word' id='word_1_312' title='bbox 244 2039 334 2081; x_wconf 90' lang='lat' dir='ltr'><strong>quod</strong></span> <span class='ocrx_word' id='word_1_313' title='bbox 359 2037 565 2079; x_wconf 83' lang='lat' dir='ltr'><strong>impossibile</strong></span> <span class='ocrx_word' id='word_1_314' title='bbox 587 2039 631 2069; x_wconf 89' lang='lat' dir='ltr'><strong>sit</strong></span> <span class='ocrx_word' id='word_1_315' title='bbox 654 2038 863 2070; x_wconf 89' lang='lat' dir='ltr'><strong>dilectionem</strong></span> <span class='ocrx_word' id='word_1_316' title='bbox 886 2039 967 2079; x_wconf 80' lang='lat' dir='ltr'><strong>Dei,</strong></span> <span class='ocrx_word' id='word_1_317' title='bbox 1000 2039 1064 2070; x_wconf 90' lang='lat' dir='ltr'><strong>etsi</strong></span> 
     </span>
     <span class='ocr_line' id='line_1_45' title="bbox 79 2080 1064 2125; baseline -0.002 -10"><span class='ocrx_word' id='word_1_318' title='bbox 79 2084 200 2125; x_wconf 86' lang='lat' dir='ltr'><strong>exigua</strong></span> <span class='ocrx_word' id='word_1_319' title='bbox 233 2087 302 2119; x_wconf 90' lang='lat' dir='ltr'><strong>est,</strong></span> <span class='ocrx_word' id='word_1_320' title='bbox 337 2080 495 2113; x_wconf 90' lang='lat' dir='ltr'><strong>diuellere</strong></span> <span class='ocrx_word' id='word_1_321' title='bbox 529 2092 550 2112; x_wconf 88' lang='lat' dir='ltr'><strong>a</strong></span> <span class='ocrx_word' id='word_1_322' title='bbox 585 2080 663 2119; x_wconf 85' lang='lat' dir='ltr'><strong>fide,</strong></span> <span class='ocrx_word' id='word_1_323' title='bbox 696 2082 774 2123; x_wconf 81' lang='lat' dir='ltr'><strong>quia</strong></span> <span class='ocrx_word' id='word_1_324' title='bbox 808 2092 868 2123; x_wconf 91' lang='lat' dir='ltr'><strong>per</strong></span> <span class='ocrx_word' id='word_1_325' title='bbox 894 2081 1064 2113; x_wconf 88' lang='lat' dir='ltr'><strong>Christum</strong></span> 
     </span>
     <span class='ocr_line' id='line_1_46' title="bbox 79 2124 1065 2166; baseline -0.002 -8"><span class='ocrx_word' id='word_1_326' title='bbox 79 2125 251 2158; x_wconf 82' lang='lat' dir='ltr'><strong>acceditur</strong></span> <span class='ocrx_word' id='word_1_327' title='bbox 279 2124 323 2155; x_wconf 87' lang='lat' dir='ltr'><strong>ad</strong></span> <span class='ocrx_word' id='word_1_328' title='bbox 354 2124 505 2161; x_wconf 88' lang='lat' dir='ltr'><strong>Patrem,</strong></span> <span class='ocrx_word' id='word_1_329' title='bbox 534 2129 568 2154; x_wconf 84' lang='lat' dir='ltr'><strong>et</strong></span> <span class='ocrx_word' id='word_1_330' title='bbox 595 2130 734 2165; x_wconf 84' lang='lat' dir='ltr'><strong>accepta</strong></span> <span class='ocrx_word' id='word_1_331' title='bbox 761 2125 960 2156; x_wconf 87' lang='lat' dir='ltr'><strong>remissione</strong></span> <span class='ocrx_word' id='word_1_332' title='bbox 988 2134 1065 2166; x_wconf 91' lang='lat' dir='ltr'><strong>pec-</strong></span> 
     </span>
     <span class='ocr_line' id='line_1_47' title="bbox 80 2166 1064 2208; baseline -0.001 -8"><span class='ocrx_word' id='word_1_333' title='bbox 80 2174 229 2201; x_wconf 81' lang='lat' dir='ltr'><strong>catorum</strong></span> <span class='ocrx_word' id='word_1_334' title='bbox 260 2176 339 2199; x_wconf 87' lang='lat' dir='ltr'><strong>vere</strong></span> <span class='ocrx_word' id='word_1_335' title='bbox 374 2167 437 2198; x_wconf 88' lang='lat' dir='ltr'><strong>iam</strong></span> <span class='ocrx_word' id='word_1_336' title='bbox 471 2167 646 2198; x_wconf 85' lang='lat' dir='ltr'><strong>statuimus</strong></span> <span class='ocrx_word' id='word_1_337' title='bbox 686 2176 749 2198; x_wconf 92' lang='lat' dir='ltr'><strong>nos</strong></span> <span class='ocrx_word' id='word_1_338' title='bbox 789 2166 914 2199; x_wconf 88' lang='lat' dir='ltr'><strong>habere</strong></span> <span class='ocrx_word' id='word_1_339' title='bbox 944 2166 1064 2208; x_wconf 89' lang='lat' dir='ltr'><strong>Deum,</strong></span> 
     </span>
     <span class='ocr_line' id='line_1_48' title="bbox 80 2209 1064 2253; baseline -0.002 -10"><span class='ocrx_word' id='word_1_340' title='bbox 80 2211 148 2243; x_wconf 91' lang='lat' dir='ltr'><strong>hoc</strong></span> <span class='ocrx_word' id='word_1_341' title='bbox 171 2216 241 2248; x_wconf 89' lang='lat' dir='ltr'><strong>est,</strong></span> <span class='ocrx_word' id='word_1_342' title='bbox 270 2220 332 2241; x_wconf 91' lang='lat' dir='ltr'><strong>nos</strong></span> <span class='ocrx_word' id='word_1_343' title='bbox 356 2209 430 2241; x_wconf 88' lang='lat' dir='ltr'><strong>Deo</strong></span> <span class='ocrx_word' id='word_1_344' title='bbox 455 2219 556 2241; x_wconf 88' lang='lat' dir='ltr'><strong>curae</strong></span> <span class='ocrx_word' id='word_1_345' title='bbox 579 2218 673 2247; x_wconf 88' lang='lat' dir='ltr'><strong>esse,</strong></span> <span class='ocrx_word' id='word_1_346' title='bbox 696 2209 910 2249; x_wconf 87' lang='lat' dir='ltr'><strong>inuocamus,</strong></span> <span class='ocrx_word' id='word_1_347' title='bbox 933 2212 1064 2253; x_wconf 84' lang='lat' dir='ltr'><strong>agimus</strong></span> 
     </span>
     <span class='ocr_line' id='line_1_49' title="bbox 82 2251 1066 2296; baseline 0 -11"><span class='ocrx_word' id='word_1_348' title='bbox 82 2255 220 2296; x_wconf 83' lang='lat' dir='ltr'><strong>gratiaS,</strong></span> <span class='ocrx_word' id='word_1_349' title='bbox 248 2253 419 2291; x_wconf 90' lang='lat' dir='ltr'><strong>timemus,</strong></span> <span class='ocrx_word' id='word_1_350' title='bbox 453 2252 637 2294; x_wconf 84' lang='lat' dir='ltr'><strong>diligimuS‚</strong></span> <span class='ocrx_word' id='word_1_351' title='bbox 670 2251 756 2283; x_wconf 90' lang='lat' dir='ltr'><strong>sicut</strong></span> <span class='ocrx_word' id='word_1_352' title='bbox 777 2252 943 2284; x_wconf 86' lang='lat' dir='ltr'><strong>lohannes</strong></span> <span class='ocrx_word' id='word_1_353' title='bbox 967 2254 1066 2285; x_wconf 81' lang='lat' dir='ltr'><strong>docet</strong></span> 
     </span>
     <span class='ocr_line' id='line_1_50' title="bbox 81 2293 1066 2339; baseline -0.001 -11"><span class='ocrx_word' id='word_1_354' title='bbox 81 2297 116 2328; x_wconf 86' lang='lat' dir='ltr'><strong>in</strong></span> <span class='ocrx_word' id='word_1_355' title='bbox 137 2297 243 2337; x_wconf 82' lang='lat' dir='ltr'><strong>prima</strong></span> <span class='ocrx_word' id='word_1_356' title='bbox 262 2294 423 2335; x_wconf 78' lang='lat' dir='ltr'><strong>Epistola.</strong></span> <span class='ocrx_word' id='word_1_357' title='bbox 458 2295 529 2326; x_wconf 89' lang='lat' dir='ltr'><strong>Nos</strong></span> <span class='ocrx_word' id='word_1_358' title='bbox 553 2293 718 2336; x_wconf 83' lang='lat' dir='ltr'><strong>diligimus</strong></span> <span class='ocrx_word' id='word_1_359' title='bbox 743 2305 829 2333; x_wconf 89' lang='lat' dir='ltr'><strong>eum,</strong></span> <span class='ocrx_word' id='word_1_360' title='bbox 851 2296 964 2337; x_wconf 85' lang='lat' dir='ltr'><strong>inquit,</strong></span> <span class='ocrx_word' id='word_1_361' title='bbox 989 2297 1066 2339; x_wconf 83' lang='lat' dir='ltr'><strong>quia</strong></span> 
     </span>
     <span class='ocr_line' id='line_1_51' title="bbox 82 2336 1066 2381; baseline 0.001 -11"><span class='ocrx_word' id='word_1_362' title='bbox 82 2339 174 2381; x_wconf 87' lang='lat' dir='ltr'><strong>prior</strong></span> <span class='ocrx_word' id='word_1_363' title='bbox 209 2337 322 2370; x_wconf 89' lang='lat' dir='ltr'><strong>dilexit</strong></span> <span class='ocrx_word' id='word_1_364' title='bbox 354 2348 436 2376; x_wconf 91' lang='lat' dir='ltr'><strong>nos,</strong></span> <span class='ocrx_word' id='word_1_365' title='bbox 464 2336 619 2369; x_wconf 84' lang='lat' dir='ltr'><strong>videlicet</strong></span> <span class='ocrx_word' id='word_1_366' title='bbox 648 2337 725 2378; x_wconf 88' lang='lat' dir='ltr'><strong>quia</strong></span> <span class='ocrx_word' id='word_1_367' title='bbox 759 2338 849 2369; x_wconf 83' lang='lat' dir='ltr'><strong>dedit</strong></span> <span class='ocrx_word' id='word_1_368' title='bbox 878 2349 939 2380; x_wconf 91' lang='lat' dir='ltr'><strong>pro</strong></span> <span class='ocrx_word' id='word_1_369' title='bbox 968 2340 1066 2371; x_wconf 87' lang='lat' dir='ltr'><strong>nobis</strong></span> 
     </span>
     <span class='ocr_line' id='line_1_52' title="bbox 83 2379 1067 2424; baseline 0.001 -11"><span class='ocrx_word' id='word_1_370' title='bbox 83 2380 203 2420; x_wconf 84' lang='lat' dir='ltr'><strong>filium,</strong></span> <span class='ocrx_word' id='word_1_371' title='bbox 245 2386 278 2412; x_wconf 93' lang='lat' dir='ltr'><strong>et</strong></span> <span class='ocrx_word' id='word_1_372' title='bbox 317 2382 444 2412; x_wconf 87' lang='lat' dir='ltr'><strong>remisit</strong></span> <span class='ocrx_word' id='word_1_373' title='bbox 477 2381 574 2412; x_wconf 86' lang='lat' dir='ltr'><strong>nobis</strong></span> <span class='ocrx_word' id='word_1_374' title='bbox 608 2385 756 2421; x_wconf 78' lang='lat' dir='ltr'><strong>peccata.</strong></span> <span class='ocrx_word' id='word_1_375' title='bbox 817 2379 866 2412; x_wconf 83' lang='lat' dir='ltr'><strong>lta</strong></span> <span class='ocrx_word' id='word_1_376' title='bbox 900 2382 1067 2424; x_wconf 81' lang='lat' dir='ltr'><strong>significat</strong></span> 
     </span>
     <span class='ocr_line' id='line_1_53' title="bbox 83 2421 1066 2465; baseline 0 -10"><span class='ocrx_word' id='word_1_377' title='bbox 83 2424 287 2465; x_wconf 86' lang='lat' dir='ltr'><strong>praecedere</strong></span> <span class='ocrx_word' id='word_1_378' title='bbox 309 2423 420 2462; x_wconf 87' lang='lat' dir='ltr'><strong>fidem,</strong></span> <span class='ocrx_word' id='word_1_379' title='bbox 435 2425 487 2462; x_wconf 80' lang='lat'><strong>⁷⁴)</strong></span> <span class='ocrx_word' id='word_1_380' title='bbox 510 2423 604 2465; x_wconf 89' lang='lat' dir='ltr'><strong>sequi</strong></span> <span class='ocrx_word' id='word_1_381' title='bbox 630 2421 850 2455; x_wconf 86' lang='lat' dir='ltr'><strong>dilectionem.</strong></span> <span class='ocrx_word' id='word_1_382' title='bbox 880 2423 959 2456; x_wconf 86' lang='lat' dir='ltr'><strong>Item</strong></span> <span class='ocrx_word' id='word_1_383' title='bbox 982 2425 1066 2457; x_wconf 80' lang='lat' dir='ltr'><strong>fides</strong></span> 
     </span>
     <span class='ocr_line' id='line_1_54' title="bbox 85 2465 1068 2508; baseline 0.002 -10"><span class='ocrx_word' id='word_1_384' title='bbox 85 2465 160 2505; x_wconf 82' lang='lat' dir='ltr'><strong>illa,</strong></span> <span class='ocrx_word' id='word_1_385' title='bbox 189 2467 231 2498; x_wconf 87' lang='lat' dir='ltr'><strong>de</strong></span> <span class='ocrx_word' id='word_1_386' title='bbox 259 2475 326 2508; x_wconf 80' lang='lat' dir='ltr'><strong>qua</strong></span> <span class='ocrx_word' id='word_1_387' title='bbox 348 2465 530 2508; x_wconf 86' lang='lat' dir='ltr'><strong>loquimur,</strong></span> <span class='ocrx_word' id='word_1_388' title='bbox 559 2466 671 2497; x_wconf 81' lang='lat' dir='ltr'><strong>existit</strong></span> <span class='ocrx_word' id='word_1_389' title='bbox 698 2465 734 2496; x_wconf 86' lang='lat' dir='ltr'><strong>ln</strong></span> <span class='ocrx_word' id='word_1_390' title='bbox 755 2467 977 2507; x_wconf 85' lang='lat' dir='ltr'><strong>poenitentia,</strong></span> <span class='ocrx_word' id='word_1_391' title='bbox 1002 2467 1068 2500; x_wconf 89' lang='lat' dir='ltr'><strong>hoc</strong></span> 
     </span>
    </p>
   </div>
   <div class='ocr_carea' id='block_1_3' title="bbox 87 2551 296 2558">
    <p class='ocr_par' dir='ltr' id='par_1_4' title="bbox 87 2551 296 2558">
     <span class='ocr_line' id='line_1_55' title="bbox 87 2551 296 2558; baseline 0 0"><span class='ocrx_word' id='word_1_392' title='bbox 87 2551 296 2558; x_wconf 95' lang='lat' dir='ltr'><strong> </strong></span> 
     </span>
    </p>
   </div>
   <div class='ocr_carea' id='block_1_4' title="bbox 91 2602 726 2684">
    <p class='ocr_par' dir='ltr' id='par_1_5' title="bbox 91 2602 726 2684">
     <span class='ocr_line' id='line_1_56' title="bbox 91 2602 633 2637; baseline 0.002 -11"><span class='ocrx_word' id='word_1_393' title='bbox 91 2603 138 2635; x_wconf 78' lang='lat'><strong>74)</strong></span> <span class='ocrx_word' id='word_1_394' title='bbox 157 2602 255 2637; x_wconf 58' lang='lat' dir='ltr'><strong>fldem]</strong></span> <span class='ocrx_word' id='word_1_395' title='bbox 275 2603 326 2628; x_wconf 74' lang='lat' dir='ltr'><strong>Ed.</strong></span> <span class='ocrx_word' id='word_1_396' title='bbox 345 2604 370 2627; x_wconf 81' lang='lat'><strong>4.</strong></span> <span class='ocrx_word' id='word_1_397' title='bbox 389 2607 440 2636; x_wconf 73' lang='lat' dir='ltr'><strong>typ.</strong></span> <span class='ocrx_word' id='word_1_398' title='bbox 461 2611 526 2628; x_wconf 59' lang='lat' dir='ltr'><strong>ena:</strong></span> <span class='ocrx_word' id='word_1_399' title='bbox 544 2603 633 2633; x_wconf 81' lang='lat' dir='ltr'><strong>filium,</strong></span> 
     </span>
     <span class='ocr_line' id='line_1_57' title="bbox 295 2661 726 2684; baseline 0.005 -4"><span class='ocrx_word' id='word_1_400' title='bbox 295 2661 444 2682; x_wconf 58' lang='lat' dir='ltr'><strong>REI-mn.</strong></span> <span class='ocrx_word' id='word_1_401' title='bbox 457 2661 540 2682; x_wconf 65' lang='lat' dir='ltr'><strong>orm</strong></span> <span class='ocrx_word' id='word_1_402' title='bbox 554 2661 620 2684; x_wconf 71' lang='lat' dir='ltr'>VOL-</span> <span class='ocrx_word' id='word_1_403' title='bbox 633 2661 726 2682; x_wconf 67' lang='lat' dir='ltr'>XXVII-</span> 
     </span>
    </p>
   </div>
   <div class='ocr_carea' id='block_1_5' title="bbox 502 147 1733 186">
    <p class='ocr_par' dir='ltr' id='par_1_6' title="bbox 502 147 1733 186">
     <span class='ocr_line' id='line_1_58' title="bbox 502 147 1733 186; baseline -0.005 -1"><span class='ocrx_word' id='word_1_404' title='bbox 502 152 733 186; x_wconf 79' lang='lat' dir='ltr'>APOLOGIA</span> <span class='ocrx_word' id='word_1_405' title='bbox 753 150 1070 185; x_wconf 83' lang='lat' dir='ltr'><strong>CONFESSIONIS</strong></span> <span class='ocrx_word' id='word_1_406' title='bbox 1091 147 1411 183; x_wconf 80' lang='lat' dir='ltr'><strong>AUGUSTANAE.</strong></span> <span class='ocrx_word' id='word_1_407' title='bbox 1455 148 1496 179; x_wconf 89' lang='grc' dir='ltr'><strong>Β.</strong></span> <span class='ocrx_word' id='word_1_408' title='bbox 1540 147 1733 180; x_wconf 85' lang='lat' dir='ltr'>ALTERA.</span> 
     </span>
    </p>
   </div>
   <div class='ocr_carea' id='block_1_6' title="bbox 1076 487 1167 625">
    <p class='ocr_par' dir='ltr' id='par_1_7' title="bbox 1076 487 1167 625">
     <span class='ocr_line' id='line_1_59' title="bbox 1076 487 1167 625; baseline -0.011 -52"><span class='ocrx_word' id='word_1_409' title='bbox 1076 487 1081 625; x_wconf 72' lang='grc' dir='ltr'>ι</span> <span class='ocrx_word' id='word_1_410' title='bbox 1106 543 1167 573; x_wconf 89' lang='lat' dir='ltr'><strong>eis.</strong></span> 
     </span>
    </p>
   </div>
   <div class='ocr_carea' id='block_1_7' title="bbox 1080 1097 1087 1183">
    <p class='ocr_par' dir='ltr' id='par_1_8' title="bbox 1080 1097 1087 1183">
     <span class='ocr_line' id='line_1_60' title="bbox 1080 1097 1087 1183; baseline 0 0"><span class='ocrx_word' id='word_1_411' title='bbox 1080 1097 1087 1183; x_wconf 95' lang='lat' dir='ltr'><strong> </strong></span> 
     </span>
    </p>
   </div>
   <div class='ocr_carea' id='block_1_8' title="bbox 1081 1190 1089 1344">
    <p class='ocr_par' dir='ltr' id='par_1_9' title="bbox 1081 1190 1089 1344">
     <span class='ocr_line' id='line_1_61' title="bbox 1081 1190 1089 1344; baseline 0 1614"><span class='ocrx_word' id='word_1_412' title='bbox 1081 1190 1089 1344; x_wconf 95' lang='lat' dir='ltr'><strong> </strong></span> 
     </span>
    </p>
   </div>
   <div class='ocr_carea' id='block_1_9' title="bbox 1082 1347 1197 1385">
    <p class='ocr_par' dir='ltr' id='par_1_10' title="bbox 1082 1347 1197 1385">
     <span class='ocr_line' id='line_1_62' title="bbox 1082 1347 1197 1385; baseline 0 0"><span class='ocrx_word' id='word_1_413' title='bbox 1082 1347 1090 1385; x_wconf 77' lang='grc' dir='ltr'>Ῐ</span> <span class='ocrx_word' id='word_1_414' title='bbox 1111 1354 1197 1385; x_wconf 88' lang='lat' dir='ltr'><strong>haec</strong></span> 
     </span>
    </p>
   </div>
   <div class='ocr_carea' id='block_1_10' title="bbox 1081 1390 1089 1549">
    <p class='ocr_par' dir='ltr' id='par_1_11' title="bbox 1081 1390 1089 1549">
     <span class='ocr_line' id='line_1_63' title="bbox 1081 1390 1089 1549; baseline 0 1409"><span class='ocrx_word' id='word_1_415' title='bbox 1081 1390 1089 1549; x_wconf 95' lang='lat' dir='ltr'><strong> </strong></span> 
     </span>
    </p>
   </div>
   <div class='ocr_carea' id='block_1_11' title="bbox 2015 148 2084 181">
    <p class='ocr_par' dir='ltr' id='par_1_12' title="bbox 2015 148 2084 181">
     <span class='ocr_line' id='line_1_64' title="bbox 2015 148 2084 181; baseline 0 0"><span class='ocrx_word' id='word_1_416' title='bbox 2015 148 2084 181; x_wconf 80' lang='lat'><strong>450</strong></span> 
     </span>
    </p>
   </div>
   <div class='ocr_carea' id='block_1_12' title="bbox 1103 241 2091 667">
    <p class='ocr_par' dir='ltr' id='par_1_13' title="bbox 1103 241 2091 667">
     <span class='ocr_line' id='line_1_65' title="bbox 1103 241 2086 284; baseline -0.002 -9"><span class='ocrx_word' id='word_1_417' title='bbox 1103 249 1166 282; x_wconf 88' lang='lat' dir='ltr'><strong>est,</strong></span> <span class='ocrx_word' id='word_1_418' title='bbox 1189 243 1374 284; x_wconf 87' lang='lat' dir='ltr'><strong>concipitur</strong></span> <span class='ocrx_word' id='word_1_419' title='bbox 1391 243 1424 274; x_wconf 92' lang='lat' dir='ltr'><strong>in</strong></span> <span class='ocrx_word' id='word_1_420' title='bbox 1443 242 1623 274; x_wconf 89' lang='lat' dir='ltr'><strong>terroribus</strong></span> <span class='ocrx_word' id='word_1_421' title='bbox 1648 241 1882 278; x_wconf 90' lang='lat' dir='ltr'><strong>eonscientiae,</strong></span> <span class='ocrx_word' id='word_1_422' title='bbox 1905 251 1990 282; x_wconf 80' lang='lat' dir='ltr'><strong>quae</strong></span> <span class='ocrx_word' id='word_1_423' title='bbox 2008 251 2086 273; x_wconf 90' lang='lat' dir='ltr'><strong>sen-</strong></span> 
     </span>
     <span class='ocr_line' id='line_1_66' title="bbox 1105 285 2085 325; baseline -0.002 -8"><span class='ocrx_word' id='word_1_424' title='bbox 1105 287 1142 317; x_wconf 87' lang='lat' dir='ltr'><strong>tit</strong></span> <span class='ocrx_word' id='word_1_425' title='bbox 1174 286 1255 317; x_wconf 88' lang='lat' dir='ltr'><strong>iram</strong></span> <span class='ocrx_word' id='word_1_426' title='bbox 1280 285 1343 316; x_wconf 88' lang='lat' dir='ltr'><strong>Dei</strong></span> <span class='ocrx_word' id='word_1_427' title='bbox 1377 286 1539 317; x_wconf 82' lang='lat' dir='ltr'><strong>aduersus</strong></span> <span class='ocrx_word' id='word_1_428' title='bbox 1569 291 1685 316; x_wconf 85' lang='lat' dir='ltr'><strong>nostra</strong></span> <span class='ocrx_word' id='word_1_429' title='bbox 1714 289 1873 325; x_wconf 87' lang='lat' dir='ltr'><strong>peccata,</strong></span> <span class='ocrx_word' id='word_1_430' title='bbox 1902 289 1933 314; x_wconf 82' lang='lat' dir='ltr'><strong>et</strong></span> <span class='ocrx_word' id='word_1_431' title='bbox 1955 286 2085 325; x_wconf 87' lang='lat' dir='ltr'><strong>quaerit</strong></span> 
     </span>
     <span class='ocr_line' id='line_1_67' title="bbox 1104 326 2086 368; baseline -0.001 -9"><span class='ocrx_word' id='word_1_432' title='bbox 1104 329 1333 360; x_wconf 88' lang='lat' dir='ltr'><strong>remissionem</strong></span> <span class='ocrx_word' id='word_1_433' title='bbox 1356 334 1569 368; x_wconf 83' lang='lat' dir='ltr'><strong>peccatorum</strong></span> <span class='ocrx_word' id='word_1_434' title='bbox 1593 334 1626 359; x_wconf 88' lang='lat' dir='ltr'><strong>et</strong></span> <span class='ocrx_word' id='word_1_435' title='bbox 1648 326 1781 358; x_wconf 87' lang='lat' dir='ltr'><strong>liberari</strong></span> <span class='ocrx_word' id='word_1_436' title='bbox 1805 337 1823 357; x_wconf 84' lang='lat' dir='ltr'><strong>a</strong></span> <span class='ocrx_word' id='word_1_437' title='bbox 1847 332 1998 367; x_wconf 87' lang='lat' dir='ltr'><strong>peccato.</strong></span> <span class='ocrx_word' id='word_1_438' title='bbox 2043 327 2086 358; x_wconf 80' lang='lat' dir='ltr'><strong>Et</strong></span> 
     </span>
     <span class='ocr_line' id='line_1_68' title="bbox 1104 368 2086 411; baseline -0.001 -9"><span class='ocrx_word' id='word_1_439' title='bbox 1104 372 1136 402; x_wconf 91' lang='lat' dir='ltr'><strong>in</strong></span> <span class='ocrx_word' id='word_1_440' title='bbox 1171 369 1291 402; x_wconf 85' lang='lat' dir='ltr'><strong>talibus</strong></span> <span class='ocrx_word' id='word_1_441' title='bbox 1326 372 1511 402; x_wconf 83' lang='lat' dir='ltr'><strong>terroribus</strong></span> <span class='ocrx_word' id='word_1_442' title='bbox 1543 377 1575 402; x_wconf 95' lang='lat' dir='ltr'><strong>et</strong></span> <span class='ocrx_word' id='word_1_443' title='bbox 1602 369 1678 411; x_wconf 87' lang='lat' dir='ltr'><strong>alijs</strong></span> <span class='ocrx_word' id='word_1_444' title='bbox 1713 368 1951 400; x_wconf 85' lang='lat' dir='ltr'><strong>afflictionibus</strong></span> <span class='ocrx_word' id='word_1_445' title='bbox 1986 369 2086 401; x_wconf 88' lang='lat' dir='ltr'><strong>debet</strong></span> 
     </span>
     <span class='ocr_line' id='line_1_69' title="bbox 1105 411 2087 453; baseline -0.001 -9"><span class='ocrx_word' id='word_1_446' title='bbox 1105 414 1189 444; x_wconf 81' lang='lat' dir='ltr'><strong>haec</strong></span> <span class='ocrx_word' id='word_1_447' title='bbox 1212 413 1295 444; x_wconf 87' lang='lat' dir='ltr'><strong>fides</strong></span> <span class='ocrx_word' id='word_1_448' title='bbox 1319 422 1473 444; x_wconf 89' lang='lat' dir='ltr'><strong>crescere</strong></span> <span class='ocrx_word' id='word_1_449' title='bbox 1503 420 1536 444; x_wconf 89' lang='lat' dir='ltr'><strong>et</strong></span> <span class='ocrx_word' id='word_1_450' title='bbox 1560 413 1756 445; x_wconf 80' lang='lat' dir='ltr'><strong>confirmari.</strong></span> <span class='ocrx_word' id='word_1_451' title='bbox 1804 411 1915 447; x_wconf 81' lang='lat' dir='ltr'><strong>Quare</strong></span> <span class='ocrx_word' id='word_1_452' title='bbox 1938 421 2004 442; x_wconf 90' lang='lat' dir='ltr'><strong>non</strong></span> <span class='ocrx_word' id='word_1_453' title='bbox 2026 423 2087 453; x_wconf 93' lang='lat' dir='ltr'><strong>po-</strong></span> 
     </span>
     <span class='ocr_line' id='line_1_70' title="bbox 1105 455 2087 496; baseline -0.001 -9"><span class='ocrx_word' id='word_1_454' title='bbox 1105 462 1171 487; x_wconf 90' lang='lat' dir='ltr'><strong>test</strong></span> <span class='ocrx_word' id='word_1_455' title='bbox 1193 457 1334 487; x_wconf 84' lang='lat' dir='ltr'><strong>existere</strong></span> <span class='ocrx_word' id='word_1_456' title='bbox 1357 456 1390 486; x_wconf 90' lang='lat' dir='ltr'><strong>in</strong></span> <span class='ocrx_word' id='word_1_457' title='bbox 1414 456 1484 493; x_wconf 84' lang='lat' dir='ltr'><strong>his,</strong></span> <span class='ocrx_word' id='word_1_458' title='bbox 1513 457 1567 496; x_wconf 89' lang='lat' dir='ltr'><strong>qui</strong></span> <span class='ocrx_word' id='word_1_459' title='bbox 1597 455 1779 487; x_wconf 87' lang='lat' dir='ltr'><strong>secundum</strong></span> <span class='ocrx_word' id='word_1_460' title='bbox 1803 464 1937 485; x_wconf 81' lang='lat' dir='ltr'><strong>carnem.</strong></span> <span class='ocrx_word' id='word_1_461' title='bbox 1960 455 2087 493; x_wconf 82' lang='lat' dir='ltr'><strong>viuunt,</strong></span> 
     </span>
     <span class='ocr_line' id='line_1_71' title="bbox 1106 497 2089 541; baseline -0.003 -11"><span class='ocrx_word' id='word_1_462' title='bbox 1106 500 1161 541; x_wconf 89' lang='lat' dir='ltr'><strong>qui</strong></span> <span class='ocrx_word' id='word_1_463' title='bbox 1192 497 1399 529; x_wconf 84' lang='lat' dir='ltr'><strong>delectantur</strong></span> <span class='ocrx_word' id='word_1_464' title='bbox 1422 499 1655 538; x_wconf 85' lang='lat' dir='ltr'><strong>cupiditatibus</strong></span> <span class='ocrx_word' id='word_1_465' title='bbox 1685 498 1772 535; x_wconf 86' lang='lat' dir='ltr'><strong>suis,</strong></span> <span class='ocrx_word' id='word_1_466' title='bbox 1804 503 1835 528; x_wconf 92' lang='lat' dir='ltr'><strong>et</strong></span> <span class='ocrx_word' id='word_1_467' title='bbox 1859 498 2089 537; x_wconf 82' lang='lat' dir='ltr'><strong>obtemperant</strong></span> 
     </span>
     <span class='ocr_line' id='line_1_72' title="bbox 1218 539 2091 572; baseline 0 -1"><span class='ocrx_word' id='word_1_468' title='bbox 1218 541 1296 572; x_wconf 90' lang='lat' dir='ltr'><strong>ldeo</strong></span> <span class='ocrx_word' id='word_1_469' title='bbox 1326 539 1451 572; x_wconf 89' lang='lat' dir='ltr'><strong>Paulus</strong></span> <span class='ocrx_word' id='word_1_470' title='bbox 1479 542 1534 571; x_wconf 85' lang='lat' dir='ltr'><strong>ait.</strong></span> <span class='ocrx_word' id='word_1_471' title='bbox 1597 539 1697 572; x_wconf 85' lang='lat' dir='ltr'><strong>Nulla</strong></span> <span class='ocrx_word' id='word_1_472' title='bbox 1725 551 1812 572; x_wconf 91' lang='lat' dir='ltr'><strong>nunc</strong></span> <span class='ocrx_word' id='word_1_473' title='bbox 1841 540 2006 571; x_wconf 79' lang='lat' dir='ltr'><strong>damnatio</strong></span> <span class='ocrx_word' id='word_1_474' title='bbox 2036 545 2091 571; x_wconf 89' lang='lat' dir='ltr'><strong>est</strong></span> 
     </span>
     <span class='ocr_line' id='line_1_73' title="bbox 1106 582 2090 625; baseline -0.001 -10"><span class='ocrx_word' id='word_1_475' title='bbox 1106 584 1158 615; x_wconf 87' lang='lat' dir='ltr'><strong>his</strong></span> <span class='ocrx_word' id='word_1_476' title='bbox 1187 584 1243 625; x_wconf 89' lang='lat' dir='ltr'><strong>qui</strong></span> <span class='ocrx_word' id='word_1_477' title='bbox 1277 589 1354 614; x_wconf 85' lang='lat' dir='ltr'><strong>sunt</strong></span> <span class='ocrx_word' id='word_1_478' title='bbox 1387 584 1420 614; x_wconf 90' lang='lat' dir='ltr'><strong>in</strong></span> <span class='ocrx_word' id='word_1_479' title='bbox 1450 582 1583 615; x_wconf 82' lang='lat' dir='ltr'><strong>Christo</strong></span> <span class='ocrx_word' id='word_1_480' title='bbox 1614 584 1706 620; x_wconf 87' lang='lat' dir='ltr'><strong>lesu,</strong></span> <span class='ocrx_word' id='word_1_481' title='bbox 1734 584 1790 625; x_wconf 90' lang='lat' dir='ltr'><strong>qui</strong></span> <span class='ocrx_word' id='word_1_482' title='bbox 1814 593 1881 613; x_wconf 87' lang='lat' dir='ltr'><strong>non</strong></span> <span class='ocrx_word' id='word_1_483' title='bbox 1905 583 2090 614; x_wconf 83' lang='lat' dir='ltr'><strong>secundum</strong></span> 
     </span>
     <span class='ocr_line' id='line_1_74' title="bbox 1108 625 2091 667; baseline -0.003 -8"><span class='ocrx_word' id='word_1_484' title='bbox 1108 637 1242 659; x_wconf 85' lang='lat' dir='ltr'><strong>carnem</strong></span> <span class='ocrx_word' id='word_1_485' title='bbox 1271 625 1460 664; x_wconf 87' lang='lat' dir='ltr'><strong>ambulant,</strong></span> <span class='ocrx_word' id='word_1_486' title='bbox 1493 627 1554 657; x_wconf 87' lang='lat' dir='ltr'><strong>sed</strong></span> <span class='ocrx_word' id='word_1_487' title='bbox 1582 626 1762 658; x_wconf 87' lang='lat' dir='ltr'><strong>secuudum</strong></span> <span class='ocrx_word' id='word_1_488' title='bbox 1794 626 1954 667; x_wconf 81' lang='lat' dir='ltr'><strong>spiritum.</strong></span> <span class='ocrx_word' id='word_1_489' title='bbox 1999 625 2091 664; x_wconf 69' lang='lat' dir='ltr'><strong>ltem,</strong></span> 
     </span>
    </p>
   </div>
   <div class='ocr_carea' id='block_1_13' title="bbox 1107 711 2094 881">
    <p class='ocr_par' dir='ltr' id='par_1_14' title="bbox 1107 711 2094 881">
     <span class='ocr_line' id='line_1_75' title="bbox 1107 711 2091 749; baseline -0.002 -6"><span class='ocrx_word' id='word_1_490' title='bbox 1107 714 1270 744; x_wconf 83' lang='lat' dir='ltr'><strong>viuamus.</strong></span> <span class='ocrx_word' id='word_1_491' title='bbox 1311 712 1347 744; x_wconf 85' lang='lat' dir='ltr'><strong>Si</strong></span> <span class='ocrx_word' id='word_1_492' title='bbox 1371 712 1456 743; x_wconf 90' lang='lat' dir='ltr'><strong>enim</strong></span> <span class='ocrx_word' id='word_1_493' title='bbox 1479 712 1662 743; x_wconf 88' lang='lat' dir='ltr'><strong>secundum</strong></span> <span class='ocrx_word' id='word_1_494' title='bbox 1685 721 1818 742; x_wconf 88' lang='lat' dir='ltr'><strong>carnem</strong></span> <span class='ocrx_word' id='word_1_495' title='bbox 1843 711 2001 749; x_wconf 80' lang='lat' dir='ltr'><strong>vixeritis,</strong></span> <span class='ocrx_word' id='word_1_496' title='bbox 2025 721 2091 742; x_wconf 93' lang='lat' dir='ltr'><strong>mo-</strong></span> 
     </span>
     <span class='ocr_line' id='line_1_76' title="bbox 1108 754 2092 795; baseline -0.001 -9"><span class='ocrx_word' id='word_1_497' title='bbox 1108 756 1253 793; x_wconf 88' lang='lat' dir='ltr'><strong>riemini,</strong></span> <span class='ocrx_word' id='word_1_498' title='bbox 1278 755 1338 786; x_wconf 88' lang='lat' dir='ltr'><strong>Sin</strong></span> <span class='ocrx_word' id='word_1_499' title='bbox 1361 760 1469 786; x_wconf 87' lang='lat' dir='ltr'><strong>autem</strong></span> <span class='ocrx_word' id='word_1_500' title='bbox 1492 755 1608 795; x_wconf 90' lang='lat' dir='ltr'><strong>spiritu</strong></span> <span class='ocrx_word' id='word_1_501' title='bbox 1631 754 1780 785; x_wconf 82' lang='lat' dir='ltr'><strong>actiones</strong></span> <span class='ocrx_word' id='word_1_502' title='bbox 1805 754 1954 794; x_wconf 86' lang='lat' dir='ltr'><strong>corporis</strong></span> <span class='ocrx_word' id='word_1_503' title='bbox 1979 754 2092 785; x_wconf 89' lang='lat' dir='ltr'><strong>morti-</strong></span> 
     </span>
     <span class='ocr_line' id='line_1_77' title="bbox 1108 796 2094 837; baseline -0.001 -8"><span class='ocrx_word' id='word_1_504' title='bbox 1108 798 1261 836; x_wconf 87' lang='lat' dir='ltr'><strong>ficabitis,</strong></span> <span class='ocrx_word' id='word_1_505' title='bbox 1284 798 1414 829; x_wconf 86' lang='lat' dir='ltr'><strong>viuetis.</strong></span> <span class='ocrx_word' id='word_1_506' title='bbox 1459 796 1573 832; x_wconf 86' lang='lat' dir='ltr'><strong>Quare</strong></span> <span class='ocrx_word' id='word_1_507' title='bbox 1596 796 1680 828; x_wconf 78' lang='lat' dir='ltr'><strong>fides</strong></span> <span class='ocrx_word' id='word_1_508' title='bbox 1704 796 1761 828; x_wconf 88' lang='lat' dir='ltr'><strong>illa</strong></span> <span class='ocrx_word' id='word_1_509' title='bbox 1787 807 1873 837; x_wconf 87' lang='lat' dir='ltr'><strong>quae</strong></span> <span class='ocrx_word' id='word_1_510' title='bbox 1896 797 2017 837; x_wconf 80' lang='lat' dir='ltr'><strong>accipit</strong></span> <span class='ocrx_word' id='word_1_511' title='bbox 2041 806 2094 828; x_wconf 87' lang='lat' dir='ltr'><strong>re-</strong></span> 
     </span>
     <span class='ocr_line' id='line_1_78' title="bbox 1108 838 2094 881; baseline -0.003 -9"><span class='ocrx_word' id='word_1_512' title='bbox 1108 842 1298 873; x_wconf 76' lang='lat' dir='ltr'><strong>missionem</strong></span> <span class='ocrx_word' id='word_1_513' title='bbox 1331 845 1546 881; x_wconf 85' lang='lat' dir='ltr'><strong>peccatorum</strong></span> <span class='ocrx_word' id='word_1_514' title='bbox 1575 840 1607 870; x_wconf 91' lang='lat' dir='ltr'><strong>in</strong></span> <span class='ocrx_word' id='word_1_515' title='bbox 1638 840 1741 870; x_wconf 84' lang='lat' dir='ltr'><strong>corde</strong></span> <span class='ocrx_word' id='word_1_516' title='bbox 1774 838 2026 879; x_wconf 83' lang='lat' dir='ltr'><strong>perterrefacto,</strong></span> <span class='ocrx_word' id='word_1_517' title='bbox 2061 843 2094 870; x_wconf 95' lang='lat' dir='ltr'><strong>et</strong></span> 
     </span>
    </p>
   </div>
   <div class='ocr_carea' id='block_1_14' title="bbox 1079 669 2091 887">
    <p class='ocr_par' dir='ltr' id='par_1_15' title="bbox 1079 669 2091 887">
     <span class='ocr_line' id='line_1_79' title="bbox 1079 669 2091 887; baseline -0.002 -186"><span class='ocrx_word' id='word_1_518' title='bbox 1079 693 1086 887; x_wconf 69' lang='grc' dir='ltr'><strong>ι</strong></span> <span class='ocrx_word' id='word_1_519' title='bbox 1107 669 1287 701; x_wconf 88' lang='lat' dir='ltr'><strong>Debitores</strong></span> <span class='ocrx_word' id='word_1_520' title='bbox 1318 678 1433 700; x_wconf 84' lang='lat' dir='ltr'><strong>sumus</strong></span> <span class='ocrx_word' id='word_1_521' title='bbox 1462 679 1528 699; x_wconf 92' lang='lat' dir='ltr'><strong>non</strong></span> <span class='ocrx_word' id='word_1_522' title='bbox 1554 670 1662 707; x_wconf 85' lang='lat' dir='ltr'><strong>carni,</strong></span> <span class='ocrx_word' id='word_1_523' title='bbox 1686 674 1721 699; x_wconf 92' lang='lat' dir='ltr'><strong>vt</strong></span> <span class='ocrx_word' id='word_1_524' title='bbox 1743 669 1924 699; x_wconf 87' lang='lat' dir='ltr'><strong>secundum</strong></span> <span class='ocrx_word' id='word_1_525' title='bbox 1955 678 2091 699; x_wconf 88' lang='lat' dir='ltr'><strong>carnem</strong></span> 
     </span>
    </p>
   </div>
   <div class='ocr_carea' id='block_1_15' title="bbox 1108 923 2104 2509">
    <p class='ocr_par' dir='ltr' id='par_1_16' title="bbox 1109 923 2093 968">
     <span class='ocr_line' id='line_1_80' title="bbox 1109 923 2093 968; baseline -0.002 -10"><span class='ocrx_word' id='word_1_526' title='bbox 1109 933 1183 958; x_wconf 90' lang='lat' dir='ltr'><strong>rant</strong></span> <span class='ocrx_word' id='word_1_527' title='bbox 1207 926 1454 968; x_wconf 79' lang='lat' dir='ltr'><strong>cupiditatibuS,</strong></span> <span class='ocrx_word' id='word_1_528' title='bbox 1477 935 1539 956; x_wconf 90' lang='lat' dir='ltr'><strong>nec</strong></span> <span class='ocrx_word' id='word_1_529' title='bbox 1562 925 1674 956; x_wconf 82' lang='lat' dir='ltr'><strong>existit</strong></span> <span class='ocrx_word' id='word_1_530' title='bbox 1697 935 1772 956; x_wconf 90' lang='lat' dir='ltr'><strong>cum</strong></span> <span class='ocrx_word' id='word_1_531' title='bbox 1791 923 1921 955; x_wconf 84' lang='lat' dir='ltr'><strong>mortali</strong></span> <span class='ocrx_word' id='word_1_532' title='bbox 1941 930 2093 964; x_wconf 84' lang='lat' dir='ltr'><strong>peccato.</strong></span> 
     </span>
    </p>

    <p class='ocr_par' dir='ltr' id='par_1_17' title="bbox 1108 967 2099 1652">
     <span class='ocr_line' id='line_1_81' title="bbox 1194 967 2091 1008; baseline -0.003 -8"><span class='ocrx_word' id='word_1_533' title='bbox 1194 969 1245 1000; x_wconf 84' lang='lat' dir='ltr'><strong>Ex</strong></span> <span class='ocrx_word' id='word_1_534' title='bbox 1284 970 1336 1000; x_wconf 89' lang='lat' dir='ltr'><strong>his</strong></span> <span class='ocrx_word' id='word_1_535' title='bbox 1370 968 1543 1000; x_wconf 81' lang='lat' dir='ltr'><strong>effectibus</strong></span> <span class='ocrx_word' id='word_1_536' title='bbox 1578 968 1655 999; x_wconf 86' lang='lat' dir='ltr'><strong>fidei</strong></span> <span class='ocrx_word' id='word_1_537' title='bbox 1689 974 1874 1008; x_wconf 78' lang='lat' dir='ltr'><strong>excerpunt</strong></span> <span class='ocrx_word' id='word_1_538' title='bbox 1908 967 2091 1006; x_wconf 89' lang='lat' dir='ltr'><strong>aduersarij</strong></span> 
     </span>
     <span class='ocr_line' id='line_1_82' title="bbox 1109 1010 2094 1051; baseline -0.004 -7"><span class='ocrx_word' id='word_1_539' title='bbox 1109 1023 1233 1051; x_wconf 88' lang='lat' dir='ltr'><strong>vnum,</strong></span> <span class='ocrx_word' id='word_1_540' title='bbox 1260 1010 1416 1043; x_wconf 86' lang='lat' dir='ltr'><strong>videlicet</strong></span> <span class='ocrx_word' id='word_1_541' title='bbox 1448 1010 1675 1049; x_wconf 82' lang='lat' dir='ltr'><strong>dilectionem,</strong></span> <span class='ocrx_word' id='word_1_542' title='bbox 1710 1016 1740 1041; x_wconf 88' lang='lat' dir='ltr'><strong>et</strong></span> <span class='ocrx_word' id='word_1_543' title='bbox 1765 1011 1904 1047; x_wconf 89' lang='lat' dir='ltr'><strong>docent,</strong></span> <span class='ocrx_word' id='word_1_544' title='bbox 1938 1010 2027 1050; x_wconf 88' lang='lat' dir='ltr'><strong>quod</strong></span> <span class='ocrx_word' id='word_1_545' title='bbox 2050 1010 2094 1040; x_wconf 91' lang='lat' dir='ltr'><strong>di-</strong></span> 
     </span>
     <span class='ocr_line' id='line_1_83' title="bbox 1108 1052 2094 1093; baseline -0.002 -8"><span class='ocrx_word' id='word_1_546' title='bbox 1108 1054 1208 1086; x_wconf 86' lang='lat' dir='ltr'><strong>lectio</strong></span> <span class='ocrx_word' id='word_1_547' title='bbox 1231 1054 1398 1086; x_wconf 87' lang='lat' dir='ltr'><strong>iustificet.</strong></span> <span class='ocrx_word' id='word_1_548' title='bbox 1448 1053 1496 1085; x_wconf 86' lang='lat' dir='ltr'><strong>lta</strong></span> <span class='ocrx_word' id='word_1_549' title='bbox 1519 1052 1695 1084; x_wconf 83' lang='lat' dir='ltr'><strong>manifeste</strong></span> <span class='ocrx_word' id='word_1_550' title='bbox 1723 1058 1862 1093; x_wconf 89' lang='lat' dir='ltr'><strong>apparet</strong></span> <span class='ocrx_word' id='word_1_551' title='bbox 1884 1061 1944 1083; x_wconf 87' lang='lat' dir='ltr'><strong>eos</strong></span> <span class='ocrx_word' id='word_1_552' title='bbox 1967 1058 2094 1083; x_wconf 86' lang='lat' dir='ltr'><strong>tantum</strong></span> 
     </span>
     <span class='ocr_line' id='line_1_84' title="bbox 1110 1095 2094 1139; baseline -0.004 -10"><span class='ocrx_word' id='word_1_553' title='bbox 1110 1099 1232 1129; x_wconf 91' lang='lat' dir='ltr'><strong>docere</strong></span> <span class='ocrx_word' id='word_1_554' title='bbox 1260 1096 1378 1139; x_wconf 86' lang='lat' dir='ltr'><strong>legem.</strong></span> <span class='ocrx_word' id='word_1_555' title='bbox 1429 1097 1506 1128; x_wconf 87' lang='lat' dir='ltr'><strong>Non</strong></span> <span class='ocrx_word' id='word_1_556' title='bbox 1538 1097 1630 1136; x_wconf 89' lang='lat' dir='ltr'><strong>prius</strong></span> <span class='ocrx_word' id='word_1_557' title='bbox 1659 1097 1781 1127; x_wconf 87' lang='lat' dir='ltr'><strong>docent</strong></span> <span class='ocrx_word' id='word_1_558' title='bbox 1806 1095 1960 1136; x_wconf 85' lang='lat' dir='ltr'><strong>accipere</strong></span> <span class='ocrx_word' id='word_1_559' title='bbox 1983 1096 2094 1126; x_wconf 88' lang='lat' dir='ltr'><strong>remis-</strong></span> 
     </span>
     <span class='ocr_line' id='line_1_85' title="bbox 1109 1138 2092 1181; baseline -0.002 -10"><span class='ocrx_word' id='word_1_560' title='bbox 1109 1142 1235 1172; x_wconf 89' lang='lat' dir='ltr'><strong>sionem</strong></span> <span class='ocrx_word' id='word_1_561' title='bbox 1258 1146 1473 1181; x_wconf 79' lang='lat' dir='ltr'><strong>peccatorum</strong></span> <span class='ocrx_word' id='word_1_562' title='bbox 1496 1150 1556 1180; x_wconf 89' lang='lat' dir='ltr'><strong>per</strong></span> <span class='ocrx_word' id='word_1_563' title='bbox 1579 1139 1687 1170; x_wconf 88' lang='lat' dir='ltr'><strong>fidem.</strong></span> <span class='ocrx_word' id='word_1_564' title='bbox 1723 1138 1798 1169; x_wconf 87' lang='lat' dir='ltr'><strong>Non</strong></span> <span class='ocrx_word' id='word_1_565' title='bbox 1822 1139 1943 1169; x_wconf 90' lang='lat' dir='ltr'><strong>docent</strong></span> <span class='ocrx_word' id='word_1_566' title='bbox 1966 1138 2008 1169; x_wconf 83' lang='lat' dir='ltr'><strong>de</strong></span> <span class='ocrx_word' id='word_1_567' title='bbox 2026 1148 2092 1169; x_wconf 87' lang='lat' dir='ltr'><strong>me-</strong></span> 
     </span>
     <span class='ocr_line' id='line_1_86' title="bbox 1110 1180 2093 1223; baseline -0.004 -9"><span class='ocrx_word' id='word_1_568' title='bbox 1110 1184 1237 1215; x_wconf 82' lang='lat' dir='ltr'><strong>diatore</strong></span> <span class='ocrx_word' id='word_1_569' title='bbox 1250 1182 1398 1220; x_wconf 86' lang='lat' dir='ltr'><strong>Christo,</strong></span> <span class='ocrx_word' id='word_1_570' title='bbox 1410 1183 1500 1223; x_wconf 90' lang='lat' dir='ltr'><strong>quod</strong></span> <span class='ocrx_word' id='word_1_571' title='bbox 1514 1188 1652 1223; x_wconf 88' lang='lat' dir='ltr'><strong>propter</strong></span> <span class='ocrx_word' id='word_1_572' title='bbox 1664 1180 1831 1212; x_wconf 82' lang='lat' dir='ltr'><strong>Christum</strong></span> <span class='ocrx_word' id='word_1_573' title='bbox 1844 1180 2025 1211; x_wconf 83' lang='lat' dir='ltr'><strong>habeamus</strong></span> <span class='ocrx_word' id='word_1_574' title='bbox 2041 1183 2052 1200; x_wconf 73' lang='lat'><em>⁷</em></span> <span class='ocrx_word' id='word_1_575' title='bbox 2062 1183 2093 1218; x_wconf 71' lang='grc' dir='ltr'><strong>ὁ)</strong></span> 
     </span>
     <span class='ocr_line' id='line_1_87' title="bbox 1110 1222 2093 1267; baseline -0.005 -9"><span class='ocrx_word' id='word_1_576' title='bbox 1110 1226 1219 1258; x_wconf 90' lang='lat' dir='ltr'><strong>Deum</strong></span> <span class='ocrx_word' id='word_1_577' title='bbox 1240 1226 1435 1267; x_wconf 80' lang='lat' dir='ltr'><strong>propicium,</strong></span> <span class='ocrx_word' id='word_1_578' title='bbox 1459 1226 1518 1256; x_wconf 90' lang='lat' dir='ltr'><strong>sed</strong></span> <span class='ocrx_word' id='word_1_579' title='bbox 1543 1231 1678 1265; x_wconf 89' lang='lat' dir='ltr'><strong>propter</strong></span> <span class='ocrx_word' id='word_1_580' title='bbox 1700 1229 1849 1254; x_wconf 90' lang='lat' dir='ltr'><strong>nostram</strong></span> <span class='ocrx_word' id='word_1_581' title='bbox 1873 1222 2093 1254; x_wconf 87' lang='lat' dir='ltr'><strong>dilectionem.</strong></span> 
     </span>
     <span class='ocr_line' id='line_1_88' title="bbox 1110 1265 2096 1310; baseline -0.004 -10"><span class='ocrx_word' id='word_1_582' title='bbox 1110 1269 1152 1300; x_wconf 89' lang='lat' dir='ltr'><strong>Et</strong></span> <span class='ocrx_word' id='word_1_583' title='bbox 1174 1274 1284 1300; x_wconf 87' lang='lat' dir='ltr'><strong>tamen</strong></span> <span class='ocrx_word' id='word_1_584' title='bbox 1307 1268 1416 1310; x_wconf 83' lang='lat' dir='ltr'><strong>qualis</strong></span> <span class='ocrx_word' id='word_1_585' title='bbox 1439 1268 1482 1298; x_wconf 86' lang='lat' dir='ltr'><strong>sit</strong></span> <span class='ocrx_word' id='word_1_586' title='bbox 1505 1266 1562 1298; x_wconf 80' lang='lat' dir='ltr'><strong>illa</strong></span> <span class='ocrx_word' id='word_1_587' title='bbox 1586 1265 1730 1304; x_wconf 87' lang='lat' dir='ltr'><strong>dilectio,</strong></span> <span class='ocrx_word' id='word_1_588' title='bbox 1754 1277 1821 1298; x_wconf 89' lang='lat' dir='ltr'><strong>non</strong></span> <span class='ocrx_word' id='word_1_589' title='bbox 1841 1266 1964 1303; x_wconf 85' lang='lat' dir='ltr'><strong>dicunt,</strong></span> <span class='ocrx_word' id='word_1_590' title='bbox 1987 1275 2096 1307; x_wconf 86' lang='lat' dir='ltr'><strong>neque</strong></span> 
     </span>
     <span class='ocr_line' id='line_1_89' title="bbox 1111 1308 2096 1352; baseline -0.004 -9"><span class='ocrx_word' id='word_1_591' title='bbox 1111 1313 1224 1343; x_wconf 83' lang='lat' dir='ltr'><strong>dicere</strong></span> <span class='ocrx_word' id='word_1_592' title='bbox 1247 1317 1398 1352; x_wconf 82' lang='lat' dir='ltr'><strong>possunt.</strong></span> <span class='ocrx_word' id='word_1_593' title='bbox 1434 1310 1632 1341; x_wconf 85' lang='lat' dir='ltr'><strong>Praedieant</strong></span> <span class='ocrx_word' id='word_1_594' title='bbox 1655 1320 1693 1341; x_wconf 92' lang='lat' dir='ltr'><strong>se</strong></span> <span class='ocrx_word' id='word_1_595' title='bbox 1717 1308 1825 1351; x_wconf 84' lang='lat' dir='ltr'><strong>legem</strong></span> <span class='ocrx_word' id='word_1_596' title='bbox 1847 1308 1997 1349; x_wconf 87' lang='lat' dir='ltr'><strong>implere,</strong></span> <span class='ocrx_word' id='word_1_597' title='bbox 2022 1319 2096 1340; x_wconf 91' lang='lat' dir='ltr'><strong>cum</strong></span> 
     </span>
     <span class='ocr_line' id='line_1_90' title="bbox 1227 1352 2096 1396; baseline -0.003 -11"><span class='ocrx_word' id='word_1_598' title='bbox 1227 1354 1337 1396; x_wconf 83' lang='lat' dir='ltr'><strong>gloria</strong></span> <span class='ocrx_word' id='word_1_599' title='bbox 1363 1354 1497 1395; x_wconf 86' lang='lat' dir='ltr'><strong>proprie</strong></span> <span class='ocrx_word' id='word_1_600' title='bbox 1526 1354 1687 1384; x_wconf 87' lang='lat' dir='ltr'><strong>debeatur</strong></span> <span class='ocrx_word' id='word_1_601' title='bbox 1711 1352 1862 1390; x_wconf 87' lang='lat' dir='ltr'><strong>Christo,</strong></span> <span class='ocrx_word' id='word_1_602' title='bbox 1885 1357 1918 1382; x_wconf 92' lang='lat' dir='ltr'><strong>et</strong></span> <span class='ocrx_word' id='word_1_603' title='bbox 1941 1352 2096 1383; x_wconf 84' lang='lat' dir='ltr'><strong>fiduciam</strong></span> 
     </span>
     <span class='ocr_line' id='line_1_91' title="bbox 1111 1394 2098 1438; baseline -0.003 -10"><span class='ocrx_word' id='word_1_604' title='bbox 1111 1398 1319 1438; x_wconf 90' lang='lat' dir='ltr'><strong>propriorum</strong></span> <span class='ocrx_word' id='word_1_605' title='bbox 1349 1407 1486 1437; x_wconf 89' lang='lat' dir='ltr'><strong>operum</strong></span> <span class='ocrx_word' id='word_1_606' title='bbox 1514 1401 1687 1437; x_wconf 86' lang='lat' dir='ltr'><strong>opponunt</strong></span> <span class='ocrx_word' id='word_1_607' title='bbox 1719 1395 1839 1426; x_wconf 86' lang='lat' dir='ltr'><strong>iudicio</strong></span> <span class='ocrx_word' id='word_1_608' title='bbox 1868 1394 1949 1432; x_wconf 88' lang='lat' dir='ltr'><strong>Dei,</strong></span> <span class='ocrx_word' id='word_1_609' title='bbox 1984 1395 2098 1426; x_wconf 86' lang='lat' dir='ltr'><strong>dicunt</strong></span> 
     </span>
     <span class='ocr_line' id='line_1_92' title="bbox 1112 1438 2097 1480; baseline -0.002 -10"><span class='ocrx_word' id='word_1_610' title='bbox 1112 1440 1199 1471; x_wconf 90' lang='lat' dir='ltr'><strong>enim</strong></span> <span class='ocrx_word' id='word_1_611' title='bbox 1238 1449 1277 1470; x_wconf 91' lang='lat' dir='ltr'><strong>se</strong></span> <span class='ocrx_word' id='word_1_612' title='bbox 1317 1440 1360 1470; x_wconf 89' lang='lat' dir='ltr'><strong>de</strong></span> <span class='ocrx_word' id='word_1_613' title='bbox 1395 1439 1561 1480; x_wconf 85' lang='lat' dir='ltr'><strong>condigno</strong></span> <span class='ocrx_word' id='word_1_614' title='bbox 1603 1438 1721 1470; x_wconf 88' lang='lat' dir='ltr'><strong>mereri</strong></span> <span class='ocrx_word' id='word_1_615' title='bbox 1756 1438 1895 1479; x_wconf 85' lang='lat' dir='ltr'><strong>gratiam</strong></span> <span class='ocrx_word' id='word_1_616' title='bbox 1929 1443 1963 1469; x_wconf 89' lang='lat' dir='ltr'><strong>et</strong></span> <span class='ocrx_word' id='word_1_617' title='bbox 1995 1438 2097 1469; x_wconf 88' lang='lat' dir='ltr'><strong>vitam</strong></span> 
     </span>
     <span class='ocr_line' id='line_1_93' title="bbox 1112 1479 2097 1523; baseline -0.002 -10"><span class='ocrx_word' id='word_1_618' title='bbox 1112 1487 1289 1514; x_wconf 82' lang='lat' dir='ltr'><strong>aeternam.</strong></span> <span class='ocrx_word' id='word_1_619' title='bbox 1340 1481 1434 1513; x_wconf 87' lang='lat' dir='ltr'><strong>Haec</strong></span> <span class='ocrx_word' id='word_1_620' title='bbox 1468 1487 1519 1512; x_wconf 88' lang='lat' dir='ltr'><strong>est</strong></span> <span class='ocrx_word' id='word_1_621' title='bbox 1550 1480 1741 1523; x_wconf 82' lang='lat' dir='ltr'><strong>simpliciter</strong></span> <span class='ocrx_word' id='word_1_622' title='bbox 1768 1482 1865 1521; x_wconf 89' lang='lat' dir='ltr'><strong>impia</strong></span> <span class='ocrx_word' id='word_1_623' title='bbox 1895 1485 1929 1511; x_wconf 90' lang='lat' dir='ltr'><strong>et</strong></span> <span class='ocrx_word' id='word_1_624' title='bbox 1951 1490 2038 1512; x_wconf 78' lang='lat' dir='ltr'><strong>vana</strong></span> <span class='ocrx_word' id='word_1_625' title='bbox 2060 1479 2097 1510; x_wconf 86' lang='lat' dir='ltr'><strong>fi·</strong></span> 
     </span>
     <span class='ocr_line' id='line_1_94' title="bbox 1113 1522 2099 1565; baseline -0.001 -9"><span class='ocrx_word' id='word_1_626' title='bbox 1113 1525 1220 1556; x_wconf 90' lang='lat' dir='ltr'><strong>ducia.</strong></span> <span class='ocrx_word' id='word_1_627' title='bbox 1266 1524 1351 1556; x_wconf 87' lang='lat' dir='ltr'><strong>Nam</strong></span> <span class='ocrx_word' id='word_1_628' title='bbox 1379 1525 1412 1555; x_wconf 92' lang='lat' dir='ltr'><strong>in</strong></span> <span class='ocrx_word' id='word_1_629' title='bbox 1436 1523 1501 1555; x_wconf 87' lang='lat' dir='ltr'><strong>hac</strong></span> <span class='ocrx_word' id='word_1_630' title='bbox 1523 1525 1589 1555; x_wconf 88' lang='lat' dir='ltr'><strong>vita</strong></span> <span class='ocrx_word' id='word_1_631' title='bbox 1617 1534 1684 1555; x_wconf 90' lang='lat' dir='ltr'><strong>non</strong></span> <span class='ocrx_word' id='word_1_632' title='bbox 1710 1533 1889 1565; x_wconf 86' lang='lat' dir='ltr'><strong>possumus</strong></span> <span class='ocrx_word' id='word_1_633' title='bbox 1913 1522 1980 1564; x_wconf 83' lang='lat' dir='ltr'><strong>legi</strong></span> <span class='ocrx_word' id='word_1_634' title='bbox 2003 1523 2099 1555; x_wconf 84' lang='lat' dir='ltr'><strong>satis·</strong></span> 
     </span>
     <span class='ocr_line' id='line_1_95' title="bbox 1113 1565 2099 1609; baseline -0.002 -11"><span class='ocrx_word' id='word_1_635' title='bbox 1113 1566 1242 1605; x_wconf 86' lang='lat' dir='ltr'><strong>facere,</strong></span> <span class='ocrx_word' id='word_1_636' title='bbox 1283 1568 1359 1609; x_wconf 90' lang='lat' dir='ltr'><strong>quia</strong></span> <span class='ocrx_word' id='word_1_637' title='bbox 1398 1574 1518 1599; x_wconf 87' lang='lat' dir='ltr'><strong>natura</strong></span> <span class='ocrx_word' id='word_1_638' title='bbox 1558 1565 1701 1598; x_wconf 87' lang='lat' dir='ltr'><strong>carnalis</strong></span> <span class='ocrx_word' id='word_1_639' title='bbox 1735 1577 1802 1597; x_wconf 91' lang='lat' dir='ltr'><strong>non</strong></span> <span class='ocrx_word' id='word_1_640' title='bbox 1843 1566 1961 1597; x_wconf 86' lang='lat' dir='ltr'><strong>desinit</strong></span> <span class='ocrx_word' id='word_1_641' title='bbox 1992 1565 2099 1597; x_wconf 90' lang='lat' dir='ltr'><strong>malos</strong></span> 
     </span>
     <span class='ocr_line' id='line_1_96' title="bbox 1113 1609 2098 1652; baseline -0.002 -10"><span class='ocrx_word' id='word_1_642' title='bbox 1113 1610 1251 1642; x_wconf 70' lang='lat' dir='ltr'><strong>affectus</strong></span> <span class='ocrx_word' id='word_1_643' title='bbox 1273 1621 1409 1652; x_wconf 87' lang='lat' dir='ltr'><strong>parere,</strong></span> <span class='ocrx_word' id='word_1_644' title='bbox 1437 1616 1470 1641; x_wconf 90' lang='lat' dir='ltr'><strong>et</strong></span> <span class='ocrx_word' id='word_1_645' title='bbox 1492 1610 1521 1640; x_wconf 88' lang='lat' dir='ltr'><strong>si</strong></span> <span class='ocrx_word' id='word_1_646' title='bbox 1551 1610 1603 1641; x_wconf 89' lang='lat' dir='ltr'><strong>his</strong></span> <span class='ocrx_word' id='word_1_647' title='bbox 1627 1609 1753 1641; x_wconf 83' lang='lat' dir='ltr'><strong>resistit</strong></span> <span class='ocrx_word' id='word_1_648' title='bbox 1774 1609 1910 1650; x_wconf 88' lang='lat' dir='ltr'><strong>spiritus</strong></span> <span class='ocrx_word' id='word_1_649' title='bbox 1932 1609 1966 1639; x_wconf 92' lang='lat' dir='ltr'><strong>in</strong></span> <span class='ocrx_word' id='word_1_650' title='bbox 1988 1609 2098 1640; x_wconf 92' lang='lat' dir='ltr'><strong>nobis.</strong></span> 
     </span>
    </p>

    <p class='ocr_par' dir='ltr' id='par_1_18' title="bbox 1115 1650 2104 2509">
     <span class='ocr_line' id='line_1_97' title="bbox 1201 1650 2100 1695; baseline -0.002 -11"><span class='ocrx_word' id='word_1_651' title='bbox 1201 1653 1269 1685; x_wconf 89' lang='lat' dir='ltr'><strong>Sed</strong></span> <span class='ocrx_word' id='word_1_652' title='bbox 1303 1659 1442 1695; x_wconf 79' lang='lat' dir='ltr'><strong>quaerat</strong></span> <span class='ocrx_word' id='word_1_653' title='bbox 1470 1652 1599 1694; x_wconf 78' lang='lat' dir='ltr'><strong>aliquis</strong></span> <span class='ocrx_word' id='word_1_654' title='bbox 1660 1652 1744 1684; x_wconf 94' lang='lat' dir='ltr'><strong>Cum</strong></span> <span class='ocrx_word' id='word_1_655' title='bbox 1778 1658 1811 1683; x_wconf 92' lang='lat' dir='ltr'><strong>et</strong></span> <span class='ocrx_word' id='word_1_656' title='bbox 1844 1661 1906 1683; x_wconf 90' lang='lat' dir='ltr'><strong>nos</strong></span> <span class='ocrx_word' id='word_1_657' title='bbox 1937 1650 2100 1682; x_wconf 86' lang='lat' dir='ltr'><strong>fateamur</strong></span> 
     </span>
     <span class='ocr_line' id='line_1_98' title="bbox 1115 1695 2100 1737; baseline -0.002 -10"><span class='ocrx_word' id='word_1_658' title='bbox 1115 1695 1324 1727; x_wconf 86' lang='lat' dir='ltr'><strong>dilectionem</strong></span> <span class='ocrx_word' id='word_1_659' title='bbox 1355 1706 1434 1727; x_wconf 92' lang='lat' dir='ltr'><strong>esse</strong></span> <span class='ocrx_word' id='word_1_660' title='bbox 1463 1706 1548 1737; x_wconf 85' lang='lat' dir='ltr'><strong>opus</strong></span> <span class='ocrx_word' id='word_1_661' title='bbox 1573 1696 1709 1736; x_wconf 75' lang='lat' dir='ltr'><strong>spiritus</strong></span> <span class='ocrx_word' id='word_1_662' title='bbox 1733 1695 1859 1732; x_wconf 88' lang='lat' dir='ltr'><strong>saneti,</strong></span> <span class='ocrx_word' id='word_1_663' title='bbox 1892 1704 2033 1736; x_wconf 91' lang='lat' dir='ltr'><strong>cumque</strong></span> <span class='ocrx_word' id='word_1_664' title='bbox 2055 1695 2100 1725; x_wconf 89' lang='lat' dir='ltr'><strong>sit</strong></span> 
     </span>
     <span class='ocr_line' id='line_1_99' title="bbox 1115 1737 2100 1780; baseline -0.003 -10"><span class='ocrx_word' id='word_1_665' title='bbox 1115 1739 1256 1777; x_wconf 83' lang='lat' dir='ltr'><strong>iusticia,</strong></span> <span class='ocrx_word' id='word_1_666' title='bbox 1279 1739 1357 1779; x_wconf 86' lang='lat' dir='ltr'><strong>quia</strong></span> <span class='ocrx_word' id='word_1_667' title='bbox 1379 1743 1431 1769; x_wconf 91' lang='lat' dir='ltr'><strong>est</strong></span> <span class='ocrx_word' id='word_1_668' title='bbox 1453 1738 1598 1779; x_wconf 80' lang='lat' dir='ltr'><strong>impletio</strong></span> <span class='ocrx_word' id='word_1_669' title='bbox 1621 1737 1719 1780; x_wconf 84' lang='lat' dir='ltr'><strong>legis,</strong></span> <span class='ocrx_word' id='word_1_670' title='bbox 1743 1748 1804 1770; x_wconf 84' lang='lat' dir='ltr'><strong>cur</strong></span> <span class='ocrx_word' id='word_1_671' title='bbox 1822 1747 1888 1768; x_wconf 87' lang='lat' dir='ltr'><strong>non</strong></span> <span class='ocrx_word' id='word_1_672' title='bbox 1908 1738 2100 1775; x_wconf 88' lang='lat' dir='ltr'><strong>doceamus,</strong></span> 
     </span>
     <span class='ocr_line' id='line_1_100' title="bbox 1115 1780 2099 1823; baseline -0.002 -11"><span class='ocrx_word' id='word_1_673' title='bbox 1115 1782 1205 1823; x_wconf 90' lang='lat' dir='ltr'><strong>quod</strong></span> <span class='ocrx_word' id='word_1_674' title='bbox 1233 1781 1410 1813; x_wconf 65' lang='lat' dir='ltr'><strong>iustificet‘e</strong></span> <span class='ocrx_word' id='word_1_675' title='bbox 1454 1782 1508 1812; x_wconf 90' lang='lat' dir='ltr'><strong>Ad</strong></span> <span class='ocrx_word' id='word_1_676' title='bbox 1532 1780 1597 1813; x_wconf 81' lang='lat' dir='ltr'><strong>hoc</strong></span> <span class='ocrx_word' id='word_1_677' title='bbox 1628 1780 1899 1822; x_wconf 87' lang='lat' dir='ltr'><strong>respondendum</strong></span> <span class='ocrx_word' id='word_1_678' title='bbox 1923 1785 1984 1811; x_wconf 87' lang='lat' dir='ltr'><strong>est.</strong></span> <span class='ocrx_word' id='word_1_679' title='bbox 2029 1780 2099 1810; x_wconf 90' lang='lat' dir='ltr'><strong>Pri-</strong></span> 
     </span>
     <span class='ocr_line' id='line_1_101' title="bbox 1115 1823 2101 1865; baseline -0.002 -10"><span class='ocrx_word' id='word_1_680' title='bbox 1115 1834 1202 1855; x_wconf 91' lang='lat' dir='ltr'><strong>mum</strong></span> <span class='ocrx_word' id='word_1_681' title='bbox 1231 1823 1298 1855; x_wconf 89' lang='lat' dir='ltr'><strong>hoc</strong></span> <span class='ocrx_word' id='word_1_682' title='bbox 1327 1830 1452 1855; x_wconf 90' lang='lat' dir='ltr'><strong>certum</strong></span> <span class='ocrx_word' id='word_1_683' title='bbox 1476 1829 1544 1862; x_wconf 91' lang='lat' dir='ltr'><strong>est,</strong></span> <span class='ocrx_word' id='word_1_684' title='bbox 1576 1824 1664 1865; x_wconf 92' lang='lat' dir='ltr'><strong>quod</strong></span> <span class='ocrx_word' id='word_1_685' title='bbox 1693 1833 1760 1854; x_wconf 89' lang='lat' dir='ltr'><strong>non</strong></span> <span class='ocrx_word' id='word_1_686' title='bbox 1782 1823 1963 1863; x_wconf 88' lang='lat' dir='ltr'><strong>accipimus</strong></span> <span class='ocrx_word' id='word_1_687' title='bbox 1987 1823 2101 1854; x_wconf 89' lang='lat' dir='ltr'><strong>remis-</strong></span> 
     </span>
     <span class='ocr_line' id='line_1_102' title="bbox 1115 1864 2102 1908; baseline -0.002 -10"><span class='ocrx_word' id='word_1_688' title='bbox 1115 1869 1243 1899; x_wconf 82' lang='lat' dir='ltr'><strong>sionem</strong></span> <span class='ocrx_word' id='word_1_689' title='bbox 1266 1873 1501 1908; x_wconf 85' lang='lat' dir='ltr'><strong>peccatorum,</strong></span> <span class='ocrx_word' id='word_1_690' title='bbox 1526 1876 1635 1908; x_wconf 86' lang='lat' dir='ltr'><strong>neque</strong></span> <span class='ocrx_word' id='word_1_691' title='bbox 1658 1876 1718 1908; x_wconf 89' lang='lat' dir='ltr'><strong>per</strong></span> <span class='ocrx_word' id='word_1_692' title='bbox 1741 1864 1970 1903; x_wconf 87' lang='lat' dir='ltr'><strong>dilectionem,</strong></span> <span class='ocrx_word' id='word_1_693' title='bbox 1993 1874 2102 1907; x_wconf 89' lang='lat' dir='ltr'><strong>neque</strong></span> 
     </span>
     <span class='ocr_line' id='line_1_103' title="bbox 1115 1907 2102 1952; baseline -0.002 -11"><span class='ocrx_word' id='word_1_694' title='bbox 1115 1916 1252 1952; x_wconf 87' lang='lat' dir='ltr'><strong>propter</strong></span> <span class='ocrx_word' id='word_1_695' title='bbox 1275 1908 1485 1941; x_wconf 87' lang='lat' dir='ltr'><strong>dilectionem</strong></span> <span class='ocrx_word' id='word_1_696' title='bbox 1508 1916 1670 1947; x_wconf 90' lang='lat' dir='ltr'><strong>nostram,</strong></span> <span class='ocrx_word' id='word_1_697' title='bbox 1692 1910 1753 1940; x_wconf 84' lang='lat' dir='ltr'><strong>sed</strong></span> <span class='ocrx_word' id='word_1_698' title='bbox 1775 1914 1912 1950; x_wconf 76' lang='lat' dir='ltr'><strong>propter</strong></span> <span class='ocrx_word' id='word_1_699' title='bbox 1930 1907 2102 1940; x_wconf 90' lang='lat' dir='ltr'><strong>Christum</strong></span> 
     </span>
     <span class='ocr_line' id='line_1_104' title="bbox 1116 1951 2101 1994; baseline -0.002 -10"><span class='ocrx_word' id='word_1_700' title='bbox 1116 1952 1191 1984; x_wconf 88' lang='lat' dir='ltr'><strong>sola</strong></span> <span class='ocrx_word' id='word_1_701' title='bbox 1224 1952 1300 1984; x_wconf 84' lang='lat' dir='ltr'><strong>fide.</strong></span> <span class='ocrx_word' id='word_1_702' title='bbox 1355 1952 1437 1984; x_wconf 88' lang='lat' dir='ltr'><strong>Sola</strong></span> <span class='ocrx_word' id='word_1_703' title='bbox 1470 1952 1572 1990; x_wconf 90' lang='lat' dir='ltr'><strong>fides,</strong></span> <span class='ocrx_word' id='word_1_704' title='bbox 1606 1962 1693 1994; x_wconf 84' lang='lat' dir='ltr'><strong>quae</strong></span> <span class='ocrx_word' id='word_1_705' title='bbox 1725 1952 1869 1982; x_wconf 88' lang='lat' dir='ltr'><strong>intuetur</strong></span> <span class='ocrx_word' id='word_1_706' title='bbox 1897 1952 1930 1982; x_wconf 91' lang='lat' dir='ltr'><strong>in</strong></span> <span class='ocrx_word' id='word_1_707' title='bbox 1960 1951 2101 1992; x_wconf 88' lang='lat' dir='ltr'><strong>promis-</strong></span> 
     </span>
     <span class='ocr_line' id='line_1_105' title="bbox 1116 1994 2103 2035; baseline -0.003 -8"><span class='ocrx_word' id='word_1_708' title='bbox 1116 1997 1254 2034; x_wconf 88' lang='lat' dir='ltr'><strong>sionem,</strong></span> <span class='ocrx_word' id='word_1_709' title='bbox 1279 2001 1312 2026; x_wconf 88' lang='lat' dir='ltr'><strong>et</strong></span> <span class='ocrx_word' id='word_1_710' title='bbox 1334 1996 1434 2027; x_wconf 84' lang='lat' dir='ltr'><strong>sentit</strong></span> <span class='ocrx_word' id='word_1_711' title='bbox 1456 1995 1531 2027; x_wconf 89' lang='lat' dir='ltr'><strong>ideo</strong></span> <span class='ocrx_word' id='word_1_712' title='bbox 1555 2001 1647 2026; x_wconf 83' lang='lat' dir='ltr'><strong>certo</strong></span> <span class='ocrx_word' id='word_1_713' title='bbox 1671 1995 1881 2026; x_wconf 86' lang='lat' dir='ltr'><strong>statuendum</strong></span> <span class='ocrx_word' id='word_1_714' title='bbox 1900 2003 1987 2032; x_wconf 85' lang='lat' dir='ltr'><strong>esse,</strong></span> <span class='ocrx_word' id='word_1_715' title='bbox 2011 1994 2103 2035; x_wconf 86' lang='lat' dir='ltr'><strong>quod</strong></span> 
     </span>
     <span class='ocr_line' id='line_1_106' title="bbox 1118 2036 2102 2080; baseline -0.003 -10"><span class='ocrx_word' id='word_1_716' title='bbox 1118 2039 1212 2070; x_wconf 71' lang='lat' dir='ltr'><strong>Deus</strong></span> <span class='ocrx_word' id='word_1_717' title='bbox 1236 2039 1406 2080; x_wconf 83' lang='lat' dir='ltr'><strong>ignoscat,</strong></span> <span class='ocrx_word' id='word_1_718' title='bbox 1434 2039 1510 2079; x_wconf 87' lang='lat' dir='ltr'><strong>quia</strong></span> <span class='ocrx_word' id='word_1_719' title='bbox 1534 2037 1686 2069; x_wconf 85' lang='lat' dir='ltr'><strong>Christus</strong></span> <span class='ocrx_word' id='word_1_720' title='bbox 1715 2047 1782 2068; x_wconf 92' lang='lat' dir='ltr'><strong>non</strong></span> <span class='ocrx_word' id='word_1_721' title='bbox 1805 2037 1847 2068; x_wconf 91' lang='lat' dir='ltr'><strong>sit</strong></span> <span class='ocrx_word' id='word_1_722' title='bbox 1868 2036 1995 2068; x_wconf 81' lang='lat' dir='ltr'><strong>frustra</strong></span> <span class='ocrx_word' id='word_1_723' title='bbox 2016 2047 2102 2068; x_wconf 90' lang='lat' dir='ltr'><strong>mor-</strong></span> 
     </span>
     <span class='ocr_line' id='line_1_107' title="bbox 1117 2080 2101 2122; baseline -0.002 -10"><span class='ocrx_word' id='word_1_724' title='bbox 1117 2087 1193 2113; x_wconf 86' lang='lat' dir='ltr'><strong>tuus</strong></span> <span class='ocrx_word' id='word_1_725' title='bbox 1216 2087 1280 2113; x_wconf 85' lang='lat' dir='ltr'><strong>etc.</strong></span> <span class='ocrx_word' id='word_1_726' title='bbox 1305 2081 1407 2112; x_wconf 81' lang='lat' dir='ltr'><strong>vincit</strong></span> <span class='ocrx_word' id='word_1_727' title='bbox 1431 2086 1576 2112; x_wconf 86' lang='lat' dir='ltr'><strong>terrores</strong></span> <span class='ocrx_word' id='word_1_728' title='bbox 1599 2081 1729 2122; x_wconf 87' lang='lat' dir='ltr'><strong>peccati</strong></span> <span class='ocrx_word' id='word_1_729' title='bbox 1753 2086 1784 2111; x_wconf 87' lang='lat' dir='ltr'><strong>et</strong></span> <span class='ocrx_word' id='word_1_730' title='bbox 1808 2080 1935 2111; x_wconf 76' lang='lat' dir='ltr'><strong>mortis.</strong></span> <span class='ocrx_word' id='word_1_731' title='bbox 1972 2080 2007 2110; x_wconf 92' lang='lat' dir='ltr'><strong>Si</strong></span> <span class='ocrx_word' id='word_1_732' title='bbox 2027 2080 2101 2120; x_wconf 90' lang='lat' dir='ltr'><strong>quis</strong></span> 
     </span>
     <span class='ocr_line' id='line_1_108' title="bbox 1117 2121 2103 2164; baseline -0.001 -9"><span class='ocrx_word' id='word_1_733' title='bbox 1117 2125 1257 2163; x_wconf 87' lang='lat' dir='ltr'><strong>dubitat,</strong></span> <span class='ocrx_word' id='word_1_734' title='bbox 1281 2124 1401 2155; x_wconf 90' lang='lat' dir='ltr'><strong>Vtrum</strong></span> <span class='ocrx_word' id='word_1_735' title='bbox 1423 2125 1631 2155; x_wconf 83' lang='lat' dir='ltr'><strong>remittantur</strong></span> <span class='ocrx_word' id='word_1_736' title='bbox 1653 2124 1717 2155; x_wconf 84' lang='lat' dir='ltr'><strong>sibi</strong></span> <span class='ocrx_word' id='word_1_737' title='bbox 1734 2128 1880 2164; x_wconf 82' lang='lat' dir='ltr'><strong>peccata,</strong></span> <span class='ocrx_word' id='word_1_738' title='bbox 1905 2121 2103 2154; x_wconf 81' lang='lat' dir='ltr'><strong>contumelia</strong></span> 
     </span>
     <span class='ocr_line' id='line_1_109' title="bbox 1117 2165 2103 2208; baseline -0.003 -9"><span class='ocrx_word' id='word_1_739' title='bbox 1117 2166 1221 2199; x_wconf 81' lang='lat' dir='ltr'><strong>afficit</strong></span> <span class='ocrx_word' id='word_1_740' title='bbox 1240 2167 1419 2204; x_wconf 79' lang='lat' dir='ltr'><strong>Christum,</strong></span> <span class='ocrx_word' id='word_1_741' title='bbox 1443 2177 1517 2198; x_wconf 91' lang='lat' dir='ltr'><strong>cum</strong></span> <span class='ocrx_word' id='word_1_742' title='bbox 1536 2172 1711 2208; x_wconf 85' lang='lat' dir='ltr'><strong>peccatum</strong></span> <span class='ocrx_word' id='word_1_743' title='bbox 1729 2175 1825 2198; x_wconf 86' lang='lat' dir='ltr'><strong>suum</strong></span> <span class='ocrx_word' id='word_1_744' title='bbox 1844 2165 1966 2196; x_wconf 89' lang='lat' dir='ltr'><strong>indicat</strong></span> <span class='ocrx_word' id='word_1_745' title='bbox 1984 2165 2103 2204; x_wconf 87' lang='lat' dir='ltr'><strong>maius,</strong></span> 
     </span>
     <span class='ocr_line' id='line_1_110' title="bbox 1117 2208 2103 2251; baseline -0.002 -9"><span class='ocrx_word' id='word_1_746' title='bbox 1117 2216 1174 2242; x_wconf 86' lang='lat' dir='ltr'><strong>aut</strong></span> <span class='ocrx_word' id='word_1_747' title='bbox 1197 2208 1369 2241; x_wconf 81' lang='lat' dir='ltr'><strong>efficacius</strong></span> <span class='ocrx_word' id='word_1_748' title='bbox 1393 2219 1489 2247; x_wconf 85' lang='lat' dir='ltr'><strong>esse,</strong></span> <span class='ocrx_word' id='word_1_749' title='bbox 1512 2220 1610 2251; x_wconf 87' lang='lat' dir='ltr'><strong>quam</strong></span> <span class='ocrx_word' id='word_1_750' title='bbox 1633 2214 1771 2241; x_wconf 89' lang='lat' dir='ltr'><strong>mortem</strong></span> <span class='ocrx_word' id='word_1_751' title='bbox 1795 2214 1829 2240; x_wconf 91' lang='lat' dir='ltr'><strong>et</strong></span> <span class='ocrx_word' id='word_1_752' title='bbox 1850 2208 2103 2249; x_wconf 85' lang='lat' dir='ltr'><strong>promissionem</strong></span> 
     </span>
     <span class='ocr_line' id='line_1_111' title="bbox 1118 2251 2102 2293; baseline -0.003 -9"><span class='ocrx_word' id='word_1_753' title='bbox 1118 2253 1248 2285; x_wconf 85' lang='lat' dir='ltr'><strong>Christi.</strong></span> <span class='ocrx_word' id='word_1_754' title='bbox 1295 2251 1379 2284; x_wconf 84' lang='lat' dir='ltr'><strong>Cum</strong></span> <span class='ocrx_word' id='word_1_755' title='bbox 1408 2251 1533 2284; x_wconf 90' lang='lat' dir='ltr'><strong>Paulus</strong></span> <span class='ocrx_word' id='word_1_756' title='bbox 1562 2253 1650 2284; x_wconf 88' lang='lat' dir='ltr'><strong>dicat</strong></span> <span class='ocrx_word' id='word_1_757' title='bbox 1681 2253 1819 2293; x_wconf 82' lang='lat' dir='ltr'><strong>gratiam</strong></span> <span class='ocrx_word' id='word_1_758' title='bbox 1843 2252 2028 2282; x_wconf 80' lang='lat' dir='ltr'><strong>exuberare</strong></span> <span class='ocrx_word' id='word_1_759' title='bbox 2050 2260 2102 2282; x_wconf 94' lang='lat' dir='ltr'><strong>su-</strong></span> 
     </span>
     <span class='ocr_line' id='line_1_112' title="bbox 1117 2293 2102 2338; baseline -0.001 -11"><span class='ocrx_word' id='word_1_760' title='bbox 1117 2306 1178 2338; x_wconf 91' lang='lat' dir='ltr'><strong>pra</strong></span> <span class='ocrx_word' id='word_1_761' title='bbox 1207 2301 1399 2337; x_wconf 86' lang='lat' dir='ltr'><strong>peecatum,</strong></span> <span class='ocrx_word' id='word_1_762' title='bbox 1428 2294 1493 2326; x_wconf 91' lang='lat' dir='ltr'><strong>hoe</strong></span> <span class='ocrx_word' id='word_1_763' title='bbox 1523 2301 1589 2335; x_wconf 89' lang='lat' dir='ltr'><strong>est,</strong></span> <span class='ocrx_word' id='word_1_764' title='bbox 1620 2294 1881 2326; x_wconf 88' lang='lat' dir='ltr'><strong>misericordiam</strong></span> <span class='ocrx_word' id='word_1_765' title='bbox 1909 2293 2102 2335; x_wconf 83' lang='lat' dir='ltr'><strong>ampliorem</strong></span> 
     </span>
     <span class='ocr_line' id='line_1_113' title="bbox 1120 2337 2103 2381; baseline -0.003 -11"><span class='ocrx_word' id='word_1_766' title='bbox 1120 2349 1198 2370; x_wconf 90' lang='lat' dir='ltr'><strong>esse</strong></span> <span class='ocrx_word' id='word_1_767' title='bbox 1221 2349 1320 2381; x_wconf 87' lang='lat' dir='ltr'><strong>quam</strong></span> <span class='ocrx_word' id='word_1_768' title='bbox 1343 2344 1528 2379; x_wconf 85' lang='lat' dir='ltr'><strong>peccatum,</strong></span> <span class='ocrx_word' id='word_1_769' title='bbox 1552 2338 1588 2369; x_wconf 89' lang='lat' dir='ltr'><strong>Si</strong></span> <span class='ocrx_word' id='word_1_770' title='bbox 1613 2338 1687 2379; x_wconf 86' lang='lat' dir='ltr'><strong>quis</strong></span> <span class='ocrx_word' id='word_1_771' title='bbox 1710 2338 1811 2368; x_wconf 85' lang='lat' dir='ltr'><strong>sentit</strong></span> <span class='ocrx_word' id='word_1_772' title='bbox 1829 2346 1867 2368; x_wconf 89' lang='lat' dir='ltr'><strong>se</strong></span> <span class='ocrx_word' id='word_1_773' title='bbox 1885 2337 1960 2367; x_wconf 90' lang='lat' dir='ltr'><strong>ideo</strong></span> <span class='ocrx_word' id='word_1_774' title='bbox 1985 2346 2103 2368; x_wconf 88' lang='lat' dir='ltr'><strong>conse·</strong></span> 
     </span>
     <span class='ocr_line' id='line_1_114' title="bbox 1120 2378 2104 2424; baseline -0.002 -11"><span class='ocrx_word' id='word_1_775' title='bbox 1120 2383 1175 2424; x_wconf 88' lang='lat' dir='ltr'><strong>qui</strong></span> <span class='ocrx_word' id='word_1_776' title='bbox 1208 2382 1437 2413; x_wconf 86' lang='lat' dir='ltr'><strong>remissionem</strong></span> <span class='ocrx_word' id='word_1_777' title='bbox 1470 2386 1701 2422; x_wconf 87' lang='lat' dir='ltr'><strong>peccatorum,</strong></span> <span class='ocrx_word' id='word_1_778' title='bbox 1736 2380 1811 2421; x_wconf 88' lang='lat' dir='ltr'><strong>quia</strong></span> <span class='ocrx_word' id='word_1_779' title='bbox 1844 2378 1966 2420; x_wconf 84' lang='lat' dir='ltr'><strong>diligit,</strong></span> <span class='ocrx_word' id='word_1_780' title='bbox 1999 2379 2104 2411; x_wconf 79' lang='lat' dir='ltr'><strong>afficit</strong></span> 
     </span>
     <span class='ocr_line' id='line_1_115' title="bbox 1122 2421 2104 2463; baseline -0.002 -7"><span class='ocrx_word' id='word_1_781' title='bbox 1122 2423 1322 2456; x_wconf 83' lang='lat' dir='ltr'><strong>contumelia</strong></span> <span class='ocrx_word' id='word_1_782' title='bbox 1351 2423 1537 2462; x_wconf 84' lang='lat' dir='ltr'><strong>Christum,</strong></span> <span class='ocrx_word' id='word_1_783' title='bbox 1573 2430 1605 2454; x_wconf 92' lang='lat' dir='ltr'><strong>et</strong></span> <span class='ocrx_word' id='word_1_784' title='bbox 1636 2423 1817 2463; x_wconf 86' lang='lat' dir='ltr'><strong>comperiet</strong></span> <span class='ocrx_word' id='word_1_785' title='bbox 1839 2422 1871 2452; x_wconf 93' lang='lat' dir='ltr'><strong>in</strong></span> <span class='ocrx_word' id='word_1_786' title='bbox 1894 2422 2016 2454; x_wconf 87' lang='lat' dir='ltr'><strong>iudicio</strong></span> <span class='ocrx_word' id='word_1_787' title='bbox 2038 2421 2104 2454; x_wconf 88' lang='lat' dir='ltr'><strong>Dei</strong></span> 
     </span>
     <span class='ocr_line' id='line_1_116' title="bbox 1121 2465 2104 2509; baseline -0.002 -10"><span class='ocrx_word' id='word_1_788' title='bbox 1121 2467 1386 2500; x_wconf 65' lang='lat' dir='ltr'><strong>hanmfiduciam</strong></span> <span class='ocrx_word' id='word_1_789' title='bbox 1408 2467 1564 2509; x_wconf 85' lang='lat' dir='ltr'><strong>propriae</strong></span> <span class='ocrx_word' id='word_1_790' title='bbox 1593 2466 1742 2498; x_wconf 90' lang='lat' dir='ltr'><strong>iusticiae</strong></span> <span class='ocrx_word' id='word_1_791' title='bbox 1764 2465 1895 2507; x_wconf 74' lang='lat' dir='ltr'><strong>impiam</strong></span> <span class='ocrx_word' id='word_1_792' title='bbox 1918 2470 1952 2497; x_wconf 86' lang='lat' dir='ltr'><strong>et</strong></span> <span class='ocrx_word' id='word_1_793' title='bbox 1972 2466 2104 2497; x_wconf 83' lang='lat' dir='ltr'><strong>inanem</strong></span> 
     </span>
    </p>
   </div>
   <div class='ocr_carea' id='block_1_16' title="bbox 1081 882 2092 1082">
    <p class='ocr_par' dir='ltr' id='par_1_19' title="bbox 1081 882 2092 1082">
     <span class='ocr_line' id='line_1_117' title="bbox 1081 882 2092 1082; baseline -0.003 -167"><span class='ocrx_word' id='word_1_794' title='bbox 1081 892 1086 1082; x_wconf 86' lang='grc' dir='ltr'>Ι</span> <span class='ocrx_word' id='word_1_795' title='bbox 1108 883 1256 925; x_wconf 85' lang='lat' dir='ltr'><strong>fugiente</strong></span> <span class='ocrx_word' id='word_1_796' title='bbox 1278 889 1464 924; x_wconf 87' lang='lat' dir='ltr'><strong>peccatum,</strong></span> <span class='ocrx_word' id='word_1_797' title='bbox 1487 892 1554 913; x_wconf 90' lang='lat' dir='ltr'><strong>non</strong></span> <span class='ocrx_word' id='word_1_798' title='bbox 1578 887 1689 913; x_wconf 76' lang='lat' dir='ltr'><strong>manet</strong></span> <span class='ocrx_word' id='word_1_799' title='bbox 1710 883 1743 913; x_wconf 87' lang='lat' dir='ltr'><strong>in</strong></span> <span class='ocrx_word' id='word_1_800' title='bbox 1772 882 1823 912; x_wconf 82' lang='lat' dir='ltr'><strong>his</strong></span> <span class='ocrx_word' id='word_1_801' title='bbox 1848 882 1902 922; x_wconf 87' lang='lat' dir='ltr'><strong>qui</strong></span> <span class='ocrx_word' id='word_1_802' title='bbox 1926 883 2092 922; x_wconf 84' lang='lat' dir='ltr'><strong>obtempe-</strong></span> 
     </span>
    </p>
   </div>
   <div class='ocr_carea' id='block_1_17' title="bbox 1124 2552 1330 2558">
    <p class='ocr_par' dir='ltr' id='par_1_20' title="bbox 1124 2552 1330 2558">
     <span class='ocr_line' id='line_1_118' title="bbox 1124 2552 1330 2558; baseline 0 0"><span class='ocrx_word' id='word_1_803' title='bbox 1124 2552 1330 2558; x_wconf 95' lang='lat' dir='ltr'><strong> </strong></span> 
     </span>
    </p>
   </div>
   <div class='ocr_carea' id='block_1_18' title="bbox 1094 2584 1896 2680">
    <p class='ocr_par' dir='ltr' id='par_1_21' title="bbox 1094 2584 1896 2680">
     <span class='ocr_line' id='line_1_119' title="bbox 1094 2584 1694 2637; baseline 0.005 -12"><span class='ocrx_word' id='word_1_804' title='bbox 1094 2584 1101 2625; x_wconf 92' lang='lat' dir='ltr'><strong>l</strong></span> <span class='ocrx_word' id='word_1_805' title='bbox 1123 2604 1171 2637; x_wconf 66' lang='grc' dir='ltr'><strong>τε)</strong></span> <span class='ocrx_word' id='word_1_806' title='bbox 1189 2604 1340 2636; x_wconf 68' lang='lat' dir='ltr'><strong>habeamus]</strong></span> <span class='ocrx_word' id='word_1_807' title='bbox 1358 2604 1440 2628; x_wconf 69' lang='lat' dir='ltr'><strong>Editt.</strong></span> <span class='ocrx_word' id='word_1_808' title='bbox 1459 2603 1551 2627; x_wconf 74' lang='lat'>2—4.:</span> <span class='ocrx_word' id='word_1_809' title='bbox 1569 2603 1694 2628; x_wconf 70' lang='lat' dir='ltr'><strong>habemns</strong></span> 
     </span>
     <span class='ocr_line' id='line_1_120' title="bbox 1862 2654 1896 2680; baseline -0.029 0"><span class='ocrx_word' id='word_1_810' title='bbox 1862 2654 1896 2680; x_wconf 72' lang='lat'><strong>29</strong></span> 
     </span>
    </p>
   </div>
  </div>
 </body>
</html>
