2366 2958
181 209 246 241 615
627 205 739 239 PmL.
761 205 864 238 MEL.
886 205 1073 237 SCRIPTA
1094 204 1360 238 DOGMATicA
1381 204 1438 237 ET
1457 204 1728 238 SYMBOLICA.
2119 208 2185 240 616

181 308 348 335 mereatur
369 302 416 333 eis
445 296 673 332 remissionem
703 305 933 340 peccatorum,
962 299 1028 331 Sed
1056 297 1155 340 paulo
1209 298 1383 336 sacrifici‘,
1405 298 1563 330 crematio
1585 299 1681 340 agni,
1703 306 1737 331 et
1766 298 1899 338 libatio,
1929 299 2052 333 oblatio
2068 303 2120 340 ⁷⁷)
2141 302 2184 334 si-

182 351 259 387 post
283 353 499 386 eitponemus,
524 343 689 384 quomodo
713 350 743 374 et
761 341 947 373 ceremonia
959 341 1156 373 sacrificium
1210 341 1316 374 milae.
1380 352 1421 373 ex
1432 340 1575 372 habebat
1595 342 1742 382 picturas
1765 352 1824 374 seu
1848 344 1983 375 vmbras
2007 354 2116 376 rerum
2138 343 2184 376 su-

182 390 244 426 sit‚
278 387 403 419 Verum
433 387 510 428 quia
539 385 725 416 Malachias
755 386 796 416 de
831 385 985 415 omnibus
1015 382 1156 416 cultibus
1210 392 1366 416 turarum.
1412 385 1489 415 ideo
1517 384 1550 414 in
1578 383 1644 415 hoc
1675 383 1868 425 spectaculo
1893 385 2058 424 Christus,
2080 393 2113 418 et
2136 394 2185 418 to-

182 431 260 462 noui
284 430 490 466 testamenti,
518 439 584 459 non
615 427 723 459 solum
752 428 794 459 de
821 437 927 458 coena
949 426 1082 458 Domini
1109 426 1156 457 lo·
1210 434 1263 459 tus
1287 426 1395 459 cultus
1419 427 1497 458 noui
1521 427 1709 458 testamenti
1731 428 1889 470 pingitur.
1924 428 2088 460 Crematio
2111 429 2185 470 agni

183 474 304 515 quitur,
328 473 405 503 item
428 473 504 512 quia
526 481 592 501 non
617 471 843 511 patrocinatur
857 469 1067 500 pharisaicae
1089 470 1157 510 opi·
1211 470 1375 511 significat
1399 475 1535 500 mortem
1558 469 1692 501 Christi.
1729 469 1859 502 Libatio
1881 471 2046 513 significat
2064 472 2184 513 vbique

182 517 290 553 nioni‚
324 516 365 546 de
400 523 503 555 opere
534 520 689 554 operato,
724 514 798 544 ideo
832 511 911 543 nihil
946 519 1061 543 contra
1095 522 1158 543 nos
1212 514 1243 544 in
1290 520 1358 544 toto
1395 513 1516 543 mundo
1557 512 1732 544 credentes
1778 512 1866 544 illius
1906 515 1983 556 agni
2023 516 2186 557 sanguine

182 558 280 596 facit,
310 559 369 588 sed
394 558 500 598 magis
523 557 659 587 adiuuat
689 566 762 587 nos.
809 555 957 597 Requirit
981 555 1065 586 enim
1091 554 1158 586 cul·
1182 520 1187 596 l
1211 557 1344 598 aspergi
1358 566 1417 597 per
1428 553 1604 596 Euangelij
1650 555 1918 595 raedicationem,
1939 557 2004 588 hoc
2022 564 2085 594 est,
2109 567 2185 588 san-

185 608 238 633 tus
263 601 387 634 cordis,
418 610 477 640 per
500 609 585 640 quos
610 609 688 630 vere
713 598 747 629 fit
772 608 924 640 magnum
949 608 1066 629 nomen
1091 597 1158 629 Do·
1213 599 1362 636 ctiticari,
1384 599 1470 629 sicut
1495 597 1614 628 Petrus
1627 566 1793 639 {oquitun
1831 598 1866 629 ln
1889 600 2184 631 sanctificationem

185 644 270 675 mini.
1212 642 1361 682 spiritus,
1383 642 1416 672 in
1439 640 1677 678 obedientiam,
1704 648 1736 671 et
1758 641 1985 682 aspersionem
2013 643 2185 685 sanguinis

271 685 399 717 Citatur
422 695 463 715 ex
487 682 652 715 Malachia
674 689 706 715 et
729 682 814 715 alius
837 682 940 714 locus.
975 682 1016 713 Et
1039 692 1158 723 purga·
1212 683 1285 715 lesu
1308 684 1441 715 Christi.
1487 682 1619 715 Oblatio
1644 682 1785 721 similae,
1807 683 1971 725 significat
2000 685 2115 723 fidem,
2137 686 2186 716 in·

184 729 230 760 bit
254 727 339 759 filios
363 727 459 765 Laui,
482 733 515 758 et
539 725 664 757 colabit
676 736 736 757 eos
760 728 853 767 quasi
867 736 995 762 aurum,
1018 731 1049 755 et
1063 725 1158 766 quasi

183 778 369 813 argentum,
394 776 426 801 et
450 775 546 801 erunt
568 769 713 800 Domino
737 769 913 800 offerentes
938 767 1103 799 sacrificia
1126 768 1157 797 in

184 814 324 845 iusticia.
370 812 431 844 Hic
455 812 551 843 locus
575 818 689 853 aperte
713 812 847 852 requirit
870 810 1034 842 sacrificia
1059 810 1157 840 iusto-

184 867 267 894 rum,
291 866 393 897 quare
415 865 481 886 non
506 856 730 896 patrocinatur
748 855 890 895 opinioni
912 854 952 884 de
964 862 1066 893 opere
1080 862 1159 892 ope-

185 906 270 931 rato.
307 899 388 930 Sunt
411 904 520 929 autem
544 897 709 928 sacrificia
735 896 873 928 tiliorum
892 896 982 930 Leui,
1006 895 1072 926 hoc
1095 900 1159 932 est,

187 942 374 973 docentium
401 941 433 971 in
456 951 544 971 nouo
568 946 786 973 testamento,
817 938 1017 980 praedicatio
1049 937 1158 968 Euan-

1212 727 1433 764 uocationem,
1457 732 1489 757 et
1510 726 1688 767 gratiarum
1710 727 1874 757 actionem
1893 727 1925 758 in
1938 728 2106 759 cordibus.
2140 727 2185 758 Vt

1211 769 1309 810 igitur
1338 769 1370 800 in
1399 769 1503 800 veteri
1526 774 1724 800 testamento
1753 770 1868 800 vmbra
1891 771 2052 804 cernitur,
2086 771 2130 802 ita
2152 771 2185 801 in

1212 822 1301 842 nouo
1324 822 1380 842 res
1404 811 1593 853 significata
1617 812 1805 853 quaerenda
1824 819 1888 850 est,
1910 823 1977 844 non
1990 811 2075 844 alius
2088 820 2186 854 typus

1212 860 1368 895 tanquam
1391 854 1434 884 ad
1455 853 1652 885 sacrificium
1682 853 1872 891 sufficiens,
1906 854 2016 890 Quare
2039 856 2135 887 etiam
2157 856 2186 887 si

1212 897 1400 927 ceremonia
1423 902 1475 927 est
1498 896 1688 928 memoriale
1706 897 1820 928 mortis
1833 897 1968 936 Christi,
1992 906 2099 930 tamen
2112 897 2187 930 sola

1212 949 1278 970 non
1302 945 1354 970 est
1376 939 1453 980 iuge
1476 939 1686 977 sacrificium,
1709 940 1769 971 sed
1787 941 1859 981 ipsa
1872 941 2026 972 memoria
2039 947 2090 972 est
2110 942 2186 983 iuge

186 983 280 1026 gelij,
304 989 336 1015 et
360 984 436 1014 boni
464 983 592 1014 fructus
622 982 892 1023 praedit-ationis,
925 981 1012 1012 sicut
1036 978 1158 1011 Paulus

186 1029 250 1065 ait,
274 1025 389 1058 Roma.
412 1037 466 1057 xv.
513 1026 673 1057 Sacrifico
697 1023 914 1066 Euangelium
937 1023 1019 1062 Dei,
1042 1030 1077 1054 vt
1100 1023 1157 1054 ob·

184 1068 264 1101 latio
278 1069 422 1111 gentium
441 1068 497 1099 fiat
509 1075 657 1109 accepta,
680 1068 886 1098 sanctificata
897 1067 1013 1107 spiritu
1027 1072 1156 1100 sancto,

185 1113 217 1144 id
241 1119 309 1150 est,
352 1118 388 1143 vt
411 1118 527 1152 gentes
551 1110 631 1141 fiant
649 1110 790 1148 hostiae,
823 1116 980 1151 acceptae
1004 1108 1076 1140 Deo
1100 1118 1159 1149 per

186 1155 284 1186 fidem
307 1160 369 1185 etc.
406 1155 490 1185 Nam
514 1153 571 1184 illa
594 1153 748 1184 mactatio
771 1154 802 1183 in
827 1151 911 1195 lege,
935 1151 1157 1193 significabat,

186 1205 217 1230 et
246 1203 384 1228 mortem
413 1197 555 1234 Christi,
588 1204 620 1227 et
655 1195 934 1235 praedicationem
970 1193 1158 1235 Euangelij,

186 1251 251 1282 qua
274 1239 360 1270 hanc
383 1245 579 1271 vetustatem
604 1239 712 1269 carnis
744 1238 935 1270 mortificari
957 1243 1103 1279 oportet,
1127 1242 1160 1267 et

185 1282 335 1314 inchoari
359 1292 498 1319 nouam,
528 1288 561 1313 et
583 1287 750 1313 aeternam
773 1281 871 1312 vitam
896 1282 928 1312 in
951 1281 1068 1318 nobis,
1092 1279 1159 1311 Sed

185 1325 369 1366 atluersarij
400 1325 522 1365 vbique
552 1323 708 1365 sacrificij
744 1333 863 1355 nomen
891 1324 935 1355 ad
969 1322 1076 1355 solam
1107 1332 1159 1353 ce-

185 1369 364 1400 remoniam
398 1368 614 1408 detorquent,
660 1367 938 1407 praedicationem
972 1363 1159 1408 Euangelij‚

186 1412 293 1450 fidem,
316 1411 568 1445 inuocationem,
593 1416 624 1440 et
647 1408 764 1440 similia
787 1410 952 1447 omittunt,
976 1419 1050 1440 cum
1069 1418 1160 1440 cere·

185 1454 293 1486 monia
316 1460 453 1495 propter
475 1453 560 1484 haee
583 1453 732 1483 instituta
755 1453 806 1483 sit.
854 1452 894 1483 Et
916 1462 1038 1483 nouum
1060 1456 1160 1483 testa-

185 1503 330 1528 mentum
355 1496 472 1527 debeat
495 1495 619 1527 habere
643 1494 812 1526 sacrificia
835 1495 958 1531 cordis,
981 1505 1047 1526 non
1071 1504 1160 1526 cere·
1215 1501 1331 1526 contra
1354 1503 1417 1525 nos
1455 1504 1565 1532 acere,
1589 1494 1648 1525 sed
1682 1495 1787 1536 magis
1809 1505 1870 1535 pro
1894 1495 2003 1532 nobis,
2026 1496 2103 1537 quia
2126 1505 2188 1526 nos

185 1538 338 1571 monialia
361 1549 421 1580 pro
447 1539 594 1579 peccatis
622 1536 795 1576 facienda,
830 1547 921 1569 more
943 1537 1084 1569 Leuitici
1107 1546 1159 1568 sa·
1214 1547 1329 1569 omnes
1353 1543 1464 1578 partes
1488 1536 1693 1578 significatas
1716 1537 1783 1578 iugi
1806 1537 1972 1568 sacrificio
1984 1539 2188 1579 requirimus.

186 1581 346 1622 cerdocij.
1214 1579 1408 1620 Aduersarij
1433 1577 1521 1610 salso
1544 1579 1708 1610 somniant
1731 1577 1837 1610 solam
1849 1581 2068 1611 ceremoniam
2088 1581 2190 1622 signi·

272 1623 431 1667 Allegant
453 1631 485 1655 et
501 1625 578 1666 iuge
596 1623 805 1661 sacrificium,
829 1623 918 1664 quod
930 1622 1016 1654 sicut
1033 1622 1065 1653 in
1085 1621 1161 1664 lege
1214 1622 1322 1661 ficari,
1352 1632 1418 1654 non
1443 1622 1542 1653 etiam
1565 1622 1843 1663 praedicationem
1866 1621 2054 1665 Euangelij,
2078 1623 2190 1655 morti-

185 1666 245 1699 suit
274 1668 350 1709 iuge
379 1666 595 1705 sacrificium,
627 1667 670 1697 ita
693 1666 798 1698 Missa
827 1667 947 1697 debeat
980 1675 1056 1696 esse
1085 1666 1161 1706 iuge
1214 1665 1401 1697 ficationem
1425 1671 1458 1696 et
1483 1664 1737 1696 viuificationem
1761 1665 1871 1696 cordis
1893 1672 1957 1696 etc.

186 1710 386 1743 sacrificium
409 1711 486 1741 noui
511 1710 708 1741 testamenti.
747 1709 838 1740 Bene
862 1719 935 1740 cum
957 1709 1161 1747 aduersariis
1300 1708 1397 1740 Nunc
1420 1708 1519 1749 igitur
1543 1708 1620 1738 boni
1643 1708 1705 1739 viri
1735 1705 1833 1739 facile
1855 1708 2001 1740 iudicare
2023 1714 2193 1749 poterunt,

186 1755 314 1795 agitur,
348 1754 376 1784 si
411 1754 553 1794 patimur
581 1762 642 1783 nos
674 1752 760 1783 vinci
791 1750 974 1794 allegorijs.
1020 1750 1162 1782 Constat
1214 1750 1428 1783 falsissimam
1460 1751 1547 1782 hanc
1576 1750 1834 1782 criminationem
1858 1761 1955 1788 esse,
1990 1751 2079 1792 quod
2113 1752 2192 1793 iuge

187 1805 295 1828 autem
316 1796 404 1837 quod
424 1795 606 1837 allegoriae
624 1805 689 1825 non
710 1795 840 1835 pariunt
864 1795 975 1825 firmas
994 1793 1161 1834 probatio·
1214 1793 1412 1826 sacrificium
1445 1792 1651 1824 aboleamus.
1697 1792 1764 1824 Res
1792 1793 1935 1825 ostendit
1959 1795 2013 1835 qui
2036 1795 2101 1825 sint
2124 1795 2191 1825 An-

187 1849 258 1871 neS.
296 1838 490 1880 Quanquam
506 1849 566 1868 nos
580 1838 710 1879 quidem
736 1836 834 1868 facile
856 1837 997 1878 patimur
1010 1837 1160 1874 Missam,
1185 1836 1194 2253 ὶ
1215 1836 1317 1869 tiochi
1341 1835 1399 1873 illi,
1424 1837 1479 1877 qui
1502 1845 1640 1879 regnum
1664 1843 1777 1867 tenent
1800 1837 1831 1867 in
1845 1836 2009 1874 Ecclesia,
2028 1837 2083 1877 qui
2096 1846 2189 1877 prae·

1212 981 1429 1019 sacrificinm,
1462 980 1528 1012 hoc
1551 987 1622 1018 est,
1655 983 1872 1022 praedicatio,
1906 990 1938 1015 et
1965 983 2067 1021 fides,
2100 993 2186 1025 quae

1212 1034 1291 1056 vere
1314 1024 1418 1056 credit
1441 1022 1547 1054 Deum
1570 1030 1676 1055 morte
1690 1023 1812 1055 Christi
1835 1024 2079 1057 reconciliatum
2098 1037 2185 1058 esse.

1212 1067 1399 1108 Requiritur
1421 1065 1552 1104 libatio,
1576 1065 1641 1097 hoc
1664 1072 1730 1104 est,
1760 1066 1897 1099 effectus
1944 1069 2187 1107 raedicationiS,

1213 1116 1247 1141 vt
1271 1119 1329 1151 per
1340 1107 1557 1150 Euangelium
1581 1110 1712 1150 aspersi
1731 1110 1895 1151 sanguine
1936 1110 2042 1148 bristi,
2063 1112 2186 1142 sancti-

1212 1152 1366 1190 ficemur,
1395 1151 1598 1190 mortificati,
1626 1162 1666 1183 ae
1696 1151 1864 1185 viuificati.
1911 1152 2133 1195 Requiruntur
2156 1160 2188 1185 et

1213 1194 1418 1231 oblationes,
1443 1193 1509 1226 hoc
1532 1200 1594 1232 est,
1618 1194 1795 1236 gratiarum
1818 1196 1980 1234 actiones,
2003 1194 2187 1228 consessio-

1213 1248 1274 1270 nes
1298 1245 1329 1269 et
1352 1236 1562 1269 afflictiones·
1598 1237 1656 1269 Sic
1678 1238 1808 1269 abiecta
1832 1238 2024 1270 Pharisaica
2035 1239 2190 1280 opinione

1213 1282 1254 1312 de
1285 1291 1387 1322 opere
1425 1286 1562 1321 operato
1595 1278 1818 1321 intelligamus
1852 1281 2031 1323 significari
2066 1280 2188 1314 cultum

1213 1322 1429 1365 spiritualem,
1454 1330 1487 1354 et
1510 1324 1587 1365 iuge
1603 1323 1802 1354 sacrificium
1817 1325 1939 1362 cordis,
1962 1324 2038 1366 quia
2055 1325 2087 1355 in
2099 1335 2189 1356 nouo

1213 1372 1412 1398 testamento
1436 1375 1558 1407 corpus
1582 1367 1754 1403 bonorum,
1777 1364 1843 1397 hoc
1866 1374 1935 1404 est,
1956 1367 2093 1408 spiritus
2111 1377 2189 1399 sau·

1215 1416 1301 1447 ctus,
1324 1408 1532 1440 mortificatio
1556 1415 1589 1440 et
1613 1408 1802 1446 viuifieatio,
1825 1409 1946 1450 requiri
1971 1410 2102 1441 debent.
2137 1409 2188 1441 Ex

1212 1453 1264 1484 his
1289 1452 1372 1483 satis
1395 1462 1437 1492 ap
1462 1457 1533 1482 aret
1555 1459 1669 1493 typum
1692 1452 1733 1483 de
1761 1451 1828 1493 iugi
1845 1453 1896 1489 ⁷⁶)
1918 1451 2083 1483 sacrificio
2110 1451 2190 1484 nihil

187 1880 323 1923 intelligi
347 1883 423 1924 iuge
447 1880 664 1917 sacrificium,
696 1881 794 1911 modo
822 1887 856 1911 vt
885 1886 953 1910 tota
983 1879 1089 1911 Missa
1116 1879 1162 1910 in-
1216 1886 1307 1912 textu
1343 1877 1513 1920 religionis
1540 1879 1673 1910 trahunt
1701 1879 1743 1909 ad
1771 1889 1808 1910 se
1832 1889 1867 1910 re
1895 1889 1969 1910 num
1994 1879 2124 1917 mundi,
2158 1884 2191 1911 et

187 1924 372 1967 telligatur,
403 1924 468 1955 hoc
502 1930 569 1961 est,
603 1923 789 1955 ceremonia
820 1933 893 1954 cum
918 1923 1164 1963 praedicatione
1216 1924 1345 1954 abiecta
1369 1932 1449 1954 cura
1472 1920 1642 1962 religionis
1665 1928 1696 1952 et
1719 1921 1857 1953 docendi
1870 1890 2065 1963 {euangelii
2088 1921 2191 1953 domi·

187 1966 381 2009 Euangelij‚
406 1967 488 2003 fide,
513 1967 736 2003 inuocatione,
761 1973 792 1997 et
816 1966 1162 2008 gratiarum'actione.

188 2011 272 2042 Nam
298 2010 380 2041 haec
403 2008 499 2041 simul
524 2010 717 2047 coniuncta,
753 2016 829 2040 sunt
859 2009 933 2050 iuge
963 2008 1163 2039 sacrificium

188 2054 264 2085 noui
290 2053 487 2090 testamenti,
511 2053 585 2094 quia
610 2053 797 2083 ceremonia
816 2058 951 2093 propter
970 2051 1053 2082 haec
1073 2050 1162 2082 insti-

188 2103 258 2128 tuta
283 2103 345 2134 eq,
369 2106 431 2126 nec
455 2097 495 2126 ab
520 2095 570 2125 his
590 2093 775 2126 ‹liuellenda
795 2101 858 2132 est,
882 2094 958 2125 ideo
973 2092 1096 2125 Paulus
1108 2094 1162 2124 ait.

189 2139 326 2174 Quoties
351 2138 530 2169 comedetis
554 2149 670 2179 panem
696 2138 795 2175 hunc,
819 2145 848 2168 ot
863 2135 1017 2178 poculum
1032 2136 1164 2167 Domini

190 2183 326 2218 bibetis,
361 2182 557 2212 annunciate
592 2188 728 2211 mortem
764 2180 904 2211 Domini.
970 2178 1050 2210 illud
1084 2189 1164 2210 vero

189 2223 283 2256 nullo
307 2225 407 2255 modo
436 2224 585 2265 sequitur
609 2234 648 2253 ex
677 2223 742 2254 hoc
771 2231 849 2264 typo
874 2223 1040 2259 Leuitico,
1076 2222 1165 2263 quod

190 2268 376 2299 ceremonia
411 2268 453 2297 sit
488 2277 570 2307 opus
606 2278 644 2297 ex
676 2277 777 2307 opere
808 2273 944 2307 operato
974 2265 1166 2302 iustificam,

1217 1972 1349 2002 nantur,
1374 1964 1612 2005 belligerantur
1624 1962 1714 1995 velut
1737 1973 1835 2006 reges
1860 1964 1982 2001 mundi,
2005 1965 2059 2005 qui
2082 1974 2191 1996 nouos

1217 2008 1325 2040 cultus
1348 2007 1557 2039 instituerunt
1580 2007 1612 2037 in
1636 2005 1799 2037 Ecclesia.
1846 2007 1928 2038 Nam
1951 2007 2134 2049 aduersarij
2158 2008 2190 2038 in

1217 2051 1322 2083 Missa
1345 2049 1452 2081 solam
1481 2050 1622 2081 retinent
1647 2050 1885 2087 ceremoniam,
1920 2060 2057 2091 eantque
2080 2048 2193 2081 coinse-

1218 2100 1291 2126 runt
1329 2091 1447 2125 ›ublice
1470 2094 1512 2124 ad
1536 2091 1737 2134 sacrilegum
1756 2099 1938 2134 quaestum
1987 2092 2109 2124 Postea
2134 2092 2193 2124 fin-

1218 2145 1298 2179 gunt
1347 2146 1388 2166 oc
1412 2146 1494 2176 opus
1519 2133 1717 2175 applicatum
1735 2146 1795 2176 pro
1815 2134 1903 2176 alijs,
1927 2136 2044 2167 meren·
2057 2136 2106 2167 eis
2118 2146 2193 2177 gra·

1218 2183 1295 2211 tiam
1319 2185 1350 2209 et
1374 2179 1483 2209 omnia
1513 2179 1618 2215 bona,
1654 2178 1688 2208 ln
1723 2179 1942 2210 concionibus
1977 2188 2042 2210 non
2072 2179 2193 2210 docent

1219 2220 1450 2263 Euangehnm,
1493 2232 1556 2252 non
1597 2220 1814 2253 consolantur
1852 2221 2092 2258 conscientias,
2127 2231 2193 2252 non

1219 2266 1397 2297 ostendunt
1421 2265 1524 2305 gratis
1549 2265 1665 2295 remitti
1690 2270 1828 2305 peccata
1852 2271 1986 2305 propter
2010 2263 2193 2301 Christum,

1219 2309 1278 2339 sed
1304 2313 1490 2349 proponunt
1510 2305 1619 2338 cultus
1642 2315 1846 2345 sanctorum,
1869 2305 2116 2338 satisfactiones
2136 2306 2193 2338 hu-

1219 2361 1347 2388 manas,
1371 2350 1564 2381 traditiones
1587 2349 1760 2388 humanas,
1786 2360 1843 2391 per
1867 2349 1928 2380 has
1950 2347 2116 2381 affirmant
2135 2348 2195 2381 ho·

1220 2396 1325 2425 mines
1357 2404 1468 2424 coram
1499 2393 1571 2424 Deo
1601 2393 1782 2425 iustificari.
1829 2391 1866 2423 Et
1888 2392 2002 2423 harum
2033 2392 2195 2433 quaedam

1221 2448 1294 2467 cnm
1324 2437 1387 2466 sint
1414 2436 1587 2467 manifeste
1610 2437 1743 2477 impiae.
1777 2442 1884 2466 tomen
1909 2436 1939 2465 vi
1963 2433 2194 2466 defenduntur.

1220 2480 1313 2521 siqui
1354 2480 1610 2510 concionatores
1652 2478 1765 2510 volunt
1806 2477 1968 2518 perhiberi
2011 2478 2196 2516 doctiora,

190 2317 246 2342 aut
270 2309 500 2351 applicandum
524 2320 582 2350 pro
606 2307 699 2348 alijs‚
735 2315 767 2339 vt
796 2316 960 2340 mereatur
983 2309 1030 2339 eis
1054 2309 1166 2340 remis-

190 2354 314 2384 sione-in
340 2360 553 2394 peccatorum
578 2359 641 2383 etc.

278 2395 316 2427 Et
341 2403 439 2437 typus
469 2403 543 2436 apte
573 2395 673 2435 pingit
708 2405 772 2425 non
800 2394 1021 2425 ceremoniam
1046 2393 1165 2431 solam,

190 2439 250 2470 sed
287 2439 382 2469 etiam
424 2439 699 2479 praedicationem
732 2436 915 2477 Euangelij.
984 2438 1016 2467 ln
1053 2437 1164 2468 Nume.

191 2481 273 2522 Cap.
290 2482 400 2522 xxviij.
415 2482 464 2518 ⁷⁶)
489 2488 556 2512 tres
579 2487 867 2521 ponunturpartes
888 2478 975 2511 illins
988 2480 1166 2521 quotidiani

194 2627 238 2658 73)
259 2627 349 2651 Num,
383 2627 444 2658 (⁶⁸9-
480 2626 582 2658 ,unu-J
619 2627 666 2650 ΗΛ,
697 2627 732 2649 3.:
767 2625 888 2650 Numeri,
916 2625 1007 2657 (nme
1044 2627 1166 2655 “auimo
1223 2617 1267 2644 77,
1288 2622 1312 2639 ot
1332 2616 1435 2644 litu-uo,
1455 2618 1566 2648 oblatio]
1584 2617 1662 2641 Editt.
1686 2617 1775 2640 2-4,;
1797 2616 1896 2641 libano.
1916 2621 1940 2638 et
1959 2616 2057 2639 obt-tin

262 2666 364 2690 octauo.
1222 2659 1267 2690 7³)
1287 2660 1352 2692 iugi}
1374 2659 1421 2684 Ed.
1441 2660 1480 2684 8.=
1499 2663 1558 2690 iuge
