2366 2958
155 155 224 195 ⁷545
431 144 437 151 '
510 155 548 187 11.

325 248 360 280 ln
382 249 468 281 haec
496 249 562 280 duo
585 256 688 288 opera
711 248 887 280 distributa
908 252 959 279 est
981 247 1138 279 vniuersa

156 293 333 333 scriptura.
378 291 493 324 Altera
521 300 600 332 pars
631 289 686 321 lex
714 296 766 322 est
789 301 874 332 quae
896 290 1057 329 ostendit,
1085 301 1137 322 ar-

157 335 229 376 guit
257 340 290 366 et
317 335 515 366 condemnat
543 340 695 374 peccata.
740 331 856 365 Altera
884 343 962 373 pars
986 332 1136 375 Euange-

156 377 255 415 lium,
281 377 348 408 hoc
371 383 423 409 est
450 377 627 418 promissio
656 376 785 417 gratiae
811 376 844 407 in
870 375 1004 407 Christo
1033 376 1136 407 dona-

157 426 230 457 tae,
264 425 296 450 et
323 419 408 453 haec
440 420 618 461 promissio
648 419 789 450 subinde
822 419 982 460 repetitur
1002 418 1034 449 in
1068 424 1136 450 tota

156 463 333 503 scriptura,
356 462 494 502 primum
513 462 632 493 tradita
651 461 756 499 Adae,
779 466 898 502 postea
920 460 1135 500 Patriarchis,

156 505 276 537 deinde
298 514 318 535 a
338 504 516 545 Prophetis
540 503 713 536 illustrata.
746 503 922 535 Postremo
945 503 1136 544 praedicata

156 554 188 579 et
211 546 356 579 exhibita
377 557 397 578 a
421 546 556 579 Christo
589 548 673 578 inter
697 547 848 584 ludaeos,
873 552 907 577 et
928 547 970 577 ab
989 545 1135 586 Aposto-

155 590 197 622 lis
220 599 338 631 sparsa
360 590 394 621 in
419 596 521 622 totum
544 590 712 622 mundum.
747 589 830 620 Nam
853 588 919 620 fide
942 588 1038 620 huius
1058 599 1134 630 pro-

154 633 323 665 missionis
347 633 453 664 sancti
477 642 593 664 omnes
615 632 783 664 iustificati
807 637 896 670 sunt,
920 641 987 662 non
999 637 1135 673 propter

153 685 235 707 suas
275 676 489 714 attricioneS,
527 674 582 707 vel
616 675 851 706 contriciones.
909 674 949 705 Et
983 673 1135 716 exempla

154 719 335 750 ostendunt
369 717 518 750 similiter
550 718 612 749 has
645 717 728 748 duas
760 722 885 758 partes.
934 717 1042 748 Adam
1077 719 1134 748 ob-

154 761 307 803 iurgator
328 767 405 803 post
433 766 625 802 peccatum,
653 765 685 790 et
712 758 907 800 perterrefit.
955 759 1050 791 Haec
1072 760 1134 792 suit

155 804 333 842 contricio,
362 803 485 835 Postea
507 803 663 844 promittit
685 802 780 834 Deus
805 803 960 844 gratiam,
984 802 1063 834 dicit
1085 801 1133 834 su-

153 853 263 879 turum
286 856 411 884 semen,
436 856 501 887 quo
525 847 713 877 destruetur
725 855 863 887 regnum
887 843 1018 880 diaboli,
1042 855 1133 877 mors

153 896 185 921 et
206 894 393 931 peccatum,
418 890 462 919 lbi
486 887 581 920 offert
605 888 833 919 remissionem
855 888 995 929 peccati.
1042 889 1133 920 Haec

154 938 231 964 sunt
253 931 442 973 praecipua.
467 930 551 962 Nam
573 931 636 962 etsi
648 938 768 971 postea
790 931 920 962 additur
941 940 1061 972 poena,
1084 937 1132 962 ta-

153 985 228 1006 men
251 974 334 1006 haec
355 984 463 1015 poena
486 984 553 1005 non
576 979 718 1004 meretur
741 974 968 1005 remissionem
991 974 1131 1014 peccati.

150 1017 193 1049 Et
217 1017 257 1048 de
281 1016 346 1048 hoc
377 1026 500 1058 genere
528 1026 708 1058 poenarum
737 1016 836 1057 paulo
865 1022 942 1058 post
971 1017 1131 1055 dicemus,

151 1059 211 1092 Sic
240 1059 350 1091 Dauid
379 1060 572 1100 obiurgator
601 1069 620 1090 a
649 1059 781 1091 Nathan
810 1065 842 1090 et
871 1058 1131 1100 perterrefactus

149 1103 271 1144 inquit,
301 1101 442 1134 Peccaui
465 1101 620 1133 Domino.
666 1102 715 1133 Ea
744 1107 796 1133 est
819 1103 990 1133 contricio.
1035 1102 1131 1134 Post-

151 1155 193 1177 ea
214 1145 306 1176 audit
331 1146 362 1182 8)
385 1144 646 1183 absolutionem,
669 1145 833 1177 Dominus
855 1143 990 1176 sustulit
1013 1155 1131 1186 pecca-

152 1194 220 1220 tum
248 1194 356 1226 tuum,
386 1187 462 1218 Non
493 1188 655 1219 morieris.
700 1188 792 1220 Haec
823 1198 889 1219 vox
912 1188 1008 1229 erigit
1029 1187 1131 1219 Daui-

152 1231 244 1269 dem,
267 1236 300 1262 et
328 1230 392 1262 fide
421 1236 602 1268 sustentat,
625 1230 798 1269 iustificat,
821 1236 855 1263 et
878 1230 1025 1262 viuificat
1045 1240 1130 1262 eum.

149 1273 292 1306 Additur
314 1279 347 1305 et
370 1272 423 1305 hic
441 1283 560 1313 poena,
583 1273 643 1304 sed
667 1273 751 1305 haec
773 1283 882 1314 poena
899 1283 967 1305 non
987 1280 1132 1305 meretur

150 1317 378 1348 remissionem
401 1322 625 1357 peccatorum,
646 1316 718 1347 Nec
740 1326 872 1357 semper
888 1316 1054 1348 adduntur
1075 1326 1131 1357 pe-

151 1357 295 1390 culiares
317 1368 464 1399 poenae,
493 1359 555 1390 sed
577 1358 661 1390 haec
690 1359 755 1390 duo
778 1369 910 1399 semper
932 1360 1074 1390 existere
1096 1359 1131 1390 in

149 1402 361 1443 poenitencia
389 1407 522 1441 oportet
551 1401 788 1433 contricionem
817 1407 850 1433 et
873 1401 988 1440 fidem,
1011 1407 1047 1433 vt
1068 1401 1130 1433 Lu-

151 1453 212 1476 cae
246 1443 301 1486 vij.
327 1445 358 1482 ⁹)
408 1443 529 1475 Mulier
561 1445 730 1484 peccatrix
763 1444 853 1476 venit
886 1444 929 1475 ad
963 1443 1130 1476 Christum

149 1485 373 1529 lachrymans.
423 1486 488 1518 Per
516 1485 577 1518 has
605 1485 797 1529 lachrymas
827 1487 1023 1529 agnoscitur
1052 1497 1130 1519 con-

152 1530 259 1561 tricio.
290 1529 413 1561 Postea
434 1530 525 1562 audit
547 1528 804 1568 absolutionem,
827 1529 1050 1562 Remittuntur
1072 1530 1131 1562 tibi

150 1578 297 1613 peccata.
342 1572 441 1603 Fides
469 1578 526 1604 tua
548 1571 675 1604 saluam
697 1578 731 1604 te
752 1571 849 1611 fecit,
873 1573 959 1604 vade
981 1572 1014 1604 in
1037 1583 1130 1614 pace.

149 1614 243 1647 Haec
270 1620 321 1646 est
349 1613 455 1646 altera
478 1624 557 1656 pars
579 1615 828 1657 poenitenciae,
855 1614 939 1646 fides
963 1625 1048 1657 quae
1070 1617 1131 1647 eri—

151 1658 200 1700 git
229 1662 262 1689 et
291 1656 488 1689 consolatur
515 1667 597 1689 eam.
644 1657 695 1689 Ex
724 1657 776 1689 his
810 1658 962 1689 omnibus
991 1664 1131 1699 apparet

149 1700 215 1742 pijs
234 1699 428 1738 lectoribus,
451 1710 515 1731 nos
535 1710 593 1732 eas
616 1706 728 1742 partes
742 1701 969 1742 poenitenciae
991 1711 1129 1742 ponere,

150 1753 236 1785 quae
254 1743 410 1785 propriae
427 1745 477 1778 ¹⁰)
501 1750 579 1775 sunt
602 1745 634 1775 in
657 1744 888 1782 conuersione‚
911 1753 972 1775 seu
991 1753 1130 1786 regene-

150 1787 280 1818 ratione
313 1791 346 1817 et
380 1786 576 1818 remissione
609 1788 749 1828 peccati.
799 1787 942 1818 Fructus
975 1786 1065 1829 digni
1099 1792 1132 1818 et

149 1838 278 1870 poenae
306 1835 491 1870 sequuntur
521 1830 806 1871 regenerationem
837 1836 870 1861 et
898 1829 1129 1861 remissionem

151 1871 291 1914 peccati.
316 1872 459 1913 Ideoque
477 1872 539 1903 has
558 1874 641 1904 duas
664 1879 777 1914 partes
800 1873 982 1914 posuimus,
1006 1879 1041 1904 vt
1062 1883 1129 1904 rna-

150 1914 204 1956 gis
228 1915 377 1955 conspici
405 1914 490 1946 fides
514 1916 639 1956 possit,
668 1926 766 1957 quam
795 1917 827 1947 in
849 1916 1057 1957 poenitencia
1079 1925 1130 1947 re·

152 1957 321 1999 quirimus.
367 1956 408 1988 Et
432 1959 537 1999 magis
559 1957 699 2001 intelligi
719 1965 844 2000 potest,
867 1957 945 2000 quid
968 1958 1011 1990 sit
1034 1958 1129 1997 fides,

151 2010 248 2042 quam
277 2000 449 2041 praedicat
477 1999 711 2043 Edangehum,
742 2012 817 2034 cum
848 2002 1026 2043 opponitur
1050 2012 1129 2034 con-

151 2043 292 2078 tricioni,
316 2052 358 2074 ac
381 2043 636 2075 mortificationi.

158 247 279 281 factos.

220 2162 293 2195 [Post
311 2162 371 2188 haee
392 2162 481 2188 verba:
506 2170 537 2187 ac
556 2163 759 2189 mortificationi.
784 2164 810 2188 t‘n
833 2164 913 2189 Editt.
938 2165 1013 2189 2—4.
1040 2164 1129 2189 addita

150 2200 206 2222 m
223 2196 326 2222 haecce:

219 2281 254 2306 Et
270 2287 299 2307 ut
316 2286 386 2307 totus
405 2282 474 2307 orbis
494 2286 618 2307 terrarum
637 2283 740 2313 uideat,
760 2288 855 2314 quanta
873 2286 906 2310 sit
923 2285 1025 2309 inscitia
1051 2292 1129 2309 uerae

151 2317 254 2350 pietatis
271 2318 298 2341 in
317 2318 412 2341 nostris
431 2317 534 2342 Criticis
559 2318 603 2349 qni
626 2318 833 2343 confutacionem
856 2321 1028 2351 scripserunt,
1051 2320 1129 2344 adde-

151 2358 208 2375 mus
235 2356 261 2375 et
288 2351 416 2376 Bernardi
439 2353 612 2382 sentenciam,
636 2353 679 2384 qui
704 2359 808 2384 prorsus
832 2354 866 2378 ad
889 2354 997 2378 eundem
1024 2355 1129 2378 modum

152 2386 288 2417 coniungit
312 2386 378 2411 haec
405 2386 456 2410 duo
484 2387 597 2411 membra
626 2389 652 2411 in
681 2389 859 2419 poenitencia,
887 2389 1076 2413 contricionem
1102 2392 1129 2413 et

170 2522 200 2554 0)
219 2522 304 2554 audit]
324 2523 373 2547 Ed.
393 2523 433 2548 4.:
452 2523 566 2548 ostendit

169 2565 200 2597 9)
219 2565 277 2598 vij.]
297 2564 346 2589 Ed.
366 2565 403 2590 3.:
421 2567 541 2598 septimo.

155 2608 201 2639 10)
219 2607 350 2641 propriae]
369 2607 417 2633 Ed.
437 2609 477 2634 3.:
495 2610 601 2642 proprie

358 2667 507 2690 nunu.
519 2667 602 2688 OPBR-
616 2667 680 2687 VOL.
691 2667 783 2689 xxvn.

593 152 825 186 APOLOGIA
846 152 1165 187 CONFESSIONIS
1187 152 1505 188 AUGUSTANAE.
1549 153 1590 186 Β.
1634 152 1826 186 ALTERA,

2102 155 2169 188 546

1190 249 1275 279 fidem,
1295 251 1362 274 sicut
1379 257 1426 273 nos
1445 249 1636 281 coniungimus.
1674 248 1761 273 Verba
1779 254 1839 272 sunt
1856 248 1919 273 haec
1938 250 1964 273 in
1983 257 2100 274 sermone
2119 255 2171 274 ter—

1190 283 1227 306 tio
1255 284 1287 307 de
1314 285 1522 308 annunciatione.
1560 284 1686 307 Auditam
1715 283 1757 307 sac
1780 284 1840 307 milii
1864 291 1940 307 mane
1968 284 2170 308 misericordiam

1190 321 1274 347 tuam,
1294 319 1353 348 qnia
1371 319 1397 341 in
1417 323 1441 342 te
1460 319 1564 349 speraui
1582 318 1705 341 Domine.
1741 316 1805 342 Sola
1829 319 1946 341 nimirum
1969 326 2026 349 spes
2052 320 2120 349 apud
2144 323 2170 342 te

1189 352 1362 375 miserationis
1381 353 1466 375 locum
1485 353 1590 381 obtinet,
1610 359 1656 375 noc
1676 352 1761 375 oleum
1780 352 1982 381 misericordiae,
2000 353 2048 376 nisi
2064 354 2089 376 in
2106 360 2168 377 uase

1189 385 1298 409 fiduciae
1317 387 1399 416 ponis:
1436 386 1488 410 Sed
1514 391 1552 410 cst
1576 386 1688 410 infidelis
1712 386 1822 416 fidncia,
1845 387 1925 410 solius
1950 387 2038 416 utique
2061 388 2170 411 maledi-

1189 421 1283 443 ctionis
1302 427 1383 451 capax
1407 428 1464 443 cum
1491 421 1613 444 uidelicet
1638 422 1664 443 in
1689 428 1734 451 spe
1760 428 1903 451 peccamus.
1941 420 2094 452 Quanquam
2121 429 2169 445 nec

1188 453 1283 477 fiducia
1301 454 1345 478 illa
1364 455 1476 478 dicenda
1498 456 1544 484 sit,
1568 455 1613 478 sed
1638 455 1820 478 insensibilitas
1846 455 1974 485 quaedam
2000 460 2024 478 et
2050 456 2169 479 dissimu-

1190 488 1253 511 latio
1269 488 1294 518 ι)
1314 489 1468 518 perniciosa.
1506 491 1577 517 Quae
1596 490 1663 512 enirn
1682 489 1774 512 fidncia
1794 494 1831 513 est
1851 491 1873 512 ci
1893 490 1935 521 qui
1955 489 2095 520 periculum
2115 497 2167 514 non

1189 522 1316 545 attendit?
1335 528 1379 545 aut
1398 523 1467 553 quod
1486 522 1520 545 ibi
1539 524 1637 546 timoris
1661 524 1819 553 remedium,
1843 523 1884 547 nbi
1912 531 1958 546 nec
1984 524 2061 547 timor
2085 525 2165 548 senti-

1189 560 1238 586 tur,
1258 563 1304 580 nec
1323 558 1430 580 materia
1449 558 1504 587 ipsu
1528 557 1646 580 timoris?
1682 557 1791 581 Fiducia
1813 558 1933 581 solatium
1957 561 2010 587 est,
2037 565 2084 581 nec
2110 562 2169 588 eget

1188 591 1232 614 ille
1259 591 1353 614 solatio
1378 592 1421 622 qui
1448 591 1542 614 letatur
1566 599 1623 614 cum
1647 592 1713 614 male
1738 591 1827 615 fecerit
1852 596 1877 615 et
1902 593 1927 615 in
1951 592 2066 622 pessimis
2091 593 2168 616 rebus

1187 625 1269 655 magis
1288 625 1396 649 exultat.
1433 624 1563 655 Rogemus
1582 626 1668 656 itaque
1693 626 1784 649 fratres
1809 627 1960 657 responderi
1986 626 2063 649 nobis
2088 634 2167 657 quan-

1187 663 1225 682 tas
1245 659 1385 683 habeamus
1410 659 1558 690 iniquitates
1583 664 1607 682 et
1632 664 1752 690 peccata,
1779 661 1878 684 scelera
1905 664 1993 684 nostra
2021 665 2046 683 et
2071 660 2167 686 delicta

1187 693 1262 717 nobis
1290 693 1465 717 desideremus
1497 693 1608 716 ostendi.
1645 693 1796 717 scrutemur
1822 695 1877 717 uias
1904 698 2006 718 nostras
2030 698 2055 717 et
2082 695 2169 719 studia

1187 732 1278 751 nostra
1304 728 1468 759 periculaque
1492 728 1613 751 uniuersa
1635 728 1709 758 uigili
1735 729 1877 751 intentione
1902 735 2047 759 pensemus
2090 729 2169 753 Dicat

1187 763 1296 793 quisque
1315 763 1341 785 in
1360 769 1457 793 pauore
1476 769 1531 791 suo,
1549 762 1642 785 uadam
1661 762 1692 785 ad
1712 768 1800 792 portas
1819 762 1909 791 inferi,
1929 767 1957 786 ut
1974 764 2025 786 iam
2044 770 2096 786 non
2115 764 2164 787 nisi

1187 797 1214 819 in
1233 797 1288 820 sola
1307 797 1356 820 Dei
1380 797 1560 820 misericordia
1583 797 1746 826 respiremus.
1784 797 1855 820 Haec
1880 804 1941 820 uera
1966 797 2077 820 hominis
2103 797 2167 821 fidu-

1186 831 1227 854 cia
1246 835 1292 860 est,
1311 837 1326 854 a
1344 838 1371 853 se
1391 831 1544 860 deficientis,
1563 834 1589 853 et
1607 831 1739 853 innitentis
1759 831 1864 854 domino
1883 839 1938 855 suo.
1975 831 2044 854 Haec
2063 832 2168 862 inquam

1186 872 1247 888 uera
1265 865 1363 888 fiducia
1382 869 1420 888 est
1445 865 1485 888 cui
1510 864 1689 888 misericordia
1712 872 1764 887 non
1791 865 1948 895 denegatur,
1972 864 2105 896 Propheta
2129 870 2165 889 te-

1186 903 1278 923 stante.
1315 899 1509 930 Beneplacitum
1530 903 1569 922 est
1587 899 1693 922 domino
1712 906 1789 929 super
1808 901 1925 923 timentes
1945 906 2016 928 eum,
2036 904 2062 923 et
2080 900 2106 923 in
2125 900 2165 924 his

1185 933 1229 963 qui
1249 937 1355 964 sperant
1373 940 1450 965 super
1468 933 1648 957 misericordia
1666 933 1728 956 eius.
1766 933 1822 957 Nec
1842 941 1922 964 parua
1940 934 2030 964 utique
2054 935 2167 964 suppetit

1184 968 1274 997 nobis,
1294 968 1321 991 in
1339 967 1414 991 nobis
1434 968 1537 999 quidem
1556 974 1634 991 causa
1652 967 1762 996 timoris,
1780 968 1806 991 in
1825 968 1881 998 ipso
1900 972 1985 991 autem
2005 975 2082 991 causa
2100 968 2166 992 fidu-

1185 1003 1250 1026 ciae.
1287 1001 1420 1025 Hactenus
1443 1002 1608 1031 Bernardus,
1637 1001 1709 1025 cuius
1737 1002 1894 1025 sentenciam
1923 1005 2062 1032 propterea
2089 1003 2167 1026 etiam

1185 1043 1237 1060 non
1256 1036 1330 1059 inuiti
1349 1036 1493 1065 retulimus,
1511 1040 1539 1059 nt
1557 1036 1663 1060 uideant
1682 1036 1801 1065 lectores,
1821 1036 1952 1067 quomodo
1972 1036 2048 1059 fidem
2067 1036 2107 1059 hic
2128 1037 2166 1060 in-

1184 1071 1330 1100 telligamus
1358 1070 1390 1093 de
1415 1070 1509 1094 fiducia
1539 1069 1748 1098 misericordiae,
1773 1078 1839 1101 quae
1864 1070 1941 1101 erigit
1965 1074 1990 1093 et
2016 1071 2166 1094 consolatur

1183 1104 1392 1136 perterrefactos,
1410 1112 1486 1135 quam
1506 1105 1555 1128 iste
1573 1108 1643 1128 recte
1662 1103 1783 1127 fiduciam
1802 1105 1923 1136 appellat.
1961 1104 1994 1128 Et
2012 1103 2077 1128 haec
2096 1106 2165 1129 clare

1183 1139 1299 1169 conspici
1329 1143 1428 1169 potest,
1453 1147 1510 1162 cum
1537 1139 1567 1162 fit
1588 1138 1734 1162 Antithesis
1759 1143 1887 1162 terrorum
1913 1142 1939 1162 et
1964 1139 2164 1162 consolationis.

1183 1173 1257 1198 Sicut
1284 1172 1326 1196 hic
1356 1172 1505 1196 Bernardus
1536 1173 1589 1196 uult
1617 1174 1644 1196 in
1667 1172 1815 1197 hominibus
1845 1173 1957 1196 existere
1988 1173 2165 1204 cognitionem

1183 1211 1362 1239 peccatorum,
1388 1214 1433 1230 seu
1458 1208 1658 1236 contricionem,
1682 1213 1728 1230 seu
1753 1211 1879 1237 terrores,
1903 1207 1938 1231 Et
1961 1207 2016 1230 uult
2040 1208 2166 1232 accedere

1182 1241 1303 1266 fiduciam
1321 1248 1387 1272 quae
1405 1241 1488 1272 erigat
1506 1242 1533 1265 in
1551 1241 1732 1273 contricione]

1270 1350 1338 1383 Sed
1367 1350 1443 1392 quia
1471 1349 1655 1392 aduersarij
1687 1350 1878 1381 nominatim
1907 1350 1974 1382 hoc
1996 1350 2165 1391 damnant,

1183 1394 1273 1436 quod
1307 1394 1444 1425 dicimus
1471 1392 1620 1424 homines
1654 1392 1719 1424 fide
1746 1393 1905 1433 consequi
1934 1394 2164 1426 remissionem

1182 1442 1408 1478 peccatorum,
1430 1436 1589 1468 addemus
1612 1446 1739 1478 paucas
1752 1436 1913 1478 quasdam
1936 1437 2164 1478 probationes,

1184 1489 1225 1510 ex
1247 1479 1368 1520 quibus
1390 1477 1527 1522 intelligi
1549 1479 1682 1520 poterit,
1705 1479 1933 1510 remissionem
1950 1485 2164 1520 peccatorum

1185 1523 1401 1564 contingere,
1434 1531 1501 1553 non
1536 1531 1578 1553 ex
1606 1531 1708 1563 opere
1743 1527 1880 1563 operato
1913 1528 2050 1563 propter
2083 1533 2163 1554 con-

1183 1565 1374 1603 tricionem,
1403 1564 1463 1596 sed
1486 1565 1551 1596 fide
1573 1563 1631 1595 illa
1659 1564 1813 1605 speciali,
1841 1575 1906 1606 qua
1934 1565 2095 1607 vnusquis
2120 1574 2163 1597 ue

1184 1607 1288 1640 eredit
1315 1608 1378 1639 sibi
1401 1607 1521 1639 remitti
1551 1613 1700 1648 peccata.
1718 1609 1770 1645 1¹)
1815 1607 1899 1638 Nam
1922 1607 1978 1639 hic
1999 1609 2105 1640 articu
2122 1618 2161 1640 us

1183 1651 1383 1692 praecipuus
1406 1655 1478 1689 est,
1509 1651 1550 1682 de
1573 1661 1639 1692 quo
1665 1648 1884 1692 digladiamur
1907 1661 1981 1682 cum
2003 1651 2162 1682 aduersa-

1182 1694 1265 1734 rijs,
1300 1699 1332 1725 et
1367 1693 1461 1726 cuius
1496 1694 1718 1735 cognitionem
1752 1693 1902 1725 ducimus
1935 1696 2074 1725 maxime
2108 1704 2163 1726 ne-

1182 1737 1364 1768 cessariam
1392 1745 1470 1767 esse
1498 1735 1693 1768 Christianis
1721 1736 1884 1767 omnibus.
1938 1735 2020 1767 Cum
2053 1742 2163 1768 autem

1182 1788 1284 1820 supra
1308 1779 1349 1810 de
1375 1778 1625 1817 iustificatione,
1654 1779 1696 1811 de
1718 1778 1834 1810 eadem
1863 1789 1900 1810 re
1929 1780 2011 1810 satis
2040 1779 2162 1811 dictum

1182 1822 1350 1860 videatur,
1385 1822 1440 1853 hic
1471 1821 1643 1854 breuiores
1677 1822 1810 1853 erimus.
1858 1821 1943 1852 S‘unt
1977 1822 2062 1853 enim
2096 1820 2162 1854 loci

1182 1865 1321 1896 maxime
1344 1865 1491 1906 cognati,
1515 1865 1668 1897 doctrina
1689 1864 1931 1906 poenitenciae,
1954 1870 1987 1896 et
2010 1865 2162 1897 doctrina

1181 1907 1435 1939 iustificationis.

1267 1949 1464 1991 Aduersarij
1493 1960 1567 1982 cum
1597 1950 1639 1981 de
1667 1949 1732 1981 fide
1762 1947 1959 1991 loquuntur,
1991 1955 2024 1982 et
2046 1950 2161 1982 dicunt

1181 2003 1255 2024 eam
1286 1994 1489 2034 praecedere
1522 1993 1787 2034 poenitenciam,
1827 1990 2014 2034 intelligunt
2048 1992 2159 2031 fidem,

1181 2046 1248 2068 non
1269 2035 1356 2067 hane
1379 2045 1465 2078 quae
1487 2035 1660 2073 iustificat,
1690 2036 1759 2068 Sed
1782 2045 1867 2077 quae
1890 2036 1922 2066 in
1946 2045 2069 2077 genere
2092 2045 2161 2067 cre-

1182 2079 1229 2110 dit
1249 2077 1358 2111 Deum
1382 2089 1479 2117 esse,
1502 2088 1628 2120 poenas
1652 2079 1842 2120 propositas
1865 2088 1943 2110 esse
1966 2079 2074 2120 impijs
2096 2084 2158 2111 etc.

1181 2121 1252 2153 Nos
1273 2127 1406 2163 praeter
1427 2120 1517 2153 illam
1539 2121 1648 2159 fidem,
1669 2121 1878 2163 requirimus,
1902 2127 1936 2152 vt
1961 2121 2076 2153 credat
2095 2121 2159 2152 sibi

1181 2166 1324 2206 quisque
1346 2165 1463 2196 remitti
1490 2171 1641 2205 peccata.
1662 2166 1713 2201 12)
1759 2163 1811 2196 De
1842 2163 1908 2195 hac
1937 2163 2002 2195 fide
2024 2162 2159 2205 speciali

1180 2206 1367 2249 litigamus,
1395 2212 1428 2239 et
1456 2208 1654 2249 opponimus
1681 2217 1753 2238 eam
1783 2207 1927 2247 opinioni
1957 2216 2042 2248 quae
2070 2207 2159 2238 iubet

1181 2250 1351 2282 confidere
1372 2260 1439 2281 non
1461 2251 1493 2282 in
1516 2250 1735 2292 promissione
1759 2248 1893 2284 Christi,
1916 2250 1976 2281 sed
1999 2250 2031 2280 in
2055 2258 2158 2291 opere

1180 2299 1318 2335 operato
1351 2293 1589 2332 contricionis,
1630 2291 1853 2326 confessionis
1887 2297 1920 2324 et
1958 2290 2159 2324 satisfactio-

1197 2458 1227 2488 a)
1247 2456 1427 2489 dissimulatio]
1446 2456 1495 2481 Ed.
1513 2457 1553 2481 4.:
1573 2455 1754 2480 dissimilitudo

1182 2499 1227 2532 11)
1245 2500 1293 2524 sibi
1318 2500 1415 2524 remitti
1438 2498 1565 2531 peccata]
1592 2498 1673 2523 Editt.
1700 2498 1791 2523 2—4.:
1819 2498 1867 2522 sibi
1893 2502 2000 2530 propter
2025 2497 2156 2523 christum

1249 2535 1345 2558 remitti
1364 2538 1479 2565 peccata.

1181 2577 1227 2609 12)
1245 2576 1295 2601 sibi
1314 2578 1422 2608 quisque
1441 2576 1534 2600 remitti
1552 2573 1683 2608 peccata]
1695 2575 1777 2600 Edita.
1796 2575 1889 2600 2-4.:
1908 2575 1959 2600 eibi
1975 2576 2083 2608 quisque
2097 2582 2156 2607 pro—

1249 2615 1307 2642 pter
1325 2611 1456 2636 Christum
1475 2611 1571 2635 remitti
1589 2613 1705 2641 peccata.

1917 2660 1950 2686 ³⁵
