2366 2958
195 201 261 235 503

196 296 301 328 verbo
324 293 404 333 Dei,
435 295 488 326 Ac
509 303 572 326 nos
595 292 716 325 clarius
740 292 895 330 dicimus,
918 291 1006 323 sicut
1026 297 1172 323 terrores

196 338 324 380 peccati
348 343 380 369 et
402 338 529 375 mortis,
552 347 616 368 non
641 341 716 367 sunt
738 341 862 366 tantum
886 334 1104 375 cogitationes
1127 334 1173 364 in-

198 379 363 418 tellectus,
391 382 451 412 sed
475 381 571 411 etiam
595 376 771 410 horribiles
793 383 902 408 motus
924 376 1104 408 voluntatis
1128 375 1173 407 fu-

198 423 318 465 gientis
340 423 493 454 iudicium
512 421 592 459 Dei,
624 422 671 452 lta
693 420 775 451 fides
805 426 856 450 est
880 429 947 450 non
969 426 1094 451 tantuin
1116 430 1174 451 no-

197 467 274 497 ticia
300 466 331 497 in
362 464 544 501 intellectu,
574 465 633 495 sed
661 464 757 495 etiam
789 462 909 494 fiducia
937 463 969 494 in
993 462 1175 499 voluntate,

197 509 262 540 hoc
298 515 366 546 est,
401 514 450 539 est
479 506 581 545 velle,
610 513 641 537 et
671 507 824 547 accipere
847 504 912 536 hoc
936 506 1024 547 quod
1045 507 1077 537 in
1100 514 1176 545 pro-

198 552 356 583 missione
380 550 527 587 ofl'ertur‚
553 549 718 587 videlicet,
741 547 1053 588 reconciliationem,
1071 556 1103 578 et
1127 557 1177 578 re·

198 594 388 626 missionem
412 599 638 634 peccatorum,
661 592 718 624 Sic
737 592 837 622 vtitur
854 591 984 622 nomine
1003 590 1078 621 fidei
1098 591 1178 621 scri-

198 645 311 678 ptura,
346 642 380 667 vt
409 641 548 666 testatur
577 636 660 666 haec
688 635 851 665 sententia
874 633 986 672 Pauli,
1010 632 1179 664 iustificati

200 689 240 710 ex
274 678 338 709 fide
371 688 488 720 pacem
517 677 676 709 habemus
711 687 792 718 erga
827 675 946 707 Deum.
996 675 1179 707 iustificare

641 199 754 232 PHIL.
777 197 881 231 MEL.
902 196 1088 230 SCRIPTA
1109 195 1379 230 DOGMATIGA
1401 195 1458 228 ΕΤ
1481 194 1754 229 SYMBOLICA.

1203 696 1207 720 Ι
1231 686 1317 718 quae
1347 681 1500 716 expectat
1526 684 1581 706 res
1610 674 1807 715 promissas.

1974 181 1991 191 s

2138 195 2202 228 504

1226 289 1413 322 obedientia
1436 299 1516 331 erga
1537 288 1647 331 legem
1669 290 1800 327 dicunt,
1829 288 1904 320 Non
1928 289 2040 320 dicunt
2061 291 2103 321 de
2125 291 2204 322 obe-

1226 377 1392 418 possimus
1417 375 1566 412 obedire,
1587 375 1650 406 nisi
1674 375 1777 406 renati
1801 385 1859 416 per
1877 373 2108 416 Euangelium‚
2132 386 2206 407 cum

1226 429 1294 451 non
1325 419 1492 460 possimus
1525 416 1660 459 diligere
1682 416 1808 454 Deum,
1842 418 1906 448 nisi
1933 423 2072 459 accepta
2093 418 2208 449 remis-

1229 463 1323 493 sione
1346 466 1571 502 peccatorum.
1617 459 1736 492 Donec
1758 461 1842 491 enirn
1863 461 2025 492 sentimus
2054 470 2126 492 eum
2149 470 2208 491 no-

1229 506 1280 536 bis
1309 506 1426 541 irasci,
1461 509 1578 535 natura
1605 502 1748 534 humana
1777 501 1859 545 fugit
1885 504 1967 534 iram
1999 509 2032 534 et
2054 504 2208 535 iudicium

1229 549 1310 579 eius.
1350 547 1460 588 Siquis
1483 547 1548 577 hoc
1571 546 1668 577 etiam
1691 544 1876 582 cauilletur‚
1897 546 1933 577 Si
1951 545 2034 576 fides
2054 552 2105 577 est
2124 555 2210 587 quae

1230 589 1300 622 vult
1321 589 1395 626 illa,
1424 599 1508 630 quae
1532 589 1564 619 in
1587 588 1808 630 promissione
1831 587 2029 627 offeruntur,
2057 589 2211 620 videntur

1232 632 1387 665 confundi
1422 631 1573 669 habitus,
1608 631 1710 668 fides,
1745 637 1777 661 et
1804 641 1901 672 spes,
1936 632 2010 672 quia
2044 641 2125 673 spes
2160 636 2212 662 est

1860 673 1913 704 Ad
1944 673 2009 705 hoc
2032 675 2213 716 responde-

1195 334 1346 538 ldientia
1380 343 1461 374 erga
1496 331 1728 374 Euangelium,
1767 332 1849 363 Cum
1890 337 1999 363 tamen
2039 331 2105 375 legi
2138 343 2205 364 non

199 732 280 753 vero
311 721 375 752 hoc
404 720 499 759 loco,
529 721 654 752 sorensi
678 720 916 751 consuetudine
940 718 1106 761 significat
1128 727 1178 748 re·
1204 722 1208 759 Ι
1231 729 1316 756 mus,
1340 718 1409 749 Hos
1433 717 1572 748 affectus
1596 727 1662 747 non
1693 717 1738 747 ita
1761 715 1873 747 diuelli
1896 726 1998 756 posse
2020 717 2148 757 reipsa,
2178 722 2214 747 vt

198 775 252 796 um
277 763 470 801 absoluere,
495 769 527 795 et
552 763 773 805 pronunciare
795 763 932 799 iustum,
957 762 1023 793 Sed
1044 766 1180 802 propter

199 806 339 839 alienam
373 806 554 844 iusticiam,
589 805 743 836 videlicet
777 804 920 841 Christi,
954 813 1040 845 quae
1074 802 1181 833 aliena

200 850 329 882 iusticia
365 850 626 881 communicatur
665 848 763 879 nobis
795 858 855 888 per
896 847 1005 877 tidem.

202 903 276 924 cum
301 892 366 923 hoc
394 890 469 922 loco
493 892 623 923 iusticia
650 897 763 922 nostra
787 891 827 920 sit
851 889 1030 930 imputacio
1055 887 1183 919 alienae

201 936 363 969 insaniae,
387 933 482 965 aliter
500 934 555 965 hic
575 935 615 965 de
634 934 763 965 iusticia
781 931 980 974 loquendum
1000 937 1061 968 est,
1087 940 1183 971 quam

201 989 275 1009 cum
305 979 335 1008 in
371 976 603 1018 Philosophia,
634 982 689 1008 aut
718 977 751 1006 in
780 975 854 1006 foro
880 975 1069 1015 quaerimus
1093 972 1183 1003 iusti-

201 1021 285 1051 ciam
320 1020 443 1062 proprij
478 1021 604 1061 operiS‚
633 1029 717 1060 quae
748 1024 838 1049 certe
869 1023 919 1048 est
947 1018 978 1047 in
1002 1015 1184 1048 voluntate.

201 1063 279 1095 ldeo
312 1062 434 1094 Paulus
466 1063 570 1103 inquit
601 1063 642 1093 .1.
670 1061 819 1092 Corinth.
847 1060 875 1090 1.
932 1059 981 1090 Ex
1016 1060 1090 1100 ipso
1122 1067 1184 1089 vos

201 1107 285 1138 estis
309 1106 341 1136 in
367 1105 499 1136 Christo
525 1106 617 1142 lesu,
646 1104 699 1146 qui
724 1102 835 1134 factus
858 1108 910 1134 est
933 1103 1030 1133 nobis
1055 1102 1183 1142 sapien-

200 1149 246 1180 tia
268 1159 289 1179 a
324 1147 416 1186 Deo,
445 1147 594 1185 iusticia,
618 1153 648 1177 et
672 1145 911 1183 sanctificatio,
934 1151 966 1176 et
987 1144 1184 1185 redemptio.

200 1192 242 1223 Et
262 1191 304 1233 .ij.
338 1189 488 1222 Corinth.
508 1201 540 1221 v.
591 1190 672 1221 Eum
703 1189 757 1230 qui
788 1198 854 1219 non
884 1189 975 1219 nouit
999 1193 1186 1228 peccatum,

201 1245 262 1276 pro
286 1234 384 1265 nobis
407 1233 484 1265 fecit
507 1238 698 1274 peccatum,
723 1237 757 1263 vt
778 1241 842 1262 nos
866 1229 1076 1263 efficeremur
1098 1229 1186 1260 iusti-

203 1278 254 1309 cia
278 1276 340 1307 Dei
370 1277 402 1307 in
426 1277 516 1317 ipso,
547 1275 614 1307 Sed
637 1275 713 1316 quia
741 1274 872 1305 iusticia
895 1273 1021 1305 Christi
1045 1273 1186 1303 donatur

203 1320 300 1351 nobis
332 1329 391 1360 per
415 1319 532 1355 fidem,
566 1319 641 1349 ideo
671 1317 755 1348 fides
786 1322 838 1348 est
865 1317 997 1348 iusticia
1019 1316 1051 1347 in
1075 1314 1186 1351 nobis,

203 1363 410 1404 imputatiue,
445 1362 478 1392 id
513 1367 582 1399 est,
617 1366 669 1391 est
702 1361 735 1391 id
769 1369 835 1401 quo
864 1358 1028 1391 officimur
1057 1356 1215 1398 accepti'

201 1405 295 1444 Deo,
330 1410 466 1446 propter
498 1403 752 1444 imputacionem
785 1409 817 1434 et
847 1403 1087 1433 ordinationem
1110 1399 1186 1437 Dei,

203 1449 288 1480 sicut
323 1447 446 1479 Paulus
481 1447 536 1478 ait.
593 1446 691 1477 Fides
724 1446 901 1486 imputatur
935 1445 977 1476 ad
1010 1444 1185 1476 iusticiam.

202 1491 244 1522 Et
268 1492 296 1522 si
319 1496 454 1532 propter
473 1499 628 1521 morosos
648 1489 809 1531 quosdam
822 1491 1031 1527 πεχιόλογικῶς
1049 1486 1186 1527 loquen-

204 1534 280 1565 dum
305 1539 366 1565 est.
413 1533 513 1564 Fides
536 1538 628 1563 recte
651 1537 702 1564 est
724 1531 872 1568 iusticia,
902 1531 979 1572 quia
1002 1535 1053 1561 est
1075 1529 1188 1560 obedi-

204 1577 291 1609 entia
315 1586 395 1618 erga
419 1574 647 1617 Euangelium.
695 1573 837 1606 Constat
860 1574 944 1605 enim
967 1572 1186 1604 obedientiam

204 1630 286 1661 erga
309 1620 451 1651 edictum
478 1618 679 1660 superioris,
709 1627 788 1648 vere
813 1626 889 1648 esse
912 1617 1058 1657 speciem
1082 1613 1187 1645 distri-

204 1663 339 1694 butiuae
367 1662 525 1693 iusticiae.
576 1660 616 1691 Et
645 1660 731 1691 haec
760 1660 948 1691 obedientia
976 1668 1057 1701 erga
1081 1657 1189 1689 Euan-

207 1705 340 1748 gelium,
363 1706 540 1746 imputatur
563 1714 623 1746 pro
647 1703 777 1734 iusticia
795 1703 892 1740 adeo,
916 1709 951 1734 vt
970 1708 1093 1733 tantum
1113 1710 1188 1741 pro-

205 1754 280 1790 pter
302 1747 408 1786 hanc,
437 1748 514 1789 quia
538 1746 602 1777 hac
633 1746 912 1788 apprehendimus
933 1745 1189 1786 propiciatorem

206 1790 386 1828 Christum,
409 1789 562 1831 placeant
582 1790 669 1821 bona
688 1799 802 1830 opera,
825 1798 885 1819 seu
905 1788 1092 1819 obedientia
1109 1795 1191 1827 erga

206 1833 325 1876 legem.
372 1833 487 1875 Neque
510 1833 595 1863 enim
618 1831 683 1873 legi
708 1830 952 1869 satisfacimus,
976 1830 1036 1861 sed
1060 1829 1092 1860 id
1116 1839 1191 1870 pro-

207 1884 284 1918 pter
317 1876 482 1907 Christum
518 1875 727 1907 condonatur
760 1875 876 1910 nobis,
909 1880 944 1905 vt
977 1871 1102 1904 Paulus
1134 1871 1189 1902 ait.

208 1918 309 1951 Nulla
338 1930 426 1950 nunc
455 1919 621 1950 damnatio
652 1923 702 1948 est
733 1917 784 1948 his
815 1917 869 1958 qui
901 1918 933 1948 in
957 1915 1093 1947 Chi-isto
1118 1914 1191 1945 lesu

209 1969 272 1995 etc.
318 1963 409 1994 Haec
433 1961 515 1992 fides
544 1961 649 1991 reddit
672 1959 746 1992 Deo
778 1959 957 1997 honorem,
989 1959 1096 1990 reddit
1118 1957 1191 1988 Deo

209 2006 297 2048 quod
327 2015 422 2035 suum
451 2010 521 2041 est,
556 2014 616 2045 per
643 2003 727 2041 hoc,
761 2003 850 2044 quod
881 2002 992 2033 obedit
1020 2001 1191 2042 accipiens
1215 2033 1218 2037 ,

208 2049 459 2090 promissiones,
483 2048 575 2078 Sicut
598 2053 628 2078 et
643 2045 766 2077 Paulus
790 2046 891 2086 inquit
913 2045 1029 2076 Roma.
1049 2044 1104 2085 iiij.
1139 2042 1192 2073 De

209 2091 431 2133 promissione
462 2089 524 2121 Dei
570 2100 636 2120 non
679 2089 837 2120 dubitauit
874 2098 933 2129 per
967 2086 1192 2119 dissidentiam,

209 2134 269 2165 sed
292 2133 405 2164 firmus
435 2131 494 2163 suit
523 2132 586 2162 side
618 2133 701 2163 dnns
730 2130 869 2174 glorium
895 2131 986 2168 Deo,
1012 2130 1058 2160 ltu
1083 2128 1193 2161 cultus

212 2183 245 2208 et
280 2179 401 2217 λατρεία
436 2174 609 2216 Euangelij
649 2182 700 2205 est
741 2175 897 2214 accipere
932 2174 1020 2205 bona
1053 2183 1072 2203 u
1108 2171 1194 2207 Deo,

211 2220 355 2252 Econtra
389 2217 497 2250 cultus
527 2217 610 2259 legis
643 2226 693 2247 cst
725 2218 811 2248 bona
836 2222 952 2248 nostra
975 2215 1049 2246 Deo
1074 2214 1194 2246 offerre.

212 2270 243 2295 et
274 2262 443 2294 exhibere.
494 2260 580 2292 Nihil
615 2267 722 2291 nutem
752 2270 930 2301 possumus
960 2258 1034 2289 Deo
1063 2257 1195 2293 offerre,

212 2307 274 2337 nisi
299 2311 395 2336 antea
419 2303 638 2340 reconciliati,
667 2309 698 2333 et
722 2303 836 2334 renati.
884 2301 1063 2333 Plurimum
1087 2306 1195 2331 nutem

215 2347 454 2380 consolatimis
480 2347 572 2378 affert
599 2347 650 2377 hic
670 2345 780 2382 locus,
803 2346 890 2386 quod
912 2344 1021 2376 cultus
1042 2345 1073 2374 in
1087 2342 1195 2374 Euan-

215 2391 302 2432 gelio
337 2391 536 2431 praecipuus
567 2396 616 2421 est
641 2399 661 2419 a
692 2388 764 2419 Deo
795 2388 883 2419 velle
906 2388 1059 2428 accipere
1083 2385 1196 2416 remis-

215 2435 340 2465 sionem
365 2440 589 2474 peccatorum,
611 2433 761 2472 gratiam,
785 2438 817 2461 et
840 2431 1014 2461 iusticiam.
1061 2429 1111 2459 De
1131 2428 1196 2458 hoc

216 2476 308 2508 cultu
342 2478 385 2507 nit
420 2476 575 2507 Christus
605 2474 717 2506 lohan.
745 2475 787 2505 vi.
846 2473 936 2505 llaec
968 2479 1018 2503 est
1043 2470 1196 2502 voluutas

215 2520 318 2561 patris
342 2520 415 2555 mci,
440 2520 492 2560 qui
517 2519 603 2550 misit
623 2528 686 2555 me,
711 2523 746 2549 vt
769 2517 875 2548 omnis
898 2516 952 2557 qui
978 2516 1065 2546 videt
1085 2512 1198 2550 filium,

217 2569 249 2594 et
273 2563 376 2593 credit
400 2563 430 2592 in
456 2572 547 2599 eum,
578 2562 699 2593 haheat
727 2561 826 2591 vitum
856 2566 1035 2590 aeternam.
1082 2556 1121 2587 Et
1143 2567 1198 2597 pa—

219 2612 269 2636 ter
291 2606 406 2646 inquit,
432 2605 493 2635 llic
516 2612 567 2635 est
591 2604 678 2635 filius
700 2614 794 2635 meus
817 2601 958 2634 dilectus
982 2603 1012 2633 in
1037 2610 1103 2642 quo
1121 2599 1197 2630 mihi

220 2647 452 2689 complacitum
493 2654 563 2682 eat.
605 2647 699 2679 {lunc
739 2647 860 2678 audite.
924 2643 1118 2684 Aduernrij
1157 2643 1199 2673 de

1204 762 1264 827 lin
1287 759 1413 792 scholis
1443 759 1629 791 distrahunt
1660 760 1785 790 ociosis
1817 759 2083 800 cogitationibus,

1233 809 1265 835 et
1287 805 1329 835 ad
1353 804 1483 834 Ebreos
1507 802 1660 833 definitur
1684 802 1766 833 tides
1796 811 1873 833 csse
1896 803 2082 842 expectatio
2105 759 2215 833 nii-ix

1068 845 1182 886 ltaque
1205 837 1210 878 1
1233 847 1482 886 sperandarum.
1528 844 1640 886 Siquis
1664 851 1772 875 tamen
1792 843 1882 875 volet
1901 845 2054 881 discerni,
2077 845 2215 876 dicimus

1205 881 1211 955 Ι
1234 889 1305 929 spei
1329 889 1493 919 obiectum
1519 888 1654 929 proprie
1683 897 1760 918 esse
1785 894 1939 918 euentum
1961 885 2116 919 futurum.
2164 887 2215 918 Fi-

1235 931 1307 962 dem
1331 937 1440 962 autem
1463 931 1504 960 de
1526 931 1628 961 rebus
1651 928 1787 967 suturis,
1818 935 1850 960 et
1871 931 2105 970 praesentibus
2130 939 2218 968 esse,

1236 980 1266 1005 et
1290 974 1443 1014 accipere
1465 973 1498 1003 in
1522 973 1711 1013 praesentia
1740 973 1968 1004 remissionem
1991 979 2217 1012 peccatorum,

1236 1015 1413 1048 exhibitam
1447 1015 1478 1046 in
1509 1015 1741 1056 promissione.
1786 1015 1837 1045 Ex
1860 1015 1911 1046 his
1935 1025 2110 1055 speramus
2133 1017 2218 1047 satis

1235 1057 1375 1100 intelligi
1397 1067 1510 1099 posse,
1534 1063 1565 1088 et
1589 1058 1666 1099 quid
1689 1057 1731 1087 sit
1760 1056 1863 1095 fides,
1891 1062 1923 1088 et
1946 1058 2032 1098 quod
2057 1068 2217 1100 cogamur

1237 1103 1380 1138 sentire,
1410 1101 1499 1142 quod
1534 1100 1599 1131 fide
1632 1099 1866 1137 iustificemur,
1899 1099 2154 1132 reconciliemur
2188 1108 2220 1131 et

1208 1153 1483 1186 1rcgeneremur.
1534 1142 1702 1184 Siquidem
1730 1142 1892 1173 iusticiam
1926 1141 2120 1183 Euangelij,
2152 1152 2221 1174 non

1236 1187 1398 1218 iusticiam
1433 1185 1520 1227 legis
1549 1186 1671 1216 docere
1700 1183 1872 1221 volumus,
1903 1183 1985 1215 Nam
2011 1185 2065 1225 qui
2090 1185 2223 1223 docent,

1237 1230 1325 1271 quod
1359 1228 1539 1260 dilectione
1578 1227 1813 1265 iustificernur,
1854 1225 1937 1268 legis
1970 1227 2130 1259 iusticiam
2167 1227 2224 1258 do-

1209 1276 1215 1352 Ι
1238 1278 1332 1309 cent,
1364 1282 1427 1303 nec
1455 1271 1501 1302 vti
1530 1271 1652 1301 docent
1682 1269 1815 1301 Christo
1845 1270 2026 1301 mediatore
2055 1270 2086 1301 in
2110 1269 2223 1302 iustiti-

1238 1315 1380 1347 catione.
1434 1313 1474 1345 Et
1503 1313 1587 1344 haec
1616 1311 1792 1344 manifesta
1815 1318 1911 1350 sunt,
1941 1313 2029 1353 quod
2054 1322 2120 1343 non
2144 1311 2224 1344 dile·

1239 1358 1359 1395 ctione,
1383 1357 1442 1388 sed
1469 1356 1534 1387 fide
1558 1357 1730 1388 vincamus
1754 1361 1902 1387 terrores
1922 1356 2064 1396 peccati,
2090 1361 2121 1386 et
2140 1364 2223 1386 mor-

1238 1401 1301 1438 tis,
1337 1400 1425 1441 quod
1456 1409 1522 1430 non
1552 1399 1721 1440 possimus
1757 1403 1904 1429 nostram
1939 1396 2163 1436 dilectionem,
2192 1403 2225 1429 et

1238 1441 1465 1483 implecionem
1496 1440 1580 1483 legis
1607 1451 1776 1483 opponere
1805 1442 1872 1472 irae
1895 1439 1978 1478 Dei,
2001 1441 2077 1481 quia
2100 1439 2225 1472 Paulus

1238 1486 1335 1523 dicit,
1368 1495 1429 1526 per
1459 1483 1628 1516 Christum
1658 1484 1818 1515 habemus
1848 1493 2023 1515 accessum
2050 1483 2091 1514 ad
2116 1481 2225 1515 Deum

1238 1537 1297 1569 per
1321 1528 1426 1559 iidem.
1462 1527 1556 1558 Hanc
1579 1527 1780 1559 sentenciam
1804 1527 1904 1557 toties
1926 1524 2130 1557 inculcamus
2149 1536 2225 1567 pro-

1238 1576 1312 1612 pter
1344 1571 1624 1611 perspicuitatem.
1675 1569 1790 1601 Totius
1819 1569 1902 1599 enim
1936 1579 2059 1600 causae
2092 1574 2228 1601 nostrae

1239 1619 1361 1644 statum
1390 1611 1574 1644 clarissime
1602 1613 1758 1643 ostendit.
1810 1611 1852 1642 Et
1876 1609 2051 1652 diligenter
2073 1612 2227 1652 inspecta

1240 1657 1371 1687 abunde
1394 1656 1434 1686 de
1458 1661 1527 1687 tota
1551 1665 1587 1686 re
1610 1656 1742 1691 docere,
1767 1660 1799 1685 et
1823 1653 1991 1685 consolari
2017 1655 2124 1685 bonas
2140 1664 2227 1685 men-

1212 1679 1292 1739 ites
1324 1705 1449 1740 potest.
1506 1698 1583 1729 ldeo
1617 1698 1756 1739 prodest
1789 1707 1862 1728 eam
1892 1697 1925 1728 in
1954 1703 2110 1738 promptu
2139 1703 2171 1728 et
2194 1697 2227 1728 in

1242 1747 1425 1783 conspectu
1457 1741 1603 1779 habere,
1636 1750 1703 1771 non
1732 1739 1839 1771 solum
1868 1746 1903 1770 vt
1927 1749 2098 1780 opponere
2119 1740 2229 1781 possi-

1240 1795 1314 1816 mus
1337 1784 1604 1815 aduersariorum
1625 1784 1809 1821 doctrinae,
1832 1783 1886 1824 qui
1906 1783 2037 1819 docent,
2061 1793 2126 1813 non
2151 1782 2227 1820 fide,

1242 1828 1302 1859 sed
1325 1826 1502 1859 dilectione
1524 1834 1556 1858 et
1579 1827 1703 1858 meritis
1726 1827 1798 1857 siue
1821 1825 2003 1856 mediatore
2027 1824 2160 1856 Christo
2183 1825 2226 1856 ad

1242 1870 1350 1902 Deum
1381 1870 1562 1908 accedere,
1595 1870 1661 1901 Sed
1686 1870 1783 1900 etiam
1814 1874 1848 1898 vt
1879 1878 1939 1908 per
1962 1877 2035 1898 eam
2059 1868 2226 1908 erigamus

1242 1923 1307 1945 nos
1331 1914 1362 1944 in
1386 1913 1568 1954 pauoribus
1591 1919 1623 1943 et
1647 1912 1743 1943 fidem
1763 1920 1989 1946 exerceamus,
2015 1909 2226 1942 Manifestum

1244 1963 1296 1988 est
1330 1962 1360 1987 et
1401 1956 1464 1987 hoc
1498 1955 1587 1997 quod
1627 1955 1700 1985 sine
1733 1953 1857 1985 auxilio
1892 1952 2015 1984 Christi
2053 1963 2120 1984 non
2149 1963 2227 1994 pus·

1244 2000 1348 2030 simus
1371 1997 1478 2039 legem
1501 1999 1632 2034 fucere,
1657 1998 1742 2029 sicut
1768 1998 1840 2038 ipse
1865 1997 1979 2037 inquit.
2003 1995 2083 2026 Sine
2104 2006 2155 2027 me
2179 1996 2227 2027 ni-

1215 2045 1220 2109 Ι
1245 2041 1291 2073 hil
1314 2041 1454 2083 potestis
1477 2039 1600 2073 facere.
1624 2040 1701 2071 ldeo
1725 2041 1916 2081 priusquam
1941 2038 2050 2080 legem
2073 2037 2228 2077 facimus,

1245 2090 1376 2126 oportet
1399 2083 1501 2114 corda
1526 2083 1590 2114 fide
1613 2084 1756 2113 renasci.

1333 2127 1418 2158 Hinc
1441 2127 1537 2157 etiam
1561 2125 1698 2166 intelligi
1724 2130 1853 2166 potest,
1876 2134 1980 2165 quare
2004 2123 2226 2164 reprehenda-

1246 2181 1318 2202 mus
1343 2170 1612 2200 aduersnriorum
1636 2169 1820 2199 doctrinam
1844 2168 1884 2198 de
1913 2167 2029 2198 merito
2060 2167 2225 2208 condigni.

1220 2240 1223 2262 Ι
1247 2211 1419 2245 Facillimn
1442 2213 1633 2253 dijudicatio
1658 2219 1727 2249 est,
1751 2211 1826 2252 quin
1850 2221 1914 2241 non
1940 2208 2064 2240 fuciunt
2088 2210 2224 2241 mentio-

1247 2266 1320 2287 nem
1345 2255 1438 2291 fidei.
1467 2256 1554 2296 quod
1580 2255 1646 2286 fide
1669 2261 1805 2296 propter
1827 2252 1995 2284 Christum
2021 2250 2225 2292 placeamus,

1247 2299 1308 2329 sed
1333 2298 1458 2339 tingunt
1486 2300 1572 2328 hona
1595 2308 1697 2339 opern
1721 2296 1810 2327 sactu
1833 2295 2011 2326 adiuuante
2033 2293 2089 2325 illo
2112 2294 2225 2326 habitu

1249 2341 1447 2373 dilectionis.
1471 2341 1632 2372 iusticiam
1657 2350 1733 2371 esse
1757 2340 1887 2381 dig-nam
1911 2347 1997 2378 quae
2020 2347 2079 2377 per
2100 2347 2139 2369 sc
2155 2335 2226 2378 pla—

1249 2383 1419 2421 centnm,
1443 2391 1474 2414 et
1487 2385 1619 2425 dignum
1644 2390 1778 2414 aeterna
1803 2382 1881 2413 vita.
1905 2390 1967 2411 nco
1991 2391 2076 2421 opus
2099 2379 2225 2412 habere

1222 2441 1224 2461 ι
1249 2428 1430 2458 mediatore
1444 2427 1587 2458 Christo.
1622 2426 1708 2462 Quid
1723 2433 1772 2457 est
1787 2423 1850 2455 hoc
1875 2422 1976 2457 aliud.
2001 2434 2098 2464 quum
2118 2430 2225 2454 trans—

1222 2467 1225 2507 Ι
1250 2471 1337 2501 iet-re
1361 2469 1500 2511 gloriam
1523 2469 1646 2501 Christi
1669 2469 1702 2499 in
1733 2478 1834 2509 opera
1863 2473 1995 2503 nostra,
2024 2466 2112 2506 quod
2136 2466 2225 2496 vide-

1222 2514 1225 2554 }
1250 2513 1325 2544 licct
1351 2520 1484 2554 mopter
1507 2522 1610 2554 opera
1633 2518 1747 2543 nostr·
1771 2509 1974 2552 placeamus.
1999 2519 2065 2540 non
2089 2515 2225 2550 propter

1251 2557 1429 2587 christum.
1484 2556 1525 2587 At
1554 2556 1619 2587 hoc
1646 2564 1780 2596 quoque
1809 2560 1859 2583 est
1890 2551 2068 2582 detrahere
2090 2551 2225 2582 Christo

1252 2599 1390 2641 gloriam
1413 2599 1614 2636 mediatoris,
1636 2598 1691 2640 qui
1714 2603 1874 2638 perpetuo
1899 2601 1949 2626 est
1963 2595 2135 2628 mediator„
2157 2603 2224 2625 non

1251 2649 1376 2674 tantum
1404 2643 1436 2673 in
1463 2642 1626 2684 principio
1653 2639 1913 2672 iustificationis.
1949 2637 1990 2668 Bt
2018 2636 2141 2670 Paulus
2167 2638 2214 2669 ab
