2366 2958
126 187 192 221 613
473 186 510 218 n.

125 281 255 313 Ebreos
289 279 371 321 Cap.
405 280 470 322 xiij.
524 280 588 311 Per
617 280 724 319 ipsum
755 278 930 310 offeramus
959 276 1099 308 hostiam

125 323 234 356 laudis
257 333 390 364 semper
412 322 503 360 Deo,
537 328 567 352 et
592 323 681 353 addit
704 321 1032 362 interpretacionem,
1067 318 1099 349 id

127 373 197 405 est,
229 366 372 398 fluctum
406 364 567 396 labiorum
600 364 831 396 confitencium
863 363 984 394 nomini
1018 362 1098 393 eius.

127 409 219 441 lubet
232 408 351 440 offerre
373 407 502 445 laudes,
526 406 590 439 hoc
614 414 677 445 est,
700 407 954 443 inuocationem,
978 405 1100 447 gratia·

126 463 197 483 rum
221 451 396 488 actionem,
420 448 665 482 confessionem
694 456 726 481 et
756 448 884 480 similia.
932 448 1022 479 Haec
1044 456 1101 477 va-

130 493 197 526 lent
220 504 286 525 non
309 504 349 524 ex
374 503 474 534 opere
497 498 651 534 operato,
685 493 745 523 sed
770 498 904 533 propter
927 490 1041 529 fidem,
1066 488 1101 519 ld

127 544 238 568 monet
257 534 427 577 particula,
449 546 509 577 per
532 536 638 576 ipsum
650 535 838 572 offeramus,
862 533 928 564 hoc
951 542 1013 570 est,
1037 532 1102 562 fide

128 582 159 611 in
184 579 361 611 Christum.

214 630 249 661 ln
273 640 399 661 summa
413 628 521 660 cultus
544 629 621 660 noui
645 628 830 660 testamenti
849 634 899 658 est
912 625 1103 667 spiritualis,

125 673 192 704 hoc
215 679 277 709 est,
300 679 348 703 est
372 673 502 703 iusticia
527 672 603 703 fidei
628 672 660 703 in
680 671 792 709 corde,
817 676 848 701 et
868 668 995 700 fructus
1017 668 1101 698 fidei.

127 716 270 757 {deoque
292 716 432 757 abrogat
454 715 622 746 Leuiticos
651 712 773 745 cultus·
818 713 859 743 Et
882 712 1034 743 Christus
1059 712 1103 741 ait

127 759 238 790 Iohan.
263 759 319 799 iiij.
364 758 445 789 Veri
467 758 664 789 adoratores
689 755 875 787 adorabunt
907 755 1037 785 Patrem
1070 754 1101 784 in

128 801 246 843 spiritu
268 807 300 832 et
322 801 471 832 veritate.
508 799 591 830 Nam
615 804 648 830 et
661 799 757 829 Pater
780 796 864 829 tales
887 798 1024 839 quaerit,
1048 797 1102 838 qui

126 844 335 881 adorent20)
369 853 453 874 eum.
508 842 601 873 Deus
635 847 687 872 est
720 841 871 882 spiritus,
905 846 936 871 et
960 850 1019 871 eos
1048 840 1102 880 qui

127 887 269 918 adorant
292 896 377 923 eum,
399 886 431 916 in
455 885 573 925 spiritu
596 891 627 915 et
640 884 778 915 veritate.
800 889 930 924 oportet
949 883 1101 914 adorare.

128 929 220 960 llaec
242 928 414 960 sentencia
443 926 534 959 clare
557 928 689 958 damnat
719 926 891 967 opiniones
915 926 955 957 de
978 925 1102 956 sacriti-

127 972 189 1013 cijs
211 981 296 1012 quae
324 970 454 1011 fingunt
477 980 518 1001 ex
547 980 648 1010 opere
672 975 809 1010 operato
832 967 957 1005 valere,
980 967 1021 998 Et
1044 968 1101 998 do-

127 1019 192 1051 cet,
215 1014 305 1055 quod
329 1019 481 1054 oporteat
502 1013 637 1054 spiritu,
661 1012 693 1043 id
717 1018 786 1049 est,
809 1011 952 1042 motibus
975 1011 1101 1048 cordis,

126 1062 160 1088 et
182 1056 248 1087 fide
271 1057 422 1087 adorare.
458 1055 535 1087 ldeo
555 1062 588 1087 et
608 1053 793 1095 Prophetae
814 1055 970 1085 damnant
993 1054 1023 1084 in
1048 1063 1102 1085 ve·

126 1099 187 1130 teri
211 1104 410 1130 testamento
434 1098 620 1139 opinionem
643 1095 755 1138 populi
779 1098 819 1127 de
838 1107 939 1137 opere
952 1102 1102 1137 operato,

127 1147 159 1172 et
180 1142 299 1173 docent
322 1141 501 1177 iusticiam,
524 1146 557 1171 et
579 1141 746 1172 sacrificia
769 1140 923 1180 spiritus,
946 1139 1102 1170 leremiae

127 1185 181 1225 vij.
226 1183 302 1215 Non
336 1194 408 1214 sum
443 1182 576 1215 locutus
611 1193 684 1214 cum
719 1183 873 1214 Patribus
896 1182 1035 1220 vestris,
1070 1187 1103 1213 et

127 1237 192 1258 non
221 1226 375 1268 praecepi
409 1227 457 1257 eis
490 1227 523 1257 in
552 1227 603 1257 die
633 1236 698 1267 qua
726 1225 822 1256 eduxi
851 1234 911 1256 eos
942 1225 983 1255 de
1013 1231 1103 1256 terra

126 1270 284 1311 Aegypti,
307 1270 348 1300 de
370 1267 577 1300 holocaustis
606 1274 638 1299 et
665 1268 814 1298 victimis.
861 1267 928 1299 Sed
947 1267 1012 1298 hoc
1029 1277 1102 1298 ver-

127 1313 204 1344 bum
228 1312 380 1352 praecepi
403 1312 452 1342 eis
475 1311 608 1349 dicens,
630 1311 752 1341 Audite
780 1320 898 1341 vocem
921 1320 1046 1347 meam,
1071 1315 1103 1341 et

126 1364 186 1386 ero
197 1355 294 1386 vobis
306 1353 400 1385 Deus
417 1360 481 1386 etc.
516 1353 691 1389 Quomodo
714 1353 937 1384 existimemus
961 1352 1102 1384 ludaeos

126 1397 214 1429 hanc
248 1397 443 1428 concionem
477 1397 668 1437 excepisse,
708 1405 794 1437 quae
832 1395 964 1426 videtur
994 1394 1103 1436 palam

126 1449 275 1482 pugnare
298 1449 372 1470 cum
396 1438 514 1470 Moise.
559 1438 747 1470 Constabat
768 1438 854 1469 enim
877 1437 985 1469 Deum
1007 1446 1103 1479 prae·

127 1483 260 1524 cepisse
282 1481 438 1513 Patribus
472 1482 514 1513 de
543 1480 750 1512 holocaustis
780 1490 821 1511 ac
847 1480 1008 1518 victimis,
1042 1480 1103 1511 sed

126 1525 281 1556 Ieremias
304 1524 491 1565 opinionem
513 1524 554 1555 de
576 1523 751 1565 sacrificijs
770 1523 914 1561 damnat,
937 1521 1025 1554 hanc
1037 1532 1104 1554 non

127 1568 307 1599 tradiderat
319 1566 427 1604 Deus,
450 1566 606 1598 videlicet
628 1566 717 1608 quod
740 1565 787 1597 illi
810 1565 919 1597 cultus
943 1575 984 1596 ex
1003 1575 1105 1607 opere

128 1615 266 1650 operato
289 1607 461 1651 placarent
483 1619 568 1641 enm.
602 1609 705 1640 Addit
726 1614 835 1640 autem
859 1609 899 1639 de
917 1608 992 1647 fide,
1015 1608 1104 1650 quod

127 1651 193 1684 hoc
214 1652 423 1693 praeceperit
446 1651 552 1689 Deus,
575 1651 696 1683 Audite
714 1660 777 1689 me,
800 1650 865 1681 hoc
887 1657 954 1688 est,
979 1651 1104 1683 credite

127 1695 223 1733 mihi,
257 1695 345 1736 quod
369 1703 432 1736 ego
455 1695 517 1725 sim
532 1695 585 1732 ⁷¹)
614 1693 708 1725 Deus
732 1700 862 1731 vester,
892 1694 982 1735 quod
1005 1692 1104 1725 velim

127 1738 178 1768 sic
199 1739 429 1775 innotescere,
460 1747 534 1768 cum
557 1736 718 1768 misereor
747 1742 779 1767 et
802 1737 938 1774 adiuuo,
961 1746 1026 1768 nec
1047 1736 1105 1768 ha-

127 1781 223 1812 beam
246 1790 331 1820 opus
353 1780 476 1811 vestris
487 1780 641 1817 victimis,
665 1779 831 1814 confidite,
855 1779 943 1820 quod
965 1789 1030 1820 ego
1052 1789 1104 1810 ve-

127 1821 183 1854 lim
206 1832 283 1854 esse
306 1822 417 1861 Deus,
446 1822 660 1861 iustificator‚
683 1821 853 1860 saluatur,
880 1832 947 1853 non
970 1829 1106 1863 propter

127 1875 242 1907 opera,
266 1865 326 1896 sed
347 1871 483 1907 propter
506 1865 644 1896 verbum
662 1870 695 1896 et
717 1865 970 1907 promissionem
987 1874 1103 1903 meam,

127 1917 149 1939 a
177 1917 231 1939 me
257 1918 338 1939 vere
367 1913 400 1939 et
429 1917 470 1939 ex
493 1908 596 1939 corde
617 1908 737 1948 petite,
765 1914 798 1939 et
820 1914 994 1949 expectate
1016 1908 1105 1939 auxi-

129 1949 219 1982 lium.

216 2000 360 2032 Damnat
389 2001 576 2042 opinionem
605 2001 647 2033 de
670 2011 772 2043 opere
797 2007 935 2043 operato
959 2007 992 2032 et
1015 2000 1104 2033 Psal-

128 2053 201 2075 mus
223 2043 302 2074 xlix.
347 2042 410 2078 Qui
434 2043 614 2085 repudiatis
636 2044 795 2083 victimis,
817 2045 953 2085 requirit
969 2045 1104 2076 inuoca-

127 2087 259 2117 tionem.
300 2086 455 2127 Nunquid
478 2087 684 2118 manducabo
708 2096 828 2118 carnes
851 2094 1021 2118 taurorum
1040 2094 1103 2119 etc.

127 2127 250 2160 lnuoca
274 2139 325 2160 me
347 2129 380 2159 in
405 2129 457 2160 die
480 2128 702 2160 tribulationis
725 2135 820 2168 tuae,
847 2136 879 2162 et
902 2131 1036 2171 eripiam
1059 2137 1104 2168 te,

128 2176 162 2202 et
191 2171 431 2202 honorificabis
464 2180 527 2202 me.
583 2171 738 2203 Testatur
766 2171 853 2204 hanc
880 2182 957 2204 esse
991 2183 1105 2205 veram

126 2217 276 2255 λατρείαν,
290 2215 343 2253 ⁷²)
365 2213 455 2245 hunc
477 2223 555 2245 esse
577 2225 692 2246 verum
714 2215 885 2253 honorem,
905 2216 934 2246 si
952 2225 989 2247 ex
1003 2216 1105 2248 corde

127 2257 323 2289 inuocemus
344 2257 462 2297 ipsum.
497 2256 577 2288 ltem
600 2256 690 2288 Psal.
708 2259 818 2289 xxxix.
843 2258 1048 2290 Sacrificium
1073 2265 1105 2291 et

128 2298 330 2331 oblationem
352 2298 498 2338 noluisti,
521 2300 629 2331 Aures
652 2307 760 2332 autem
777 2302 935 2343 aperuisti
959 2302 1047 2340 mihi,
1071 2302 1104 2333 id

127 2348 192 2380 est,
215 2343 353 2374 verbum
375 2343 452 2374 mihi
475 2343 689 2383 proposuisti,
713 2344 800 2385 quod
822 2344 978 2380 audirem,
1002 2352 1034 2376 et
1052 2354 1104 2376 re-

128 2385 244 2426 quiriS,
265 2390 301 2416 vt
323 2385 457 2417 credam
469 2387 572 2417 verbo
594 2392 662 2426 tuo,
685 2391 719 2418 et
730 2387 1005 2428 promissionibus
1023 2389 1101 2426 tuis,

127 2547 173 2578 70)
193 2547 313 2578 adorent]
330 2546 380 2572 Ed.
399 2548 439 2572 3.:
457 2548 569 2572 adorant

126 2589 174 2621 71)
193 2589 252 2621 sim]
272 2589 321 2614 Ed.
340 2591 381 2614 4.:
398 2598 454 2615 num

127 2632 175 2663 72)
193 2631 340 2665 lutetiam]
361 2632 410 2657 Ed.
430 2633 454 2657 3.
474 2637 524 2666 typ.
545 2641 607 2658 ειν-,ι
628 2632 769 2665 impetur.

555 185 782 218 APOLOGIA
810 182 1129 216 CONFESSIONIS
1150 182 1462 217 AUGUSTANAE.
1505 184 1546 219 B.
1591 185 1781 218 ALTERA.

2063 186 2128 219 614

1153 277 1242 317 quod
1260 287 1337 309 vere
1355 277 1436 309 velis
1460 279 1618 312 misereri.
1643 279 1795 319 opitulari
1815 285 1878 311 etc.
1910 279 1988 310 Item
2003 278 2127 311 Psa1.1.

1155 318 1364 351 Holocaustis
1390 331 1453 351 non
1479 321 1707 353 delectaberis,
1749 322 1952 353 Sacrificium
1971 321 2042 353 Deo
2065 322 2129 363 spi·

1156 362 1237 392 ritus
1269 362 1525 402 contribulatus,
1561 375 1620 395 cor
1660 365 1833 396 contritum
1862 371 1893 395 et
1924 363 2127 396 humiliatum

1156 403 1248 434 Deus
1272 415 1337 435 non
1362 406 1534 446 despicies.
1570 407 1649 438 ltem
1673 406 1762 438 Psal.
1788 407 1904 448 iiij.‘¹³)
1934 407 2128 438 Sacrilicate

1156 447 1353 478 sacrificium
1375 449 1537 487 insuetae,
1569 456 1599 480 et
1622 456 1754 491 sperate
1781 451 1812 481 in
1837 449 1988 481 Domino,
2035 450 2128 480 lubet

1156 499 1306 529 sperare,
1331 496 1362 520 et
1385 491 1460 522 dicit
1489 492 1520 521 id
1545 502 1620 523 esse
1652 494 1772 524 iustum
1796 493 2004 530 sacrificium,
2027 492 2127 533 signi-

1156 531 1262 562 ficans
1286 540 1418 563 caetera
1438 535 1601 565 sacrificia
1625 545 1689 566 non
1715 545 1790 566 esse
1807 545 1896 572 vera,
1916 542 1947 566 et
1972 535 2057 566 iusta
2075 544 2127 565 sa·

1157 574 1292 605 crificia.
1338 574 1377 605 Et
1402 575 1523 607 psalm.
1547 588 1622 608 cxv.
1670 578 1874 609 Sat-rilicabo
1893 577 2034 608 hostiam
2058 576 2128 608 lau-

1157 617 1273 654 dis,-et
1298 627 1416 648 nomen
1441 617 1570 649 Domini
1595 621 1768 651 inuocabu.
1817 620 1925 651 Vocat
1949 620 2128 651 inuocatio-

1156 670 1230 690 nem
1253 659 1391 691 hostiani
1416 659 1540 698 laudis,
1575 661 1641 693 Sed
1672 661 1769 702 plena
1797 668 1847 693 est
1871 663 2036 702 scriptura
2061 661 2128 693 tali-

1156 703 1217 733 bus
1245 703 1443 743 testimonijs
1477 714 1563 745 quae
1600 705 1738 742 (locent,
1772 705 1860 744 quod
1894 704 2058 736 sacrificia
2088 715 2129 735 ex

1155 755 1257 786 opere
1280 752 1418 786 operato
1449 756 1514 777 non
1539 747 1754 778 reconcilient
1777 747 1902 785 Deum,
1927 749 2072 788 ldeoque
2095 747 2128 778 in

1154 798 1243 819 nouo
1266 793 1468 820 testamento
1491 790 1661 830 abrogatis
1686 789 1828 821 cultibus
1851 789 2008 821 Leuiticis
2032 790 2130 821 docet

1154 829 1242 869 fore,
1277 838 1312 862 vt
1338 842 1426 862 noua
1450 838 1482 863 et
1503 833 1623 863 munda
1647 832 1812 863 sacrificia
1838 833 1932 869 fiant,
1963 831 2130 870 videlicet,

1155 873 1250 911 fides,
1272 874 1450 907 inuocatio,
1474 876 1767 916 gratiarumactio,
1787 874 1967 913 consessio,
1990 882 2022 906 et
2035 885 2130 916 prae·

1155 916 1275 948 dicatio
1299 915 1487 959 Euangelij,
1509 917 1710 949 afflictiones
1742 924 1875 959 propter
1898 917 2129 960 Euangelium,

1154 965 1186 990 et
1209 958 1335 990 similia.

1240 1009 1281 1041 Et
1311 1011 1351 1041 de
1381 1010 1433 1042 his
1467 1011 1710 1053 sacrificijs⁷⁴j
1750 1010 1895 1052 loquitur
1933 1010 2130 1042 Malachias.

1153 1052 1206 1083 Ab
1231 1058 1305 1084 ortu
1328 1051 1410 1084 solis
1435 1063 1541 1095 vsque
1561 1055 1604 1085 ad
1628 1063 1798 1091 occasum,
1821 1063 1974 1096 magnum
1999 1060 2049 1085 est
2073 1064 2131 1086 no·
2154 1078 2159 1083 .

1153 1105 1228 1126 men
1253 1106 1358 1127 meum
1381 1097 1413 1127 in
1437 1097 1611 1138 gentibus,
1644 1103 1675 1127 et
1698 1097 1730 1127 in
1750 1097 1836 1127 omni
1860 1097 1937 1128 loco
1960 1097 2131 1129 incensum

1153 1137 1290 1169 offertur
1311 1139 1433 1170 nomini
1456 1150 1546 1177 mco,
1575 1145 1608 1170 et
1636 1138 1760 1170 oblatio
1790 1139 1920 1170 munda.
1967 1139 2063 1170 Hunc
2085 1138 2131 1170 lo-

1155 1191 1228 1212 cum
1252 1181 1449 1223 detorquent
1472 1183 1654 1221 aduersarij
1685 1182 1727 1212 ad
1750 1181 1906 1220 Missam,
1930 1187 1962 1213 et
1984 1180 2133 1224 allegant

1154 1224 1361 1255 autoritatem
1392 1225 1537 1256 Patrum.
1582 1223 1703 1256 Facilis
1733 1231 1783 1255 est
1812 1230 1920 1255 autem
1947 1225 2132 1265 responsio,

1154 1266 1242 1307 quod
1269 1272 1305 1297 vt
1328 1268 1470 1298 maxime
1491 1267 1682 1308 loqueretur
1705 1267 1746 1297 de
1768 1266 1892 1305 Missa,
1919 1277 1986 1298 non
2014 1276 2134 1309 sequa·

1154 1316 1226 1346 tur,
1241 1310 1292 1345 ⁷⁵)
1324 1309 1462 1341 Missam
1486 1320 1527 1341 ex
1552 1319 1654 1350 opere
1683 1316 1819 1350 operato
1843 1310 2042 1347 iustificare,
2077 1315 2134 1342 aut

1153 1350 1353 1392 applicatam
1371 1351 1448 1393 alijs
1472 1353 1590 1384 mereri
1604 1353 1831 1384 remissionem
1844 1358 2057 1392 peccatorum
2070 1359 2133 1384 etc.

1155 1393 1241 1425 Nihil
1263 1393 1380 1426 horum
1403 1395 1483 1427 dicit
1506 1394 1691 1435 Propheta,
1724 1405 1809 1437 quae
1831 1394 1990 1427 Monachi
2013 1401 2046 1427 et
2069 1395 2132 1428 So·

1154 1436 1295 1477 phistae,
1319 1436 1539 1479 impudenter*
1549 1437 1723 1480 affingunt.

1241 1487 1419 1520 Caeterum
1446 1490 1520 1530 ipsa
1542 1488 1728 1531 Prophetae
1755 1490 1860 1520 verba
1888 1488 2033 1521 offerunt
2056 1498 2133 1522 sen-

1155 1530 1304 1562 tenciam.
1356 1531 1501 1563 Primum
1532 1533 1617 1563 enim
1646 1530 1712 1562 hoc
1740 1538 1948 1573 proponunt,
1977 1542 2134 1573 magnum

1127 1569 1132 1629 Ι
1154 1572 1228 1605 sore
1250 1583 1370 1605 nomen
1389 1573 1533 1613 Domini,
1555 1575 1592 1605 ld
1616 1574 1652 1606 fit
1664 1585 1723 1615 per
1735 1575 2015 1615 praedicationem
2027 1575 2135 1606 Euan-

1155 1626 1178 1658 g

1181 1615 1245 1658 elij.
1292 1616 1356 1647 Per
1379 1616 1467 1648 hanc
1490 1617 1575 1649 enim
1599 1618 1775 1648 innotescit
1798 1628 1920 1648 nomen
1943 1617 2078 1655 Christi,
2101 1624 2135 1649 et

1155 1659 1384 1691 misericordia
1412 1661 1518 1701 patris
1544 1661 1578 1691 in
1606 1659 1737 1691 Christo
1766 1660 1932 1701 promissa
1960 1661 2135 1702 cognosci—

1156 1707 1219 1733 tur.
1265 1701 1473 1734 Praedicatio
1496 1701 1669 1744 Euangelij
1695 1703 1777 1744 parit
1801 1703 1897 1734 fidem
1921 1703 1954 1733 in
1983 1702 2055 1741 his,
2080 1703 2136 1745 qui

1156 1745 1316 1786 recipiunt
1338 1744 1569 1787 Euangelium,
1593 1746 1633 1776 Hi
1656 1747 1812 1777 inuocant
1831 1745 1950 1783 Deum,
1974 1746 2007 1777 hi
2031 1751 2136 1788 agunt

1155 1786 1230 1818 Deo
1255 1787 1391 1829 gratias,
1414 1788 1448 1819 hi
1471 1787 1615 1820 tolerant
1634 1786 1837 1820 afflictiones
1861 1789 1892 1819 in
1908 1788 2136 1827 confessione,

1156 1829 1188 1861 hi
1211 1831 1296 1861 bene
1319 1836 1498 1872 operantur
1520 1837 1656 1872 propter
1685 1830 1825 1873 gloriam
1850 1830 1983 1862 Christi.
2028 1831 2076 1863 lta
2100 1831 2135 1863 fit

1156 1882 1310 1914 magnum
1343 1883 1462 1904 nomen
1491 1872 1624 1904 Domini
1658 1875 1690 1905 in
1721 1874 1886 1916 gentibus.
1955 1873 2134 1906 incensum

1156 1915 1255 1958 igitur
1278 1921 1310 1947 et
1333 1914 1455 1947 oblatio
1479 1916 1610 1956 munda,
1633 1917 1820 1959 significant
1833 1927 1899 1948 non
1913 1917 2132 1948 ceremoniam

1155 1967 1199 1989 ex
1222 1968 1324 2000 opere
1348 1966 1504 2000 operato,
1538 1959 1598 1999 sed
1633 1960 1744 1991 omnia
1773 1958 1827 1990 illa
1857 1958 2042 1997 sacrificia,
2074 1970 2134 2001 per

1155 2011 1241 2042 quae
1265 2000 1300 2032 fit
1322 2011 1477 2043 magnum
1500 2011 1620 2032 nomen
1636 2001 1780 2040 Domini,
1804 2001 1932 2033 scilicet
1955 2001 2064 2041 fldem,
2088 2003 2136 2033 in·

1155 2044 1382 2082 uocationem,
1415 2045 1695 2085 praedicationem
1717 2043 1911 2087 Euangelij,
1946 2043 2134 2077 confessio·

1156 2096 1231 2117 nem
1254 2092 1318 2118 etc.
1354 2086 1396 2118 Et
1420 2086 1518 2119 facile
1541 2088 1694 2129 patimur,
1717 2088 1746 2119 si
1769 2090 1842 2129 quis
1865 2086 1919 2119 hic
1942 2086 2021 2119 velit
2045 2098 2133 2119 com-

1156 2128 1256 2170 plecti
1281 2130 1511 2164 ceremoniam,
1535 2131 1633 2162 modo
1656 2140 1763 2172 neque
1785 2129 1945 2171 intelligat
1959 2129 2066 2161 solam
2081 2140 2133 2162 ce·

1156 2172 1349 2211 remouiam,
1372 2183 1480 2214 neque
1503 2173 1621 2205 doceat
1646 2174 1863 2205 ceremoniam
1888 2183 1929 2204 ex
1943 2183 2044 2214 opere
2057 2183 2134 2214 ope-

1155 2221 1228 2246 rato
1251 2215 1424 2256 prodesse.
1477 2215 1570 2248 Sicut
1600 2217 1685 2247 enim
1708 2217 1792 2247 inter
1819 2215 1983 2247 sacrificia
2013 2215 2133 2254 laudis,

1155 2256 1220 2289 hoc
1243 2263 1312 2296 est,
1341 2259 1427 2290 inter
1455 2257 1573 2290 laudes
1595 2258 1659 2290 Dei
1689 2257 1938 2300 complectimur
1959 2259 2131 2299 praedica-

1157 2301 1277 2332 tionem
1301 2302 1412 2340 verbi,
1443 2301 1488 2333 ita
1511 2301 1586 2333 laus
1608 2311 1685 2333 esse
1709 2308 1836 2342 potest,
1866 2311 1928 2333 seu
1951 2302 2133 2342 gratiarum

1155 2344 1259 2381 actio,
1294 2344 1366 2385 ipsa
1401 2345 1542 2385 sumptio
1577 2354 1704 2376 coenae
1733 2344 1881 2382 Domini,
1918 2344 1978 2375 sed
2002 2354 2068 2375 non
2091 2354 2132 2375 ex

1156 2397 1258 2428 opere
1285 2392 1424 2428 operato
1451 2387 1653 2425 iustificans,
1682 2393 1738 2419 aut
1758 2386 1953 2429 applicanda
1975 2385 2072 2428 alijs,
2097 2391 2133 2418 vt

1155 2550 1202 2578 73]
1221 2550 1292 2575 Psal.
1312 2550 1372 2582 iiij.]
1390 2550 1438 2575 Ed.
1458 2549 1498 2574 3.:
1517 2549 1620 2573 Psalmo
1640 2554 1741 2580 quarto.

1154 2594 1200 2625 74)
1218 2593 1363 2625 sacrificijs]
1383 2594 1430 2616 Ed.
1449 2594 1474 2617 4.
1493 2596 1545 2625 typ.
1564 2601 1627 2617 ertu:
1646 2593 1769 2617 sacrifici:

1154 2636 1200 2667 75)
1219 2635 1361 2667 παχῦναι-,Ι
1380 2636 1428 2660 Ed.
1447 2636 1486 2660 3.:
1504 2639 1682 2667 consequntur.

1865 2687 1921 2711 ³9·
