2366 2958
112 208 136 240 5
602 204 626 237 l.
671 203 956 237 CONFUTATIO
980 204 1298 240 CONFESSIONIS
1323 207 1641 242 AUGUSTANAE.
2106 212 2130 244 6

114 303 284 337 doceretur,
307 301 345 331 ad
368 300 444 331 haec
462 301 560 339 magis
578 310 614 329 se
638 300 766 330 duxisse
785 300 856 330 illos
879 301 996 330 abusus
1019 302 1178 341 attingere,
1202 303 1253 341 qui
1273 304 1340 332 suis
1359 305 1556 334 conscientiis
1576 305 1658 334 oneri
1682 308 1805 340 essent,
1837 315 1924 344 quam
1950 306 2000 345 qui
2021 305 2127 336 haere-

114 349 182 376 rent
200 346 229 375 in
247 345 386 375 moribus
406 343 703 373 Ecclesiasticorum.
748 343 854 383 ltaque
873 354 911 374 ne
935 344 1106 374 viderentur
1125 344 1183 373 hoc
1201 347 1354 384 negotium
1377 348 1568 382 exacerbare,
1587 348 1643 377 sed
1668 358 1735 377 cum
1765 348 1865 377 debita
1893 349 2125 379 mausuetudine

114 399 216 429 agere,
241 392 271 418 et
289 392 322 418 ut
340 388 477 427 insignes
496 387 678 417 mutationes
698 390 729 416 et
751 397 863 417 causae
889 387 1085 418 mutationum
1110 387 1221 417 clarius
1241 390 1373 428 perspici
1402 394 1545 428 possent,
1571 401 1607 420 se
1632 401 1739 420 cavere
1765 390 1918 426 voluisse,
1948 402 1986 421 ne
2009 392 2126 431 prolixa

114 432 252 462 recitatio
271 430 457 470 singulorum
480 430 629 460 abusuum
648 430 696 460 vel
716 430 883 459 offenderet
903 431 1037 465 animos,
1056 430 1105 460 vel
1131 431 1307 461 obscuraret
1333 442 1474 464 causam:
1510 437 1639 463 attamen
1674 444 1712 463 se
1744 434 1886 473 profiteri,
1921 445 1975 473 per
1999 436 2125 465 candem

116 475 342 506 confessionem
361 473 523 503 exhibitam
543 483 649 503 omnes
669 474 800 502 incertas
820 477 851 503 et
869 473 978 512 impias
997 473 1149 503 doctrinas
1176 478 1206 503 et
1229 474 1360 509 abusus,
1387 477 1438 514 qui
1463 481 1628 515 pugnarent
1652 487 1719 506 cum
1743 476 1878 506 articulis
1905 481 1934 506 et
1958 479 2124 508 rationibus

114 517 308 549 articulorum
324 516 480 551 exhibitis,
500 517 537 546 ab
557 517 634 556 ipsis
653 516 820 556 improbari.
867 515 970 552 Quare
994 526 1031 546 se
1055 527 1114 546 non
1138 517 1270 546 arbitrari
1295 528 1373 556 opus
1392 528 1482 555 esse,
1510 523 1543 549 ut
1566 519 1669 558 plures
1694 520 1838 549 articulos
1868 525 2069 560 proponerent
2080 522 2124 559 *).

113 560 183 591 Hoc
200 569 381 600 responsum
400 559 570 599 Principum
590 559 827 589 Lutheranorum
847 559 874 589 d.
900 561 946 601 10.
967 557 1034 589 lulii
1053 560 1165 594 datum,
1189 561 1226 590 ab
1246 559 1427 600 Imperatore
1453 566 1483 591 et
1508 561 1674 592 Ordinibus
1703 563 1861 593 catholicis
1888 562 2005 603 lmperii
2032 564 2122 594 bene·

115 603 186 634 vole
205 607 255 634 est
271 607 428 642 acceptum
451 607 606 643 ratumque
628 603 770 633 habitum.

272 645 351 675 Dum
372 646 448 677 haec
465 646 640 685 agebantur,
658 645 793 685 theologi
817 644 956 675 catholici
975 645 1362 692 trepidabantbsudabant,
1389 648 1618 684 concurrebant,
1643 659 1751 688 operas
1777 653 1809 678 et
1835 649 1962 679 consilia
1987 650 2122 680 confere-

116 689 199 723 bant,
217 693 251 719 ut
269 699 391 719 causam
411 689 566 719 doctrinae
582 698 659 718 suae
676 692 831 718 tuerentur
849 692 880 718 et
898 687 1134 719 confessionem
1153 690 1361 728 Augustanam
1380 690 1562 725 refellerent,
1583 702 1642 730 quo
1655 692 1755 721 studio
1775 692 1891 731 plurimi
1906 693 1946 721 ita
1964 693 2118 728 ardebant,

115 736 150 763 ut
171 731 256 768 nihil,
281 733 363 772 quod
381 732 419 762 ad
438 732 623 763 concordiam
642 732 839 765 revocandam
862 735 1023 771 spectaret,
1043 731 1243 767 admitterent,
1263 736 1354 772 atque
1372 733 1508 764 lenitatis
1527 735 1674 774 pacisque
1692 739 1838 769 amantes,
1860 740 1891 765 ut
1903 735 2119 775 Mensingium,

115 785 134 805 a
157 777 356 805 conventibus
375 779 406 805 et
428 775 565 805 consiliis
584 775 652 805 suis
675 774 878 804 excluderent.
891 776 945 814 ”J

273 819 456 856 Confutatio
479 819 517 848 ab
540 818 588 847 his
607 817 761 857 theologis
784 819 910 857 primum
934 818 1030 847 latine
1049 819 1220 857 conscripta
1239 822 1269 848 et
1290 820 1371 848 varie
1395 823 1565 853 retractata,
1587 820 1698 849 deinde
1717 821 1746 849 in
1765 822 1971 859 yermanicam
1989 821 2122 860 linguam

115 861 266 892 translata
287 866 319 892 et
336 863 383 891 sic
401 862 521 891 tandem
544 863 720 901 yernzanice
743 861 792 890 die
812 863 840 891 3.
858 862 993 900 Augusti
1013 871 1112 890 coram
1136 862 1278 891 omnihus
1299 861 1492 902 Principibus
1511 863 1703 902 reliquisque
1721 862 1840 903 Imperii
1860 864 2026 895 Ordinibus
2051 866 2125 894 reci-

114 908 179 934 tata
200 909 258 935 est.
302 903 427 934 Praeter
445 905 522 934 hanc
540 907 640 934 autem
659 904 865 944 Imperatoris
883 906 969 934 iussu
988 905 1235 939 consarcinatam,
1256 904 1365 934 eodem
1385 906 1449 935 sere
1471 910 1607 946 tempore
1630 908 1795 946 seriusque
1807 907 1885 936 aliae
1910 917 2034 947 quoque
2046 906 2129 938 Con·

115 947 280 978 futationes
299 948 449 986 privatim
467 948 657 987 conscriptae
678 951 763 982 sunt,
787 948 825 977 de
848 948 959 986 quibus
979 947 1119 977 omuibus
1140 958 1219 977 nunc
1237 949 1407 978 accuratius
1427 949 1575 979 dicemus.

1096 1096 1145 1134 A.

150 1176 505 1218 CONFUTATH)
536 1175 918 1215 IMPERATORIS
949 1176 1105 1216 IUSSU
1143 1176 1349 1216 LATINE
1378 1176 1447 1216 ET
1485 1176 1820 1216 GERMANICE
1849 1178 2093 1218 SCRIPTA.

1103 1279 1136 1302 a.

850 1337 1018 1368 LATlNA
1042 1336 1337 1370 CONFUTATIO.

793 1443 816 1468 l.
860 1439 995 1469 Prima
1015 1441 1189 1477 formula
1212 1439 1447 1473 Consutationis.

265 1521 416 1561 Theologi
452 1522 592 1552 catholici
617 1522 654 1552 ab
685 1521 868 1561 imperatore
897 1522 936 1552 ad
963 1519 1203 1552 Consessionem
1232 1521 1473 1553 Lutheranorum
1503 1524 1730 1553 examinandam
1754 1528 1785 1553 et
1808 1523 2006 1554 refellendam
2036 1524 2128 1555 electi

111 1566 300 1607 pomiserant
329 1565 451 1604 quidem
480 1575 516 1595 se
540 1567 615 1595 intra
632 1565 763 1596 triduum
787 1565 1024 1595 confutationem
1044 1575 1131 1595 suam
1160 1565 1349 1596 exhibituros
1373 1575 1463 1600 esse,
1493 1567 1552 1596 sed
1575 1566 1634 1596 hoc
1663 1567 1845 1606 promissum
1877 1577 1933 1597 non
1959 1572 2126 1598 servarunt.

110 1609 161 1639 Ab
183 1608 236 1639 illo
255 1609 362 1640 iterum
382 1609 551 1648 iterumque
575 1610 695 1639 excitati
719 1609 840 1638 tandem
859 1609 889 1640 d.
911 1611 940 1638 8.
961 1607 1029 1638 lulii
1053 1618 1132 1648 opus
1158 1619 1247 1639 suum
1273 1611 1534 1644 consarcinarunt,
1563 1620 1623 1649 quo
1653 1610 1716 1639 sere
1743 1611 1803 1639 280
1835 1610 1907 1640 solia
1931 1611 2129 1641 commacula-

109 1656 229 1689 verant,
253 1656 285 1681 et
317 1652 462 1690 postridie
491 1652 520 1681 in
551 1662 641 1682 unum
668 1656 847 1691 congestum
874 1653 1095 1682 transscribere
1120 1656 1287 1691 coepemnt
1298 1654 1378 1690 ***).
1425 1652 1492 1682 Hoc
1520 1653 1549 1683 d.
1577 1655 1625 1683 13.
1649 1652 1714 1682 lulli
1734 1663 1801 1682 cum
1825 1663 1932 1683 acervo
1956 1653 2125 1684 libellorum

109 1693 277 1726 Lutherum
298 1695 427 1733 eiusque
447 1695 612 1725 doctrinam
635 1696 748 1734 ineptis
772 1695 1029 1725 criminationibus
1053 1696 1241 1725 obruentium
1253 1698 1287 1735 †)
1310 1697 1486 1735 Imperatori
1510 1696 1685 1726 obtulerunt
1696 1698 1761 1735 ††).

219 1816 247 1848 ⁸)
271 1815 323 1841 Hoc
347 1815 489 1846 Principum
514 1816 717 1841 Lutheranorum
740 1822 895 1846 responsum
919 1817 974 1842 sine
1002 1817 1079 1842 dubio
1103 1817 1252 1847 germanice
1276 1818 1396 1849 seriptum
1421 1817 1549 1848 integrum
1575 1817 1710 1843 exhibetur
1733 1818 1757 1843 in
1781 1818 1857 1843 huius
1878 1818 1951 1849 Corp.
1977 1819 2029 1844 Vol.
2052 1819 2085 1843 Π.
2106 1825 2131 1850 p.

267 1850 315 1873 184
334 1856 372 1882 sq.
391 1850 498 1881 aliisque
519 1850 590 1875 libris
610 1851 644 1876 ibi
662 1857 685 1881 p.
707 1851 763 1874 183.
783 1850 903 1877 laudatis.

206 1893 248 1925 ’ἢ
267 1893 329 1919 Vide
348 1893 485 1919 Lutheri
505 1893 564 1924 opp.
583 1893 623 1918 ed.
642 1894 742 1919 Alieni).
760 1894 785 1919 T.
803 1894 829 1919 V.
848 1900 871 1925 p.
894 1894 941 1918 158
960 1897 1023 1920 extr.
1043 1897 1068 1919 et
1089 1894 1146 1918 159.

190 1936 247 1968 m)
266 1936 327 1963 Vide
347 1937 513 1991 Spglatini
533 1936 644 1962 Annales
662 1943 685 1968 p.
707 1937 764 1995 lig.
785 1938 810 1961 et
828 1937 959 1962 Lutheri
979 1938 1039 1979 ⁰⁹⁰:
1059 1936 1102 1993 Ed..
1124 1937 1222 1977 ¹alieni).
1246 1938 1261 1962 l.
1281 1937 1297 1962 l.
1316 1944 1339 1987 p).
1362 1937 1410 1961 160
1428 1941 1492 1963 extr.
1512 1951 1543 1956 —
1570 1938 1633 1963 lob.
1653 1938 1852 1977 ‘Malliesiust
1867 1939 1891 1963 in
1917 1938 1932 1963 l.
1957 1937 2060 1978 historic
2078 1944 2127 1978 ren

267 1968 459 2035 Teffi1·1‹13¹‘31}{÷
477 1969 1196 2037 {izigziiiiriumzitss5:''5:223335‘303512zmit
1211 1972 1275 2031 ¹133?
1279 1973 1358 2038 &5239
1367 1972 1478 2038 ἷοξηῗῖζ
1495 1973 1703 2032 Salinsai?
1714 1973 1992 2039 „533‘335r‘ss3’1ni22i55
2011 1977 2127 2032 ῑῖἱξρῗὲῐ

268 2041 310 2064 bes
329 2039 498 2071 §tumentem
517 2039 569 2071 jbre
589 2038 733 2071 &mrifftenl
753 2040 798 2065 mit
821 2040 897 2065 tinem
916 2039 1047 2073 ίῐεῆίίάμῐι
1074 2039 1171 2071 lyuuffen
1193 2039 1416 2072 &ebmdlybudierm
1435 2041 1472 2066 rie
1492 2039 1520 2071 lie
1541 2042 1587 2066 snb
1607 2042 1694 2066 nubere
1713 2041 1748 2073 ire
1773 2041 1905 2067 &laubias
1932 2041 2054 2072 qtnufien,
2080 2042 2127 2074 cufi

269 2071 341 2098 mon.
363 2072 467 2104 Quibus
486 2072 622 2105 &dyrifften
643 2074 725 2105 butten
745 2074 881 2108 gufnmnien
901 2074 1040 2108 genuerat.
1077 2074 1143 2100 {lion
1162 2075 1205 2100 mil
1223 2073 1310 2107 fagea,
1329 2079 1355 2100 ro
1375 2074 1419 2106 foll
1439 2074 1483 2104 inst
1503 2076 1528 2100 in
1548 2076 1599 2100 300
1617 2075 1721 2101 ffildtter
1741 2074 1845 2108 gemitu
1865 2075 1938 2104 itin.u
1959 2080 2005 2102 etc.

221 2116 253 2149 †)
272 2117 300 2142 lli
319 2117 399 2142 libelli
418 2123 469 2142 una
488 2123 545 2143 cum
565 2118 744 2144 contutatione
763 2118 913 2148 imperatori
932 2119 1011 2145 oblati
1030 2119 1175 2144 babuerunt
1194 2119 1272 2144 hosce
1296 2119 1397 2144 titulos:
1423 2119 1450 2150 1)
1470 2119 1686 2149 Antiloqiarnm,
1710 2119 1764 2145 noc
1785 2121 1842 2150 est,
1867 2119 2124 2146 contradictionum

268 2152 302 2178 M.
320 2152 437 2177 humeri
454 2152 634 2183 Babylonica,
652 2159 689 2178 ea:
707 2152 831 2179 eiusdem
848 2155 1002 2184 Apostatae
1021 2153 1114 2184 libris,
1130 2159 1183 2184 per
1208 2155 1357 2179 Doctorem
1381 2154 1531 2179 Iohannem
1556 2154 1641 2179 Fabri
1664 2156 1808 2185 excerpta.
1845 2155 1928 2184 {Hunc
1949 2155 2041 2180 librum
2065 2161 2124 2180 von

270 2185 326 2211 der
343 2186 443 2211 Hardt
462 2187 486 2211 in
504 2188 616 2217 Aaeoyr.
635 2187 714 2214 Lolli.
733 2189 761 2213 el
778 2189 867 2214 coael.
886 2189 912 2213 T.
931 2188 963 2212 11.
982 2195 1006 2219 p.
1028 2188 1085 2212 163.
1106 2188 1143 2214 slc
1160 2192 1290 2214 recenset:
1309 2188 1512 2219 ..intiloqiarum
1530 2188 1650 2214 ‚llarlini
1664 2189 1781 2215 Lumeri
1798 2188 1967 2220 Babylonia,
1992 2195 2029 2214 eJ:
2051 2189 2124 2215 eius-

266 2219 328 2246 dem
346 2220 426 2246 libris
441 2227 495 2251 per
513 2221 702 2247 afferendum
720 2222 836 2248 Patrem
854 2224 882 2248 et
898 2223 951 2249 Du.
971 2224 1003 2250 D.
1022 2223 1173 2249 Iohannem
1190 2223 1283 2253 Fabri,
1304 2224 1473 2254 Episcopum
1494 2223 1672 2251 Viennensem.
1691 2229 1710 2248 a
1723 2223 1852 2249 Consiliis
1870 2225 1897 2248 el
1914 2224 2031 2249 secretis
2048 2226 2124 2250 Sere-

266 2255 376 2281 nissimi
393 2256 474 2286 lienis
494 2256 633 2286 Unyariae
650 2258 679 2281 el
700 2257 848 2283 Bonemiae
871 2259 1015 2289 ezcerpta.
1053 2259 1120 2283 cam
1141 2258 1325 2289 praefatione
1348 2258 1405 2284 loli.
1430 2257 1581 2283 Rombercn
1604 2264 1624 2283 a
1647 2259 1749 2288 Kirspe
1772 2258 1900 2288 Theoloqi
1922 2260 1950 2283 et
1972 2257 2124 2285 Praedica-

269 2290 349 2315 toris-
370 2290 500 2316 Coloniae
520 2291 592 2314 1530.
613 2290 650 2314 8⁰.
670 2304 702 2308 —
721 2292 782 2316 Cum
802 2292 955 2323 quibusdam
975 2292 1124 2322 Staphyli
1143 2296 1167 2317 et
1193 2292 1332 2317 Lindani
1358 2293 1460 2323 scripti<
1484 2293 1635 2317 coniunctus
1659 2293 1698 2317 liic
1723 2293 1786 2318 liber
1811 2292 1896 2317 denuo
1915 2293 1999 2317 editus
2018 2295 2057 2317 est
2078 2294 2125 2319 Co-

269 2323 363 2350 loniae
382 2325 456 2349 1579.
477 2325 514 2353 8⁰,
533 2325 590 2349 vide
609 2325 772 2351 Fenerlini
790 2325 906 2352 Biblioth.
925 2327 1007 2357 symb.
1031 2327 1065 2350 ΙΙ.
1084 2333 1108 2358 p.
1126 2326 1170 2350 93.
1195 2333 1232 2352 nr.
1258 2327 1346 2357 1143..
1370 2327 1414 2352 ubi
1437 2333 1451 2351 a
1476 2327 1657 2352 Riederero
1687 2326 1857 2358 recensetur.l
1896 2327 1925 2357 2)
1945 2328 2080 2353 Haereses
2099 2329 2128 2353 et

268 2364 382 2385 errores
408 2365 446 2385 ez·
474 2358 594 2385 diversis
623 2361 657 2386 M.
682 2359 798 2386 Lutneri
820 2360 900 2387 libris
923 2361 954 2387 in
975 2366 1062 2387 urmm
1085 2361 1203 2388 collecti.
1240 2361 1270 2393 3)
1297 2362 1432 2387 Haereses
1460 2361 1488 2386 in
1512 2361 1609 2387 Sacris
1634 2362 1764 2387 conciliis
1787 2363 1872 2387 antea
1890 2360 2056 2393 damnatae,
2072 2368 2126 2392 per

268 2393 448 2420 Lutlterarws
465 2394 569 2420 iterum
585 2394 622 2419 ab
639 2394 742 2425 alferis
759 2394 901 2422 reductae.
937 2395 968 2427 4)
987 2397 1122 2422 Haereses
1139 2398 1167 2422 et
1183 2401 1297 2422 errores
1314 2397 1348 2422 Ji.
1367 2396 1483 2423 littaei-i
1494 2402 1549 2426 per
1566 2396 1682 2422 Leonem
1701 2396 1864 2426 Pontificem
1881 2397 1948 2422 ante
1965 2395 2127 2422 decennium

267 2426 404 2455 danmatt.
432 2428 461 2459 5)
480 2429 616 2455 Haereses
633 2430 663 2454 et
678 2434 791 2455 errores
808 2431 842 2456 All.
859 2430 976 2457 humeri
993 2431 1076 2461 [ante
1092 2431 1283 2462 septennium]
1299 2437 1351 2461 per
1369 2431 1584 2457 universitatem
1595 2431 1784 2456 Pas-islensem
1802 2430 1987 2457 condemnati.
2016 2433 2044 2458 6)
2060 2432 2125 2457 con-

269 2461 411 2489 demnatio
429 2463 588 2489 facultatis
607 2463 786 2494 Theoloaicae
802 2464 991 2492 lovaniensis.
1029 2466 1058 2495 7)
1078 2466 1203 2496 Epilome
1219 2465 1331 2495 aliquo!
1347 2466 1506 2491 haeresium
1530 2467 1558 2491 et
1580 2470 1710 2490 errorum
1735 2467 1768 2491 Ji.
1793 2465 1914 2492 Lntlceri.
1951 2466 1979 2495 8)
1999 2467 2128 2491 Monstra

268 2499 412 2523 sectarum
436 2503 474 2523 ez·
495 2498 618 2524 Lalltero
639 2500 668 2524 et
689 2498 859 2525 Lutlneranis
885 2501 979 2526 enata.
1015 2499 1044 2531 9)
1067 2499 1223 2526 ιηιΙιει-απί
1243 2500 1387 2531 Evanyelii
1408 2499 1607 2526 abominabiles
1631 2501 1659 2525 el
1686 2499 1838 2530 perniciosi
1860 2501 1889 2525 et
1915 2500 2127 2525 damnatissimi

267 2531 396 2562 fructus.
414 2545 448 2550 —
466 2533 508 2558 Sic
526 2533 592 2558 tituli
610 2533 717 2558 istorum
738 2533 883 2558 libellorum
902 2534 1056 2560 exhibentur
1081 2535 1105 2560 in
1131 2534 1231 2560 Luthe
1241 2536 1267 2560 ri
1291 2535 1353 2565 opp.
1373 2535 1390 2560 l.
1411 2535 1427 2560 l.
1450 2541 1473 2565 p.
1499 2534 1556 2558 160.
1570 2553 1576 2563 ‚
1599 2534 1754 2564 Chytraei
1780 2534 1840 2559 Hlst-
1864 2537 2030 2564 augustanae
2057 2535 2128 2560 Cons-

271 2565 399 2596 (Francos.
417 2566 449 2592 sil
468 2567 497 2592 Μ.
518 2567 594 2592 1578.
613 2568 656 2599 4⁰)
676 2574 699 2598 p.
719 2568 776 2592 131.
797 2570 822 2592 et
839 2568 865 2593 in
884 2568 977 2594 eodem
1002 2574 1080 2600 opere
1100 2570 1247 2599 germanice
1266 2570 1361 2600 scripto
1381 2567 1493 2600 (monos
1516 2569 1589 2593 1576.
1609 2569 1651 2599 4⁰)
1673 2568 1715 2593 t'ol.
1734 2567 1785 2598 96.,
1802 2571 1879 2600 atque
1899 2570 1923 2594 in
1948 2569 2129 2594 coelestini

273 2600 334 2626 ilist-
353 2601 517 2627 comltiorum
536 2608 559 2627 a.
580 2601 652 2626 1530.
673 2603 804 2633 Augustae
823 2603 1011 2629 celebratorum
1031 2603 1160 2634 (Francos.
1180 2604 1216 2629 cis
1234 2603 1318 2629 viadr.
1341 2604 1416 2628 1577.
1436 2604 1499 2633 Fol.)
1524 2604 1593 2628 Tom.
1612 2603 1645 2626 11.
1666 2609 1690 2633 p.
1717 2603 1790 2634 228.‚
1814 2603 1881 2634 iique
1905 2605 1929 2629 in
1953 2604 2127 2634 germanicam

271 2635 385 2664 linguam
404 2637 522 2662 translati
539 2636 689 2662 referuntur
706 2645 720 2662 a
741 2637 917 2668 spalatino
936 2637 952 2662 l.
970 2638 988 2663 l.
1009 2643 1031 2666 n.
1053 2638 1109 2661 145.

201 2676 251 2709 ἦ)
274 2677 306 2702 id
325 2678 372 2704 lios
391 2678 492 2705 libellos
510 2682 608 2710 spectat
627 2680 698 2705 locus
718 2680 843 2711 epistolae
862 2680 1030 2706 Melanthonis
1049 2680 1073 2706 d.
1094 2681 1133 2704 15.
1154 2681 1199 2706 lul.
1221 2681 1295 2705 1530.
1314 2681 1346 2706 ud
1366 2681 1503 2706 Lutnerum
1524 2681 1601 2707 datae
1620 2680 1660 2712 (in
1680 2680 1757 2706 huius
1775 2680 1848 2712 corp.
1868 2681 1920 2706 vol.
1944 2681 1976 2705 11.
1994 2686 2019 2712 p.
2046 2680 2133 2712 197.);

1892 2730 1928 2756 ¹·
