2366 2958
204 189 271 222 46⁷

209 283 320 315 gloriam
336 281 404 311 Dei,
422 285 448 304 et
464 283 571 312 propter
589 278 797 303 consolacionem
816 276 930 308 piorum,
947 274 1010 306 quia
1027 273 1061 298 ad
1079 273 1190 304 gloriam

208 317 262 342 Dei
279 316 406 348 pertinet,
425 315 491 339 scire
508 314 644 346 populum,
668 319 732 343 qnae
756 312 791 335 sit
808 317 873 335 vera
895 307 1020 341 λατρεία,
1042 308 1078 332 Et
1099 306 1191 331 afflicti

211 352 354 382 eriguntur,
372 349 476 381 quando
495 349 578 372 sciunt
595 355 623 371 se
641 347 678 370 ita
695 346 780 370 Deum
798 350 860 367 vere
880 344 976 372 colere,
994 344 1016 367 si
1035 341 1067 366 ab
1088 348 1122 368 ,eo
1146 348 1191 373 pe-

211 390 269 410 tant
287 389 313 408 et
331 388 465 415 expectent
483 383 592 414 gratiam
612 385 638 404 et
655 380 789 404 auxilium.
825 378 968 409 Loquimur
993 377 1061 401 enim
1080 375 1113 400 de
1130 375 1191 405 fide,

212 427 265 443 non
284 425 350 450 quae
368 422 466 441 tantum
485 421 524 440 est
542 416 634 439 notitia
651 412 856 446 speculabilium,
874 412 919 435 sed
937 418 1004 443 quae
1022 411 1050 435 in
1071 411 1192 434 tentatio-

211 453 287 478 nibus
306 453 418 476 intuetur
437 451 620 482 promissiones
640 452 664 471 et
683 447 887 472 misericordiam
905 445 973 475 Dei,
997 449 1024 469 et
1047 445 1139 475 erigit,
1166 447 1193 467 et

213 487 328 512 viuificat
345 485 552 517 perterrefactos.
588 483 633 507 Sic
657 483 772 514 loquitur
795 481 921 512 scriptura
940 479 972 503 de
990 479 1055 509 fide,
1079 479 1125 503 sed
1143 477 1192 503 So-

214 521 316 553 phistae
334 527 428 544 nomen
453 519 514 542 fidei
537 517 742 541 obscurauerunt
766 515 870 546 frigidis
895 513 1133 545 disputationibus,
1159 512 1193 536 Et

213 555 365 583 aduersarii,
383 554 426 584 qui
447 553 540 584 rbique
559 555 702 576 extenuant
719 550 806 580 fidem,
825 549 968 573 ostendunt
979 555 1016 578 se,
1027 554 1112 579 neque
1130 546 1192 578 quid

213 590 276 614 fides
295 590 337 619 sit,
357 594 438 618 neque
456 587 513 618 quis
531 587 565 610 sit
582 593 658 609 verns
676 585 759 609 cultus
777 583 837 614 Dei,
856 583 1009 613 intelligere.

283 623 354 647 Haec
373 622 482 645 diximus
501 626 607 652 propter
625 620 770 650 imperitos,
788 622 817 642 vt
833 617 983 648 intelligant
999 622 1052 639 non
1071 622 1127 639 esse
1146 613 1192 638 fla-

216 658 310 689 gicium
338 656 488 688 praedicare
516 658 541 678 et
567 654 700 685 requirere
723 653 802 676 fidem
825 652 901 676 etiam
925 652 946 675 si
975 651 1032 681 quis
1056 656 1108 672 vna
1130 648 1194 672 velit

215 691 353 722 complecti
373 690 537 713 dilectionem
555 688 615 718 Dei,
633 688 679 712 sed
698 691 757 711 sunt
774 687 843 710 aliae
861 691 970 716 magnae
988 689 1013 707 et
1030 683 1193 707 necessariae

216 733 321 754 causae,
347 732 391 748 cur
414 728 535 755 oporteat
559 723 655 747 docere
677 722 748 753 quod
776 721 880 752 proprie
903 719 966 743 fides
988 718 1116 742 iustificet.
1153 718 1194 740 Ac

216 767 284 784 nnnc
303 760 411 790 primum
431 757 576 781 accedimus
595 757 628 780 ad
647 755 817 788 principalem
836 759 929 778 statum
949 752 1142 777 controuersiae
1161 750 1194 774 de

216 793 406 821 iustificatione,
424 800 492 816 nunc
511 792 658 815 inuadimus
677 791 703 814 in
722 797 807 813 arcem
831 789 906 812 huius
931 794 1033 811 causae.
1070 785 1131 809 Non
1155 789 1195 808 est

217 829 284 852 enim
303 828 481 851 controuersia
500 826 581 854 verbi,
599 830 626 849 vt
644 825 747 856 quidam
767 824 828 847 belli
852 822 968 846 homines
994 820 1126 847 iudicant,
1149 818 1194 842 sed

217 863 249 887 ab
268 862 319 886 hoc
336 863 397 885 loco
416 861 512 892 pendet
530 864 586 883 tota
604 860 725 883 doctrina
748 859 780 881 de
805 856 1002 883 iustificatione,
1029 854 1086 878 Nec
1111 855 1197 884 potest

218 896 333 920 officium
351 895 446 920 Christi
466 895 604 925 cognosci,
625 893 672 917 nisi
691 892 743 916 hoc
767 892 825 915 loco
849 891 959 921 agitato.
993 888 1062 913 Nam
1086 888 1146 912 ideo
1171 890 1197 909 et

218 932 355 962 scriptura,
375 934 402 953 vt
420 929 533 953 officium
552 928 647 953 Christi
667 928 872 954 demonstrarit,
891 924 967 947 totics
992 922 1084 946 tribuit
1107 920 1195 945 instifi-

219 966 347 990 eationem
365 964 434 987 fidei.
471 964 511 987 Ac
530 962 627 987 Paulus
647 969 692 993 pro
712 961 760 984 hac
779 959 913 983 sentencia
934 958 988 981 fere
1011 956 1106 988 vbique
1131 953 1196 986 (fol.

218 1000 226 1023 l
245 1000 293 1030 ³⁸)
311 999 437 1022 acerrime
462 997 602 1029 depugnat.
637 995 736 1024 Quodsi
755 997 792 1018 est
809 993 907 1017 inutilis
925 992 1036 1024 questio,
1053 993 1099 1014 aut
1116 988 1197 1020 λογο-

218 1035 318 1065 μαχία,
337 1040 382 1056 cur
399 1032 504 1063 spiritus
523 1035 627 1055 sanctus
645 1030 722 1053 toties
742 1028 853 1059 repetit?
873 1034 918 1051 cur
935 1029 1007 1050 tanta
1017 1024 1198 1052 contencione,

219 1073 271 1092 tam
289 1068 376 1098 longis
397 1065 620 1097 disputacionibus
639 1063 772 1088 defendit?
803 1063 846 1086 An
864 1068 918 1085 non
930 1065 1048 1092 putemus
1066 1066 1124 1082 enm
1143 1064 1198 1081 rem

219 1103 313 1127 seriam
331 1102 427 1132 agere?
455 1099 620 1124 Meminimus
639 1097 802 1129 hypocritam
821 1096 959 1126 quendam,
978 1094 1023 1125 qui
1041 1100 1088 1125 per
1105 1092 1198 1124 hyper-

220 1137 297 1161 bolen
315 1135 456 1160 excusabat
474 1135 617 1158 sentencias
637 1132 734 1157 Christi
753 1135 779 1154 et
795 1130 870 1155 Pauli
890 1130 922 1153 de
945 1128 1004 1152 fide.
1041 1126 1153 1152 Dicebat
1171 1126 1198 1149 in

219 1178 248 1195 re
267 1177 337 1195 noua
361 1169 481 1193 laudibus
505 1168 638 1199 aliquanto
664 1165 832 1198 amplioribus
859 1165 928 1188 iusto
951 1163 1029 1187 tidem
1054 1160 1199 1185 emandam

219 1205 312 1235 fuisse,
331 1209 360 1227 vt
378 1204 462 1235 plures
485 1202 687 1226 attraherentur.
722 1200 799 1224 Nunc
821 1203 912 1223 nostro
936 1201 1067 1228 tempore,
1093 1198 1198 1226 recepto

219 1239 376 1269 Euangelio,
395 1236 459 1261 nihil
479 1244 543 1267 opus
562 1243 618 1259 esse
636 1234 676 1258 his
695 1234 825 1265 preconiis
849 1232 926 1262 fidei,
948 1231 982 1254 Et
1004 1231 1084 1261 vulgo
1111 1230 1200 1253 dicunt

219 1273 362 1298 aduersarii
380 1272 462 1295 nostri
481 1276 505 1294 et
524 1270 627 1302 quidem
645 1269 784 1299 Theologi,
807 1266 872 1292 nihil
897 1274 962 1297 opus
987 1272 1059 1294 esse,
1080 1268 1108 1287 vt
1131 1263 1200 1295 apud

219 1307 384 1332 Christianos
409 1306 440 1329 de
464 1305 515 1328 fide
543 1305 658 1333 dicatur,
681 1303 735 1328 Sed
759 1310 814 1326 eam
839 1306 937 1333 partem
955 1300 1091 1324 doctrinae
1108 1298 1200 1322 Turcis

219 1346 246 1366 et
262 1343 321 1366 aliis
346 1341 460 1373 quinon
485 1343 580 1363 norunt
602 1338 775 1369 Euangelium
800 1335 996 1368 proponendam
1024 1341 1094 1363 esse,
1116 1332 1200 1356 Nobis

220 1376 339 1400 sufficere
358 1377 384 1399 in
404 1374 530 1403 Ecclesia,
549 1377 688 1405 praecepta
706 1373 737 1396 de
755 1370 879 1395 moribus.
917 1369 990 1393 Bone
1009 1368 1091 1396 Deus,
1110 1367 1200 1398 quales

220 1411 356 1442 opiniones
374 1413 524 1440 sparserunt
541 1409 568 1432 iu
586 1407 704 1431 Ecclesia
722 1405 863 1437 sophistae,
879 1404 936 1428 Nos
955 1404 987 1427 de
999 1402 1051 1427 fide
1063 1402 1201 1434 loquimur,

220 1453 266 1478 per
285 1452 361 1476 quam
381 1443 511 1473 contingit
529 1442 647 1466 remissio
666 1444 842 1473 peccatorum,
860 1445 925 1470 quae
935 1439 1045 1462 luctatur
1065 1444 1122 1460 cnm
1141 1442 1201 1467 pec-

221 1485 280 1504 eato
300 1484 326 1502 et
344 1478 529 1502 conscientiam
546 1478 664 1500 territam
689 1474 852 1503 consolatur,
876 1480 942 1505 quae
963 1473 990 1496 in
1015 1470 1201 1495 afflictionibus

221 1513 335 1538 ostendit
352 1511 556 1537 misericordiam
573 1510 635 1541 Dei,
653 1516 720 1541 quae
738 1508 813 1533 affert
831 1508 909 1532 vitam
928 1511 1069 1531 aeternam.
1100 1505 1200 1528 Aduer-

221 1549 283 1573 sarii
302 1547 363 1579 quid
382 1547 514 1578 appellent
531 1544 619 1575 fidem,
637 1545 687 1576 ipsi
711 1543 834 1569 viderint.
870 1541 956 1566 Porro
981 1547 1038 1565 cum
1060 1540 1088 1564 in
1112 1538 1201 1562 Eccle-

221 1584 262 1607 sia
279 1583 311 1606 de
334 1581 488 1605 remissione
512 1584 693 1612 peccatorum,
716 1578 748 1602 de
773 1575 940 1601 consolandis
964 1574 1146 1603 conscientiis,
1169 1572 1202 1596 de

222 1624 297 1642 cruce
317 1616 454 1641 dicendum
472 1616 519 1645 sit,
537 1621 646 1638 necesse
665 1617 703 1636 est
727 1611 872 1636 doctrinam
895 1610 957 1634 fidei
980 1608 1077 1633 versari
1102 1609 1129 1632 in
1153 1606 1202 1631 Ec-

222 1652 316 1676 clesiis.
354 1651 394 1674 Ac
412 1650 525 1674 fatentur
544 1648 615 1672 multi
635 1648 696 1672 boni
716 1646 763 1670 viri
781 1650 842 1670 ante
861 1645 926 1669 haec
944 1648 1074 1675 tempora,
1097 1641 1202 1673 quando

222 1686 254 1710 de
277 1685 442 1718 poenitencia
467 1683 623 1711 docebatur,
651 1681 765 1705 defuisse
792 1679 966 1704 necessariam
993 1677 1203 1703 coiisolacioncm

221 1721 272 1752 piis
293 1720 467 1749 conscientiis,
487 1725 542 1742 cum
563 1723 638 1741 nemo
657 1718 775 1740 moneret
792 1714 968 1739 remissionem
984 1716 1148 1744 peccatorum
1159 1717 1204 1741 per

221 1755 300 1779 fidem
318 1754 479 1783 contingere.
515 1751 575 1776 Non
595 1751 724 1774 delectant
741 1757 789 1774 nos
815 1749 880 1772 haee
899 1747 1008 1772 dissidia
1030 1747 1056 1770 in
1074 1744 1203 1774 Ecclesia,

222 1790 269 1814 sed
296 1789 366 1821 quod
393 1788 425 1811 de
451 1787 502 1811 fide
533 1787 664 1816 litigamus
690 1792 746 1808 cum
771 1783 943 1811 aduersariis,
971 1781 1054 1805 coacti
1085 1779 1203 1807 facimus,

223 1829 328 1856 propter
346 1823 458 1854 gloriam
477 1821 536 1851 Dei,
556 1820 616 1844 Non
637 1819 704 1843 enim
724 1822 810 1850 potest
828 1817 952 1848 cognosci
967 1815 1062 1840 Christi
1082 1813 1204 1842 officium,

223 1859 245 1882 si
273 1857 398 1887 detrahat
423 1856 573 1880 iiistiticatio
602 1854 671 1877 fidei.
708 1853 848 1877 Praeterea
875 1851 990 1883 cupimus
1015 1854 1041 1874 et
1063 1848 1161 1873 nostris
1180 1850 1206 1870 et

223 1893 331 1916 aliorum
351 1891 515 1915 conscientiis
535 1889 599 1919 (sol.
618 1888 626 1911 l
647 1888 696 1915 3⁶)
717 1887 863 1915 consulere,
882 1886 914 1909 Et
933 1891 1063 1917 speramns
1082 1883 1140 1907 Deo
1155 1882 1206 1905 hoc

224 1932 339 1951 nostrum
358 1926 470 1949 studium
490 1924 600 1956 placere,
618 1922 651 1945 Et
670 1929 771 1945 causam
797 1922 878 1952 ipsam
903 1920 995 1944 scimus
1019 1918 1105 1942 multis
1129 1916 1206 1940 bonis

225 1963 287 1986 viris
310 1961 425 1994 probari.
462 1959 571 1990 Semper
599 1961 684 1980 autem
709 1955 758 1980 suit
781 1955 844 1979 haec
869 1953 1008 1985 Euangelii
1037 1952 1155 1980 fortuna,
1178 1953 1206 1973 vt

224 1996 334 2020 mundus
357 2002 451 2023 magna
475 2000 506 2017 ex
531 1995 617 2024 parte,
640 1995 684 2014 aut
708 1990 904 2021 contempserit,
927 1993 971 2012 aut
999 1987 1092 2011 oderit.
1129 1985 1206 2009 Hanc

225 2031 356 2054 fortunam
376 2029 462 2052 subire
481 2035 530 2051 nos
549 2033 651 2057 quoque
670 2033 722 2049 non
741 2031 901 2052 recusamus,
919 2023 964 2047 sed
984 2020 1128 2046 aduersarii
1148 2019 1205 2043 red-

227 2065 290 2088 dcnt
306 2065 365 2088 Deo
384 2064 510 2086 rationem
530 2068 576 2084 suo
596 2065 727 2091 tempore,
750 2059 821 2090 quod
847 2063 897 2081 tam
924 2056 1089 2088 pertinaciter
1114 2055 1205 2078 aduer-

225 2103 315 2123 santur
337 2098 498 2127 Euangelio,
524 2101 550 2119 et
571 2095 665 2126 passim
693 2100 788 2117 nouam
808 2098 833 2116 ct
856 2093 1004 2116 inusitatam
1029 2089 1207 2114 crudelitatem

227 2137 350 2157 exercent
367 2133 394 2155 in
413 2131 474 2159 hos,
493 2131 535 2161 qni
561 2130 593 2152 ab
611 2128 659 2151 hac
683 2129 802 2152 doctrina
821 2134 873 2150 non
896 2126 1046 2150 abhorrent.
1084 2123 1138 2147 Nec
1161 2122 1206 2145 ob-

227 2175 328 2192 scurum
353 2170 407 2196 est,
431 2173 478 2197 pro
503 2164 596 2196 quibus
621 2163 696 2186 rebus
719 2162 880 2192 antesignani
903 2160 1111 2184 aduersariorum
1134 2157 1208 2180 belli-

226 2206 357 2233 gerentnr,
376 2201 418 2231 qui
439 2201 577 2224 Caesarem
596 2202 622 2220 et
641 2198 768 2229 principes
787 2197 821 2220 ad
838 2196 959 2219 seniciam
978 2194 1122 2218 hortantur.
1150 2191 1207 2215 Ple-

226 2238 298 2268 rique
323 2235 405 2268 palam
436 2234 556 2266 Epicurei
585 2240 641 2255 cuni
669 2239 758 2255 omnes
787 2231 928 2261 religiones
952 2229 1092 2257 irrideant,
1120 2231 1207 2250 tamen

228 2279 293 2295 nnnc
314 2274 447 2302 praetextu
467 2268 600 2299 religionis
619 2270 745 2291 conantur
764 2267 909 2296 opprimere
929 2264 1086 2290 doctrinam.
1111 2265 1138 2284 vt
1162 2267 1207 2292 pu-

229 2310 293 2334 tant,
313 2305 469 2329 officientem
488 2302 589 2334 questui
610 2308 639 2324 ac
664 2300 833 2324 dominationi
859 2306 928 2322 suae.
966 2297 1048 2321 Porro
1071 2296 1135 2320 haec
1161 2295 1208 2319 do·

230 2341 314 2364 ctrina
333 2345 461 2370 nunqnam
481 2338 532 2360 aiio
552 2335 686 2367 spectauit,
707 2335 754 2358 nisi
776 2338 802 2357 vt
826 2335 874 2365 piis
899 2332 1064 2356 conscientiis
1090 2329 1206 2354 consule-

231 2379 279 2403 ret,
298 2379 322 2397 et
341 2374 451 2404 gloriam
470 2372 566 2396 Christi
585 2371 733 2394 illustraret.
770 2368 822 2393 Sed
842 2368 994 2392 reuertimnr
1013 2366 1045 2389 ad
1065 2366 1208 2389 institutam

231 2410 442 2440 propositionem.
461 2413 540 2438 qnare
561 2412 664 2428 neccsse
684 2404 716 2427 sit
735 2403 846 2431 docere,
865 2402 934 2433 quod
954 2402 1056 2433 proprie
1081 2400 1145 2423 tides
1171 2399 1208 2422 iu-

232 2443 332 2467 stificet.
371 2443 409 2465 Dc·
429 2449 478 2472 qna
497 2448 524 2463 re
543 2441 591 2463 hoc
610 2437 778 2471 praefandum
797 2441 849 2465 est,
868 2436 936 2468 quod
956 2437 1023 2459 sicut
1047 2441 1151 2458 necesse
1171 2436 1210 2456 est

232 2479 297 2501 han·-
318 2482 473 2500 sentenuwim
494 2476 568 2503 tueri,
587 2473 655 2505 quod
681 2473 797 2496 Christus
822 2472 854 2495 tit
878 2471 1004 2494 medi-tor
1028 2477 1058 2493 ac
1084 2468 1209 2500 propitia·

233 2517 283 2540 tor,
304 2513 372 2542 qno-l
392 2515 496 2542 propter
516 2517 572 2532 eum
591 2509 667 2531 nohis
687 2507 813 2538 prnmissa
831 2506 865 2529 sit
883 2506 969 2536 gratia
989 2509 1014 2527 et
1038 2504 1139 2527 iusticia
1157 2509 1210 2526 non

234 2551 336 2579 propter
356 2553 434 2576 opera
453 2548 551 2571 τιθείη,
571 2544 607 2567 ita
625 2549 729 2565 ncces-e
749 2545 787 2564 est
805 2539 871 2564 hanc
889 2539 1047 2563 sentenciam
1061 2537 1211 2565 defendere,

234 2582 302 2612 quod
322 2581 385 2603 tides
405 2580 532 2602 iustiticct.
568 2576 706 2606 anmndo
726 2576 791 2599 enim
817 2575 866 2598 erit
887 2574 1013 2598 mediator
1037 2572 1167 2599 Christus,
1189 2571 1211 2594 ai

236 2618 260 2639 in
281 2615 461 2638 iustificatione
481 2621 533 2636 nnn
554 2613 703 2643 respuimus
723 2611 755 2633 ad
776 2616 848 2638 eum,
873 2610 893 2633 si
913 2615 964 2632 uon
987 2608 1141 2639 opponimus
1166 2612 1211 2629 no-

237 2657 293 2673 men
313 2651 366 2672 eius
386 2651 438 2672 irae
460 2647 523 2675 Ilei,

653 181 765 216 Ptm„
787 180 894 215 um..
915 177 1108 213 SCRIPTA
1129 176 1401 211 DOGMATlca
1421 175 1479 210 m·
1499 174 1772 209 SYMBOLmA.

1216 731 1223 892 ι

1219 897 1226 1112 l

1222 1115 1229 1414 l

2153 173 2220 207 468

1243 275 1372 303 putemur.
1405 269 1436 294 Id
1455 276 1518 294 vero
1538 272 1578 293 est
1600 269 1722 298 credere.
1749 269 1846 294 sentire
1868 268 1939 301 quod
1959 271 2067 301 propter
2089 268 2224 294 christun

1243 310 1317 337 pater
1347 305 1481 336 ignoscat,
1510 308 1537 328 et
1565 307 1669 335 reputet
1689 310 1738 327 nos
1761 311 1818 328 esse
1841 303 1931 327 iustos.
1973 302 2065 335 Itaque
2088 304 2132 335 qui
2154 303 2225 328 hane

1243 340 1322 364 tidem
1339 345 1393 363 non
1413 339 1518 368 docent,
1537 338 1656 362 adimunt
1673 337 1781 362 Christo
1805 344 1900 362 nomen
1922 337 2083 362 mediatoris.
2119 337 2224 362 Recita·

1244 374 1327 398 bimus
1345 374 1425 404 igitur
1443 372 1593 396 testimonia
1610 379 1643 395 ex
1661 372 1807 403 scripturis,
1827 371 1898 403 quod
1919 372 2023 403 proprie
2046 371 2111 396 fides
2133 371 2226 397 iustifi-

1245 413 1294 432 cet.
1330 407 1366 431 Et
1382 410 1411 430 vt
1428 405 1533 430 mollior
1554 406 1589 430 sit
1606 407 1731 430 transitus
1754 406 1789 430 ad
1812 405 1880 430 hanc
1902 408 2020 434 causam'.
2042 407 2152 438 primum
2175 405 2227 430 hoe

1244 446 1425 473 argumentum
1443 439 1509 472 (sol.
1528 439 1537 463 l
1557 440 1604 472 4⁸)
1629 440 1795 465 recitabimus
1818 441 1888 471 quod
1913 439 2226 464 arbitrabamur-‘tucilin-

1244 476 1356 506 intelligi
1374 482 1451 506 posse
1469 481 1545 506 quam
1563 478 1675 498 caetera.

1314 522 1427 547 Constat
1443 521 1624 545 remissionem
1641 525 1808 552 peccatorum
1824 521 1851 544 in
1868 521 1961 551 nobis,
1984 527 2040 545 esse
2063 519 2226 545 iustificatio-

1245 563 1305 581 nem
1323 560 1350 580 et
1367 556 1603 586 regenerationem.
1639 555 1747 580 Certum
1765 558 1804 578 est
1826 559 1911 579 autem
1933 555 2110 579 remissionem
2134 561 2226 586 pecca-

1246 595 1331 615 torum
1350 590 1454 621 proprie
1472 590 1555 620 accipi
1574 589 1634 617 fide,
1651 589 1735 620 Igitur
1753 589 1900 614 insti‘ieatio
1917 590 2023 621 proprie
2042 589 2072 613 fit
2088 588 2148 613 fide.
2176 587 2226 612 r»

1245 625 1295 648 teri
1314 625 1382 648 enim
1401 630 1507 647 necesse
1531 627 1583 653 est,
1607 624 1678 654 quod
1701 628 1809 654 peccata
1831 624 1997 648 remittantur
2020 626 2126 655 propter
2151 622 2227 647 chri—

1245 663 1313 682 stum
1337 658 1521 687 mediatorem,
1545 658 1746 689 propiciatorem
1770 662 1796 681 et
1821 657 1983 682 Pontificem.
2017 657 2070 682 Per
2092 657 2161 681 hunc
2188 657 2228 681 in-

1246 693 1302 723 quit
1319 692 1423 721 Paulus,
1442 692 1564 716 habemus
1587 699 1718 715 accessum
1743 692 1777 716 ad
1796 691 1908 721 Patrem,
1927 696 1954 716 et
1970 691 2059 721 addit,
2077 698 2122 723 per
2139 690 2226 715 fldem.

1245 727 1318 751 Tunc
1337 733 1400 757 ergo
1419 726 1573 750 adducimur
1591 726 1624 750 ad
1643 726 1760 755 Pati-eni,
1779 726 1884 757 quando
1907 727 1942 750 ad
1965 725 2097 750 Christum
2120 725 2228 757 respici·

1245 767 1315 791 mus,
1340 767 1371 784 ac
1401 761 1528 784 credimus
1555 760 1631 784 nobis
1659 766 1706 792 per
1731 767 1788 784 enm
1812 761 1976 784 reconciliari
1999 759 2112 784 Patrem.
2148 759 2183 783 Bt
2199 759 2227 783 in

1246 794 1355 834 eandem
1377 795 1537 818 sentenciam
1561 795 1628 818 dixit
1651 795 1746 819 Paulus
1768 794 1844 818 Rom.
1869 795 1906 825 iij.
1931 793 2063 818 Christum
2088 800 2144 818 esse
2167 799 2228 825 pro·

1245 829 1399 860 piciatorem
1417 835 1463 860 per
1481 828 1568 852 fidem.
1604 828 1649 853 sic
1668 830 1748 860 igitur
1766 830 1815 853 erit
1832 829 1908 852 nobis
1926 829 2101 860 propiciator,
2125 828 2148 852 si
2173 833 2229 851 cre-

1247 863 1341 901 dimus,
1359 863 1430 894 quod
1454 869 1500 894 per
1518 870 1575 886 eum
1598 863 1644 886 fiat
1667 863 1743 887 nnbis
1768 863 1884 894 placatus
1908 866 1989 894 pater.
2026 861 2113 893 Quare
2138 862 2165 885 in
2188 867 2229 885 re-

1247 898 1373 935 missione
1396 901 1561 927 peccatorum
1590 897 1627 920 ita
1651 898 1850 921 reconciliamur
1879 897 1953 927 Deo,
1979 897 2002 921 si
2029 896 2229 928 propiciatorem

1248 930 1382 969 Christum
1409 930 1636 962 apprehendimus.
1685 931 1727 955 lta
1755 932 1893 955 vincuntur
1924 936 2038 955 terrores
2064 930 2177 962 peceati,
2206 930 2230 955 si

1247 965 1317 1004 fides
1332 971 1360 988 in
1378 963 1509 989 Christum
1527 965 1631 988 resistat
1648 965 1709 995 illis,
1727 971 1753 990 et
1771 966 1857 996 erigat
1877 966 2071 989 conscientiam.
2102 964 2171 989 Nam
2189 970 2230 988 re-

1248 1005 1337 1037 missio
1359 1002 1525 1037 peccatorum
1549 999 1575 1022 in
1594 999 1686 1028 nobis,
1703 1000 1741 1023 ita
1762 1000 1873 1031 intelligi
1897 999 1988 1029 debet,
2013 999 2081 1030 quod
2105 1004 2230 1030 pauorem

1249 1037 1429 1071 conscientiae
1447 1037 1474 1056 et
1491 1036 1623 1056 aeternam
1641 1038 1751 1057 mortem
1769 1034 1837 1058 vinci
1856 1037 1976 1065 oporteat
1992 1034 2018 1057 in
2045 1033 2164 1057 cordibus
2182 1039 2231 1056 no-

1249 1071 1318 1091 stris.
1355 1066 1429 1091 Sicut
1446 1067 1542 1091 Paulus
1566 1067 1695 1092 describit.
1722 1069 1747 1091 1.
1766 1067 1887 1092 Corinth.
1906 1067 1967 1091 XV.
2003 1067 2117 1091 Aculeus
2139 1066 2233 1091 mortis

1249 1105 1384 1133 peccatum
1403 1105 1451 1131 est,
1469 1101 1597 1125 Potencia
1614 1109 1678 1125 vero
1698 1102 1808 1133 peccati,
1826 1102 1877 1129 lex,
1896 1102 1982 1132 gratia
1998 1105 2084 1124 autem
2102 1101 2170 1129 Deo,
2188 1100 2233 1131 qul

1251 1136 1296 1160 dat
1312 1135 1387 1159 nobis
1405 1135 1542 1159 victoriam
1561 1143 1607 1167 per
1633 1136 1766 1160 dominnm
1789 1140 1904 1160 nostrum
1927 1135 2012 1159 Iesum
2036 1134 2183 1164 Christum,
2205 1133 2234 1158 id

1251 1174 1290 1194 est
1307 1174 1440 1208 peccatum
1459 1170 1639 1201 perterrefacit
1657 1171 1840 1200 conscientias,
1858 1174 1885 1194 et
1901 1169 1929 1193 id
1941 1169 1969 1193 tit
1987 1176 2034 1200 per
2050 1169 2146 1200 legem,
2166 1173 2235 1200 quae

1251 1204 1367 1228 ostendit
1384 1211 1450 1227 iram
1467 1208 1494 1226 et
1511 1204 1635 1228 indicium
1654 1204 1705 1228 Dei
1724 1205 1848 1228 aduersus
1873 1208 2021 1235 peccatum,
2044 1203 2090 1227 sed
2107 1203 2234 1226 vincimus

1251 1245 1298 1270 per
1315 1238 1458 1263 Christum.
1493 1236 1651 1267 Quomodo?
1669 1246 1715 1270 per
1732 1238 1803 1262 hunc
1826 1237 1951 1262 habemus
1973 1244 2103 1262 accessum
2125 1237 2160 1261 ad
2184 1236 2236 1261 P·-

1251 1278 1327 1303 trem,
1344 1272 1391 1296 sed
1408 1279 1454 1304 per
1471 1271 1558 1296 fidem.
1588 1272 1617 1297 Si
1637 1273 1764 1297 credimus
1781 1273 1850 1296 hunc
1861 1271 2014 1296 Pontificem
2029 1271 2105 1296 nobis
2122 1271 2235 1302 praeire,

1251 1315 1282 1331 ac
1300 1307 1463 1336 benedicere,
1482 1307 1550 1330 sicut
1568 1311 1594 1330 et
1610 1308 1644 1331 ad
1662 1307 1763 1331 Ebreos
1782 1307 1905 1338 scriptum
1923 1310 1974 1336 est,
1998 1306 2131 1330 Habentes
2148 1309 2236 1329 autem

1251 1340 1413 1371 Pontificem,
1433 1345 1482 1364 etc.
1501 1341 1655 1365 accedamus
1675 1349 1732 1365 cum
1750 1341 1854 1371 fiducia,
1871 1340 2011 1372 Significat
2029 1341 2098 1365 enim
2116 1339 2236 1364 diffiden-

1253 1380 1291 1400 tes
1319 1375 1384 1407 (fol.
1403 1375 1412 1398 l
1430 1375 1480 1405 41²)
1499 1382 1553 1399 non
1576 1375 1698 1400 accedere
1722 1376 1757 1400 ad
1782 1375 1905 1400 thronum
1929 1375 2039 1406 gratiae.
2075 1374 2152 1398 Haec
2172 1373 2237 1398 satis

1253 1410 1324 1434 clare
1341 1409 1484 1434 ostendunt
1499 1410 1678 1434 remissionem
1701 1414 1882 1442 peccatorum,
1904 1409 2041 1434 victoriam
2064 1409 2170 1438 mortis,
2193 1414 2238 1432 ao-

1253 1451 1352 1468 cessum
1370 1444 1404 1468 ad
1423 1443 1537 1474 Patrem,
1556 1445 1659 1475 proprie
1677 1444 1729 1468 tide
1753 1445 1918 1475 contingere,
1942 1451 1996 1468 non
2020 1447 2125 1475 propter
2147 1446 2241 1467 noem

1253 1486 1342 1510 opera,
1361 1485 1415 1502 non
1433 1482 1541 1509 propter
1560 1479 1710 1508 caritatem,
1729 1479 1777 1502 etsi
1802 1479 1896 1502 caritas
1921 1482 1948 1501 et
1971 1477 2017 1501 alii
2040 1477 2138 1501 fructus
2161 1476 2240 1508 epiri·

1253 1517 1304 1543 tus,
1322 1512 1399 1536 fidem
1417 1513 1490 1543 sequi
1508 1512 1613 1536 debent.
1648 1512 1771 1544 Sequitug
1786 1513 1880 1544 igitur,
1898 1519 1956 1535 cum
1974 1511 2094 1535 remissio
2118 1514 2239 1542 peccato-

1253 1555 1309 1571 rum
1327 1548 1362 1571 sit
1379 1546 1529 1571 iustificatio
1550 1550 1576 1570 et
1593 1548 1770 1580 regeneratio,
1795 1547 1866 1578 quod
1890 1549 2011 1577 oporteat
2035 1545 2140 1574 doceri,
2165 1544 2239 1576 quod

1253 1582 1304 1605 fide
1322 1582 1349 1605 in
1367 1579 1500 1605 Clu-istum
1520 1581 1703 1611 iustificemur,
1726 1581 1825 1612 alioqui
1844 1581 1913 1604 enim
1939 1579 2082 1603 detrahitur
2106 1579 2130 1603 ei
2154 1577 2240 1603 honos

1254 1615 1406 1640 mediatoris
1425 1619 1452 1639 et
1468 1614 1611 1640 Pontificis.
1648 1613 1720 1644 Quid
1740 1619 1832 1639 contra
1849 1614 1915 1638 haec
1933 1613 2020 1638 afferri
2045 1617 2134 1645 potest
2149 1619 2167 1637 a
2183 1616 2242 1638 tota

1254 1650 1370 1674 factione
1386 1650 1605 1675 aduersariorum.
1642 1648 1808 1673 Concurrunt
1825 1655 1916 1674 omnes
1933 1647 2088 1680 Sophistae,
2105 1646 2241 1679 nonnoni,

1254 1684 1430 1714 Decretistae,
1459 1683 1607 1714 Curtisani‚
1632 1687 1716 1708 tamen
1739 1683 1807 1708 hanc
1833 1683 1962 1707 rationem
1986 1682 2144 1707 labefactare
2168 1681 2243 1707 nulla

1255 1724 1324 1749 arte,
1351 1719 1429 1743 nullis
1456 1717 1559 1742 technis
1586 1722 1716 1750 poterunt.
1761 1718 1796 1742 Et
1819 1717 1886 1742 hanc
1913 1717 2077 1741 manifestam
2103 1716 2243 1741 veritatem

1255 1754 1353 1778 audent
1371 1753 1494 1777 damnare
1512 1753 1672 1783 aduersarii,
1691 1757 1716 1777 et
1734 1753 1831 1784 optimo
1851 1751 1958 1776 Caesari
1976 1756 2037 1775 sunt
2053 1755 2170 1781 autores,
2187 1757 2242 1775 non

1256 1788 1340 1812 solum
1358 1787 1545 1819 improbandae
1564 1787 1638 1811 huius
1658 1787 1819 1816 sentenciae,
1836 1786 1884 1810 sed
1902 1787 1979 1810 etiam
1997 1786 2075 1809 armis
2093 1785 2242 1817 oppriman-

1257 1823 1315 1852 dae,
1333 1823 1377 1846 An
1395 1829 1447 1846 non
1467 1826 1506 1846 est
1524 1821 1573 1845 hoc
1592 1821 1725 1846 aduersari
1742 1821 1889 1852 Euangelio
1908 1825 1934 1844 et
1952 1819 2078 1845 Christo?

1326 1868 1512 1893 Recensuimus
1530 1870 1639 1900 primam
1657 1869 1795 1897 rationem,
1819 1874 1899 1899 quare
1922 1867 2037 1891 dicamus
2060 1867 2164 1898 proprie
2188 1865 2243 1891 fid·

1257 1903 1390 1928 iustificari
1409 1903 1550 1932 hominem,
1568 1903 1628 1934 quia
1647 1903 1765 1926 remissio
1776 1906 1941 1934 peccatorum
1961 1905 2060 1925 tautum
2079 1900 2132 1924 fide
2147 1900 2243 1932 aecipi-

1256 1942 1305 1963 tur.
1342 1938 1385 1962 Ab
1404 1938 1452 1962 bae
1470 1938 1606 1961 sentencia
1623 1937 1695 1961 nullo
1720 1937 1797 1960 modo
1822 1937 1956 1968 paciantur
1981 1942 2010 1959 se
2032 1935 2174 1959 Christiani
2198 1934 2243 1959 de-

1257 1972 1328 2004 pelli,
1346 1972 1375 1996 In
1394 1972 1442 1996 hac
1460 1971 1570 2001 habent,
1589 1978 1689 2001 veram,
1712 1976 1738 1994 et
1761 1971 1860 1995 firmam
1884 1970 2092 1994 consolacionem
2118 1969 2244 1994 aduersu

1258 2008 1357 2045 peccati
1376 2010 1498 2035 terrores,
1516 2010 1542 2029 et
1559 2006 1684 2029 aduersus
1702 2010 1833 2030 aeternam
1851 2009 1962 2028 mortem
1986 2002 2104 2036 ἰσχυρὸν
2126 2001 2158 2027 τό
2174 1998 2243 2033 ἄλφ-

1258 2042 1323 2070 θες,
1354 2041 1438 2072 inquit
1464 2039 1580 2064 Graecus
1600 2045 1699 2064 orator.
1741 2041 1828 2068 Quare
1852 2046 1929 2063 nemo
1953 2042 2050 2062 metuat
2072 2038 2242 2063 aduersarios

1258 2076 1325 2100 hanc
1344 2076 1473 2099 rationem
1492 2074 1545 2099 vlla
1563 2075 1731 2098 cauillatione
1750 2081 1886 2098 euersuros
1906 2080 1971 2097 esse.

1327 2118 1462 2143 Addemus
1480 2122 1505 2142 et
1524 2117 1597 2141 Pauli
1615 2118 1756 2147 rationem,
1780 2124 1857 2149 qnam
1880 2117 1901 2139 is
1920 2122 1997 2148 saepe
2022 2115 2130 2148 repetit,
2153 2118 2180 2139 et
2203 2115 2243 2138 in-

1258 2154 1350 2183 culcat,
1369 2153 1400 2176 dc
1420 2156 1511 2176 natura
1529 2152 1716 2183 promissionis.
1746 2150 1836 2183 Neque
1855 2151 1923 2175 enim
1942 2157 2049 2182 vsquam
2067 2149 2160 2173 melius
2179 2155 2241 2173 eon-

1258 2189 1323 2220 spici
1343 2186 1457 2211 officium
1476 2186 1574 2210 Christi
1593 2190 1619 2210 et
1638 2186 1765 2210 beneficia
1783 2190 1904 2217 possunt,
1924 2191 1999 2216 quam
2019 2185 2045 2208 in
2064 2184 2111 2208 illa
2129 2182 2240 2208 ratione.

1260 2222 1311 2252 Qui
1339 2222 1456 2246 tribuunt
1483 2221 1692 2245 instificationem
1723 2220 1872 2250 dilectioni,
1902 2220 1986 2250 legem
2013 2218 2193 2246 considerant.
2215 2217 2243 2242 in

1259 2264 1310 2290 qna
1329 2256 1418 2280 vident
1436 2256 1556 2288 scriptum
1576 2263 1642 2285 esse,
1660 2255 1762 2286 Diliges
1781 2255 1912 2278 dominum
1932 2253 2015 2277 Deum
2035 2256 2121 2282 tuum,
2147 2251 2243 2283 diligas

1260 2291 1325 2323 (sol.
1345 2299 1367 2315 m
1397 2290 1441 2321 μ)
1471 2291 1614 2322 proximum
1643 2295 1691 2313 etc.
1742 2289 1825 2320 Igitur
1852 2288 2040 2312 ratiocinamur
2067 2287 2245 2317 dilectionem,

1261 2333 1317 2349 cum
1337 2326 1370 2349 sit
1388 2325 1502 2356 impletio
1523 2325 1597 2355 legis,
1616 2323 1825 2348 iustitie-‘itionem
1845 2329 1915 2351 esse,
1940 2321 1994 2345 Nee
2017 2321 2083 2345 male
2107 2321 2145 2345 sie
2163 2321 2243 2345 ratio-

1261 2361 1424 2388 cinnrcntnr,
1444 2361 1464 2383 si
1485 2367 1516 2383 ex
1536 2359 1593 2389 lege
1617 2358 1828 2386 iustificat-emur,
1847 2361 1873 2380 et
1891 2357 1974 2387 legem
1994 2355 2080 2380 faeere
2099 2361 2241 2387 possemus.

1262 2396 1356 2419 Verum
1376 2395 1436 2426 quia
1454 2394 1500 2417 sub
1519 2397 1625 2426 peccato
1650 2400 1750 2420 sumus,
1774 2396 1799 2415 et
1824 2391 1907 2422 legem
1933 2390 1998 2418 nei.
2022 2396 2105 2422 neque
2128 2389 2245 2419 Mimas,

1261 2437 1343 2461 neque
1365 2429 1452 2453 facere
1480 2435 1626 2460 possumus.
1670 2426 1788 2451 Christus
1812 2425 1887 2449 nobis
1913 2425 2052 2457 promissus
2075 2431 2105 2448 ac
2132 2423 2244 2448 donatas

1262 2470 1315 2493 est,
1335 2468 1362 2487 vt
1380 2468 1485 2495 propter
1505 2463 1587 2494 ipsum
1606 2466 1782 2493 reputaremur
1801 2467 1831 2484 ac
1850 2459 2078 2491 pronunciat-emur
2102 2458 2180 2489 iusti,
2198 2464 2243 2482 m

1261 2499 1466 2526 iustificaremur,
1485 2503 1510 2521 et
1533 2503 1740 2525 renasceremur,
1765 2495 1913 2527 priusquam
1938 2494 2021 2525 legem
2046 2492 2132 2517 facere
2156 2499 2244 2525 pona·

1263 2541 1324 2557 mus.
1362 2533 1453 2564 ltaque
1474 2531 1643 2562 Euangelium
1662 2529 1775 2554 ostendit
1794 2529 1870 2553 nobis
1897 2528 1973 2552 allam
1999 2528 2142 2555 iusticiam,
2166 2533 2244 2558 quam

1264 2569 1314 2591 lex.
1352 2567 1406 2591 Lex
1434 2567 1539 2597 requirit
1563 2570 1678 2589 nostram
1696 2564 1888 2596 perfectionem.
1933 2561 2105 2593 Euangelium
2131 2561 2245 2585 ostendit

1264 2603 1404 2630 Christum.
1424 2605 1449 2624 et
1467 2601 1594 2632 promittit
1613 2601 1639 2624 in
1658 2600 1764 2623 Christo
1784 2598 1961 2621 remia-ionem
1981 2600 2159 2628 peccatoram.
2184 2602 2245 2626 gra-

544 2648 563 2669 si
584 2653 636 2670 non
655 2646 788 2673 sentimus,
808 2643 876 2675 quod
895 2646 1001 2674 propter
1020 2649 1077 2666 eum
1095 2641 1156 2664 iusti
1175 2647 1212 2663 re-
1238 2644 1241 2656 ·
1265 2639 1342 2665 tiam.
1362 2637 1479 2668 spiritum
1498 2639 1624 2663 sanetum.
1643 2638 1668 2659 et
1686 2634 1820 2657 iusticiam
1857 2631 1901 2657 Sic
1922 2633 2001 2662 igitar
2020 2631 2177 2663 pronunciat
2195 2635 2245 2653 noo
