2366 2958
130 155 196 188 529
476 154 516 188 ΙΙ.
560 154 789 187 APOLOGIA
816 152 1136 187 CONFESSIONIS

131 254 245 281 extant
270 249 486 280 immoderate
517 254 549 279 et
579 248 676 289 impie
710 249 833 289 scripta
868 249 909 280 de
944 254 1109 290 potestate
1133 255 1137 280 i

130 291 247 323 Roma.
284 290 467 328 Pontificis,
491 296 630 331 propter
653 301 739 332 quae
757 301 854 322 nemo
875 301 1018 332 vnquam
1032 300 1109 321 reus
1133 305 1137 338 Ι

130 332 242 366 sactus
267 341 328 364 est.
378 333 449 365 Nos
474 331 537 364 soli
561 332 751 375 plectimur,
780 335 856 375 quia
879 334 1110 375 praedicamus

131 377 328 408 beneficium
351 375 492 414 Christi,
525 377 613 417 quod
643 376 707 408 fide
736 377 768 407 in
792 376 960 407 Christum
990 386 1109 406 conse-

131 429 271 461 quamur
294 419 523 450 remissionem
544 425 771 459 peccatorum,
796 429 861 450 uon
885 418 1030 450 cultibus
1053 429 1109 449 ex-

132 463 286 504 cogitatis
310 472 329 492 a
353 460 524 493 Pontifice.
572 460 678 492 Porro
703 462 876 499 Christus,
909 460 1109 502 Prophetae,

131 512 163 536 et
175 502 341 546 Apostoli,
365 502 465 545 longe
487 502 582 535 aliter
601 504 759 536 definiunt
773 503 958 535 Ecclesiam
971 503 1107 540 Christi,

131 548 230 590 quam
253 557 392 589 regnum
415 546 633 578 Pontificium.
679 547 751 578 Nec
780 552 832 577 est
861 547 904 577 ad
928 545 1109 577 Pontifices

131 589 408 627 transferendum,
432 590 521 631 quod
544 590 586 621 ad
609 600 723 621 veram
747 588 932 620 Ecclesiam
955 589 1108 630 pertinet,

130 634 220 675 quod
248 631 404 664 videlicet
432 633 497 663 sint
528 632 702 663 columnae
731 632 895 665 veritatis,
927 632 1016 673 quod
1041 642 1107 662 non

132 681 253 707 errent.
307 675 436 710 Quotus
467 676 609 717 quisque
637 675 723 706 enim
754 681 848 705 curat
877 673 1108 716 Euangelium,

131 725 189 751 aut
212 718 335 750 iudicat
356 718 491 760 dignum
514 727 591 749 esse
613 716 778 749 lectione?
811 716 906 748 Multi
931 718 1028 748 etiam
1051 728 1108 759 pa-

134 760 200 793 lam
222 761 357 792 irrident
382 759 560 803 religiones
584 770 710 794 omnes,
733 767 790 791 aut
809 760 836 790 si
856 760 932 802 quid
952 762 1106 801 probant,

131 805 271 846 probant
297 803 353 834 illa
377 814 460 876 quae
479 803 639 834 humanae
652 803 1009 834 rationiconsentanea
1021 809 1108 841 sunt,
1131 827 1135 863 Ι

133 846 274 878 Caetera
303 845 381 877 sabu
398 855 459 876 osa
486 855 564 876 esse
594 846 814 883 arbitrantur,
846 852 877 877 et
901 845 1018 877 similia
1043 852 1107 877 tra-

133 890 263 932 goediis
278 887 467 920 Poetarum.
502 887 613 922 Quare
635 898 697 919 nos
721 889 812 919 iuxta
831 889 1013 929 scripturas
1033 899 1106 920 sen-

131 934 229 964 timus
243 930 428 962 Ecclesiam
440 931 574 972 proprie
587 931 706 962 dictam
720 941 795 961 esse
813 932 1106 973 congregationem

132 981 336 1011 sanctorum,
360 974 414 1014 qui
438 983 518 1004 vere
543 974 679 1004 credunt
704 973 885 1015 Euangelio
910 973 1049 1011 Christi,
1073 980 1106 1005 et

131 1018 255 1049 habent
278 1016 428 1057 spiritum
451 1023 612 1047 sanctum.
648 1015 689 1047 Et
708 1022 816 1047 tamen
830 1016 970 1048 fatemur
981 1016 1105 1049 multos

131 1060 323 1103 hypocritas
347 1065 379 1090 et
402 1057 507 1090 malos
531 1058 583 1089 his
607 1059 638 1090 in
662 1059 726 1090 hac
749 1060 814 1090 vita
837 1060 1019 1098 admixtos,
1050 1060 1104 1091 ha-

131 1105 213 1134 bere
247 1102 442 1134 societatem
477 1106 686 1133 externorum
720 1103 908 1143 signorum,
944 1103 998 1144 qui
1029 1108 1106 1134 sunt

131 1146 277 1177 membra
289 1143 463 1176 Ecclesiae
474 1145 657 1175 secundum
680 1146 872 1176 societatem
895 1151 1106 1177 externorum

132 1190 314 1231 signorum.
350 1187 494 1228 Ideoque
517 1194 635 1228 gerunt
659 1186 770 1219 officia
793 1188 824 1219 in
849 1187 1012 1226 Ecclesia,
1036 1188 1106 1219 Nec
1129 1196 1134 1261 1

131 1232 245 1263 adimit.
272 1230 489 1261 sacramentis
518 1229 718 1267 efficaciam,
745 1231 832 1272 quod
863 1241 922 1272 per
951 1232 1105 1273 indignos

131 1279 327 1311 tractantur,
349 1274 426 1314 quia
439 1279 668 1314 representant
683 1272 805 1304 Christi
819 1284 1009 1314 personam,
1032 1284 1106 1315 pro·
1129 1264 1134 1324 i

131 1322 205 1358 pter
228 1315 438 1347 vocationem
459 1314 652 1355 Ecclesiae,
682 1327 749 1347 non
778 1322 1008 1357 representant
1032 1327 1107 1358 pro-

130 1359 220 1400 prias
240 1367 417 1399 personas,
440 1363 475 1389 vt
487 1364 629 1390 testatur
641 1359 808 1396 Christus,
832 1359 895 1394 Qui
919 1369 982 1390 vos
1003 1360 1105 1397 audit,

130 1412 183 1433 me
205 1401 304 1433 audit.
350 1400 432 1432 Cum
462 1402 598 1432 verbum
622 1400 764 1440 Christi,
793 1411 867 1432 cum
897 1408 1107 1433 sacramenta

130 1445 317 1486 porrigunt,
340 1442 463 1475 Christi
488 1444 562 1475 vice
585 1450 615 1475 et
640 1443 717 1475 loco
740 1445 925 1486 porrigunt.
961 1445 995 1475 ld
1009 1445 1108 1476 docet

129 1497 194 1518 nos
224 1485 283 1518 illa
314 1496 380 1518 vox
409 1485 552 1524 Christi,
585 1497 627 1517 ne
660 1487 855 1529 indignitate
883 1487 1107 1519 ministrorum

131 1529 348 1562 offendamur.
384 1529 453 1561 Sed
477 1530 517 1561 de
540 1529 604 1560 hac
627 1539 664 1560 re
687 1531 770 1560 satis
795 1528 886 1561 clare
910 1530 1049 1562 diximus
1073 1531 1107 1560 in

132 1571 357 1610 consessione,
380 1582 442 1603 nos
466 1573 655 1614 improbare
673 1571 882 1610 Donatistas,
907 1579 940 1603 et
961 1572 1107 1615 Vigleui·

132 1620 220 1652 stas,
249 1615 303 1656 qui
332 1621 510 1646 senserunt
539 1614 692 1646 homines
715 1625 874 1655 peccare,
904 1616 1106 1657 accipientes

132 1662 342 1689 sacramenta
364 1658 406 1688 ab
426 1657 571 1700 indignis
591 1658 624 1688 in
643 1657 806 1689 Ecclesia.
840 1657 932 1690 Haec
955 1658 988 1689 in
1013 1669 1107 1699 prae-

131 1701 239 1731 sentia
263 1700 457 1731 videbantur
481 1699 638 1732 sufficere
662 1701 705 1731 ad
729 1699 955 1732 defensionem
982 1702 1108 1733 descri-

131 1743 253 1784 ptionis
265 1741 439 1775 Ecclesiae
452 1753 549 1785 quam
573 1744 773 1775 tradidimus.
808 1743 924 1785 Neque
946 1744 1108 1783 videmus,

139 1796 214 1818 cum
225 1784 379 1818 Ecclesia
401 1787 534 1827 proprie
557 1786 655 1824 dicta,
678 1785 861 1827 appelletur
880 1797 1002 1828 corpus
1016 1787 1109 1819 Chri-

132 1829 192 1867 sti,
223 1829 390 1870 quomodo
413 1828 508 1860 aliter
532 1830 753 1861 describenda
775 1828 888 1868 fuerit,
920 1840 1018 1871 quam
1046 1840 1108 1861 nos

132 1872 383 1912 descripsimus
435 1871 575 1904 Constat
599 1873 686 1904 enim
709 1873 827 1913 impios
850 1873 892 1904 ad
916 1883 1054 1914 regnum
1077 1879 1109 1904 et

134 1925 257 1955 corpus
282 1913 408 1946 diaboli
432 1916 613 1956 pertinere,
636 1916 692 1957 qui
715 1914 851 1956 impellit
882 1922 913 1946 et
937 1916 1037 1947 habet
1055 1926 1109 1948 ca-

131 1958 242 1999 ptiuos
264 1957 393 1998 impios.
438 1958 529 1989 Haec
553 1964 629 1990 sunt
652 1958 728 1990 luce
751 1958 932 1990 meridiana
954 1957 1108 1998 clariora,
1131 1948 1137 2343 1

135 2011 220 2042 quae
244 2006 352 2031 tamen
377 2000 405 2031 si
429 2007 567 2041 pergent
590 2000 782 2033 calumniari
811 2002 1012 2043 aduersarij,
1042 2012 1108 2033 non

137 2043 350 2086 grauabimur
372 2044 542 2084 copiosius
566 2045 781 2085 respondere.

220 2085 386 2117 Damnant
414 2086 597 2127 aduersarij
629 2093 660 2118 et
692 2086 780 2119 hanc
813 2093 941 2129 partem
971 2087 1108 2128 Septimi

134 2128 277 2166 articuli,
301 2129 389 2170 quod
413 2130 551 2161 diximus
574 2130 616 2160 ad
629 2139 742 2161 veram
754 2131 909 2162 vnitatem
922 2128 1107 2168 Ecclesiae,

134 2173 217 2203 satis
240 2181 319 2203 esse
342 2173 534 2203 consentire
556 2172 597 2203 de
619 2172 769 2204 doctrina
788 2172 973 2215 Euangelij‚
996 2180 1028 2205 et
1051 2173 1108 2204 ad-

133 2214 377 2246 ministratione
391 2222 685 2252 sacramentorum‚
703 2225 766 2246 nec
778 2226 919 2248 necesse
931 2227 1019 2255 esse,
1039 2217 1107 2247 vbi-

133 2267 198 2299 que
216 2256 342 2288 similes
360 2259 554 2289 traditiones
574 2257 736 2289 humanas
755 2268 842 2296 esse,
865 2270 926 2290 seu
949 2260 1030 2291 ritus
1053 2264 1109 2290 aut

134 2301 342 2332 ceremonias
353 2301 396 2332 ab
409 2301 595 2332 hominibus
610 2301 786 2332 institutas.
824 2302 884 2334 Hic
906 2303 1109 2343 distinguunt

134 2341 341 2375 vniuersales
364 2350 395 2374 et
423 2342 642 2384 particulares
672 2344 771 2381 ritus,
800 2350 833 2375 et
860 2346 1003 2386 probant
1034 2345 1109 2377 arti-

134 2384 242 2417 culum
264 2393 426 2425 nostrum,
450 2388 476 2417 si
501 2385 703 2428 intelligatur
722 2387 762 2417 de
774 2385 1030 2428 particularibus
1044 2389 1107 2419 riti-

133 2429 213 2463 bus.
248 2427 301 2459 De
335 2428 578 2461 vniuersalibus
608 2430 742 2467 ritibus,
774 2440 841 2461 non
877 2431 1045 2472 recipiunt.
1064 2433 1108 2468 ⁶³)

133 2472 209 2503 Non
231 2472 314 2502 satis
336 2470 550 2514 intelligimus
572 2473 651 2514 quid
674 2470 776 2504 velint
803 2473 1007 2516 aduersarij,
1037 2474 1108 2505 Nos

133 2608 181 2640 63)
199 2608 348 2640 recipiunt]
367 2608 416 2633 Ed.
435 2610 476 2633 4.:
495 2610 652 2641 concipiunt.

338 2667 487 2689 ΙΕΙΔΠΗ.
499 2667 582 2689 om
596 2667 661 2690 VOL.
674 2668 767 2689 nvn.

1157 154 1470 188 AUGUSTANAE.
1513 155 1554 189 B.
1598 155 1790 188 ALTERA.
2072 157 2138 191 530

1162 249 1206 279 de
1227 259 1323 286 vera,
1349 249 1415 280 hoc
1438 256 1506 287 est,
1531 248 1690 291 spirituali
1714 250 1835 281 vnitate
1859 248 2039 291 loquimur,
2063 252 2138 283 sine

1161 301 1225 332 qua
1249 301 1315 322 non
1340 298 1449 332 potest
1474 293 1617 323 existere
1641 292 1724 323 fides
1744 292 1775 323 in
1796 293 1909 330 corde,
1934 304 1993 324 seu
2007 295 2137 325 iusticia

1161 334 1271 363 cordis
1291 344 1404 365 coram
1422 334 1507 366 Deo.
1545 335 1595 366 Ad
1619 334 1706 366 hanc
1729 335 1867 367 dicimus
1890 346 1956 367 non
1980 346 2056 368 esse
2078 347 2134 368 ne-

1161 376 1343 407 cessariam
1373 376 1614 409 similitudinem
1646 379 1764 409 rituum
1797 377 2030 416 humanorum,
2064 380 2137 410 siue

1159 417 1409 453 vniuersalium,
1433 421 1504 451 siue
1523 420 1782 461 particularium,
1806 422 1881 462 quia
1900 421 2029 453 iusticia
2048 421 2137 460 fidei,

1160 470 1225 491 non
1251 467 1303 491 est
1326 461 1454 493 iusticia
1479 461 1615 504 alligata
1640 465 1738 495 certis
1772 464 2020 502 traditionibus,
2052 466 2137 495 sicut

1160 504 1292 534 iusticia
1314 502 1399 545 legis
1419 510 1489 535 erat
1501 505 1638 547 alligata
1655 507 1811 537 Mosaicis
1826 507 2035 547 ceremoniis,
2059 507 2137 549 quia

1160 544 1214 577 illa
1237 546 1367 577 iusticia
1392 548 1521 585 cordis,
1552 555 1602 579 est
1633 559 1688 579 res
1719 548 1891 580 viuificans
1924 551 2036 581 corda.
2084 550 2137 580 Ad

1159 588 1247 619 hanc
1269 588 1524 621 viuificationem
1549 590 1627 621 nihil
1659 592 1848 622 conducunt
1877 591 2040 623 hnmanae
2070 598 2136 623 tra-

1160 632 1320 669 ditiones,
1349 632 1420 663 siue
1449 632 1676 671 vntum-sales,
1705 635 1776 665 siue
1806 635 2044 675 particulares,
2075 645 2138 666 nec

1160 681 1235 705 sunt
1260 674 1397 712 effectus
1420 676 1557 716 spiritus
1582 678 1699 714 sancti,
1724 677 1809 708 sicut
1832 679 1983 714 castitas,
2007 678 2138 718 pacien-

1160 718 1215 755 tia,
1238 718 1335 748 timor
1347 717 1423 755 Dei,
1447 718 1580 749 dilectio
1593 720 1745 759 proximi,
1767 725 1798 750 et
1819 730 1920 761 opera
1936 719 2138 752 dilectionis.

1247 760 1317 791 Nec
1339 759 1433 791 leues
1459 771 1582 792 causae
1606 760 1749 797 suerunt,
1773 772 1832 793 cur
1856 764 1943 793 hunc
1962 762 2139 794 articulum

1158 813 1368 844 poneremus.
1405 803 1543 835 Constat
1567 805 1652 835 enim
1676 803 1797 835 multas
1821 804 1940 836 stultas
1966 806 2139 846 opiniones

1159 847 1200 877 de
1223 846 1454 877 traditionibus
1485 847 1652 888 serpsisse
1682 847 1712 877 in
1739 846 1934 879 Ecclesiam.
1980 847 2139 880 Nonnulli

1158 894 1355 929 putauerunt
1378 888 1539 920 humanas
1564 890 1771 927 traditiones,
1796 892 2006 922 necessarios
2031 890 2139 923 cultus

1158 941 1234 962 esse
1268 932 1310 962 ad
1344 933 1597 971 promerendam
1624 933 1900 964 iustificationem.
1952 933 1992 964 Et
2022 941 2140 975 postea

1157 975 1428 1015 disputauerunt,
1459 976 1512 1016 qui
1537 974 1648 1013 fieret,
1671 976 1760 1017 quod
1785 982 1876 1007 tanta
1899 978 2060 1008 varietate
2084 988 2140 1008 co-

1156 1016 1280 1049 leretur
1303 1017 1406 1057 Deus,
1431 1018 1525 1059 quasi
1549 1028 1630 1049 vero
1654 1019 1908 1050 obseruationes
1932 1018 2009 1050 illae
2028 1025 2142 1051 essent

1157 1059 1284 1097 cultus,
1314 1065 1346 1091 et
1369 1070 1433 1091 non
1460 1061 1569 1101 potius
1594 1067 1751 1092 externae
1774 1067 1806 1092 et
1833 1061 1988 1102 politicae
2011 1062 2142 1093 ordina—

1157 1104 1282 1140 tiones,
1315 1101 1394 1133 nihil
1429 1104 1471 1133 ad
1499 1104 1661 1135 iusticiam
1691 1104 1803 1134 cordis
1833 1115 1894 1136 seu
1924 1103 2045 1136 cultum
2078 1104 2142 1136 Dei

1157 1146 1371 1187 pertinentes,
1394 1156 1479 1187 quae
1503 1145 1580 1177 alibi
1605 1157 1697 1185 casu,
1720 1146 1797 1178 alibi
1822 1154 1958 1189 propter
1981 1149 2142 1189 quasdam

1157 1187 1349 1230 probabiles
1376 1189 1522 1219 rationes
1553 1190 1691 1220 variant.
1744 1191 1821 1220 ltem
1851 1189 1934 1221 aliae
1957 1189 2142 1229 Ecclesiae,

1157 1230 1242 1263 alias
1264 1236 1401 1272 propter
1423 1230 1509 1262 tales
1533 1232 1728 1263 traditiones
1759 1234 2143 1271 excommunicauerunt,

1158 1281 1193 1306 vt
1214 1280 1350 1315 propter
1373 1275 1639 1306 obseruationem
1664 1276 1832 1313 Pascatis,
1856 1276 2002 1316 picturas
2027 1284 2059 1308 et
2083 1286 2139 1307 res

1158 1315 1293 1347 similes.
1341 1316 1438 1348 Vnde
1469 1317 1606 1358 imperiti
1638 1319 1925 1356 existimauerunt,
1956 1319 2053 1350 tidem
2080 1329 2142 1350 seu

1158 1359 1320 1391 iusticiam
1355 1360 1466 1391 cordis
1501 1370 1613 1392 coram
1646 1361 1737 1398 Deo,
1773 1371 1838 1392 non
1868 1371 1969 1401 posse
1998 1363 2142 1393 existere

1158 1403 1229 1433 sine
1253 1401 1303 1433 his
1327 1403 1628 1435 obseruationibus.
1675 1403 1797 1435 Extant
1825 1405 1909 1435 enim
1933 1405 1973 1436 de
1996 1404 2062 1437 hoc
2086 1414 2143 1436 ne-

1159 1446 1257 1487 gocio
1297 1443 1398 1477 multa
1437 1446 1548 1486 inepta
1587 1447 1713 1487 scripta
1751 1448 2072 1486 Summistarumffl)
2111 1453 2144 1479 et

1158 1487 1307 1519 aliorum.

1246 1531 1314 1562 Sed
1337 1530 1424 1562 sicut
1447 1530 1617 1562 dissimilia
1647 1532 1762 1573 spacia
1785 1532 1911 1564 dierum
1935 1543 1975 1564 ac
1998 1534 2143 1565 noctium

1159 1583 1227 1605 non
1259 1572 1395 1604 laedunt
1424 1574 1580 1605 vnitatem
1604 1573 1793 1612 Ecclesiae,
1825 1576 1870 1606 lta
1893 1576 2052 1607 sentimus
2076 1585 2143 1607 non

1159 1616 1245 1648 laedi
1269 1626 1383 1647 veram
1406 1616 1562 1647 vnitatem
1587 1616 1762 1649 Ecclesiae
1785 1616 2001 1649 dissimilibus
2025 1619 2143 1650 ritibus

1159 1660 1314 1691 institutis
1342 1659 1384 1690 ab
1412 1658 1611 1691 hominibus.
1668 1660 1864 1702 Quanquam
1892 1659 2004 1702 placet
2033 1663 2143 1700 nobis,

1159 1708 1195 1733 vt
1228 1700 1438 1733 vniuersales
1470 1703 1571 1741 ritus,
1604 1710 1741 1743 propter
1772 1702 2044 1745 tranquillitatem
2074 1715 2143 1735 ser-

1159 1751 1287 1776 uentur.
1335 1744 1429 1776 Sicut
1451 1751 1484 1776 et
1506 1755 1570 1776 nos
1592 1746 1624 1777 in
1648 1745 1824 1788 Ecclesijs,
1848 1747 1994 1778 ordinem
2009 1746 2145 1785 Missae,

1159 1788 1244 1819 diem
1270 1786 1497 1825 Dominicum‚
1532 1794 1564 1819 et
1597 1788 1682 1819 alios
1712 1789 1782 1820 dies
1811 1789 1916 1821 festos
1941 1789 2144 1821 celebriores

1159 1829 1301 1861 libenter
1329 1839 1522 1867 seruamuS,
1554 1830 1594 1862 Et
1624 1832 1812 1873 gratissimo
1842 1833 1950 1864 animo
1973 1833 2142 1873 amplecti-

1161 1884 1233 1904 mur
1255 1871 1354 1904 vtiles
1376 1884 1417 1904 ac
1440 1879 1570 1904 veteres
1594 1874 1831 1913 ordinationes,
1856 1876 2050 1916 praesertim
2070 1886 2143 1907 cum

1161 1916 1351 1947 contineant
1379 1916 1641 1958 paedagogium,
1670 1928 1734 1958 qua
1763 1919 1900 1958 prodest
1928 1917 2086 1959 populum
2110 1924 2143 1950 et

1160 1959 1330 2000 imperitos
1359 1957 1575 2001 assuefacere
1605 1970 1646 1991 ac
1676 1961 1819 1999 docere,
1849 1961 1916 1991 Sed
1942 1972 2007 1992 non
2032 1962 2143 2002 dispu-

1160 2008 1268 2033 tamus
1302 2011 1408 2039 nunc,
1438 2012 1480 2032 an
1515 2002 1682 2033 conducat
1709 2010 1843 2044 propter
1873 2002 2143 2045 tranquillitatem

1160 2051 1218 2076 aut
1252 2043 1461 2086 corporalem
1495 2043 1665 2076 vtilitatern
1699 2056 1847 2077 seruare.
1895 2045 1969 2077 Alia
1998 2056 2051 2078 res
2074 2047 2142 2089 agi-

1161 2094 1229 2125 tur,
1263 2088 1460 2128 Disputatur
1489 2089 1592 2125 enim,
1621 2088 1737 2120 Vtrum
1767 2090 2018 2121 obseruationes
2043 2091 2142 2121 tradi-

1160 2131 1285 2162 tionum
1308 2130 1525 2162 humanarum
1556 2132 1620 2161 sint
1645 2130 1754 2163 cultus
1779 2133 1960 2174 necessarij
1985 2133 2026 2164 ad
2051 2133 2142 2164 iusti·

1161 2174 1243 2205 ciam
1267 2183 1380 2204 coram
1399 2172 1485 2211 Deo,
1510 2174 1581 2204 Hoc
1602 2180 1655 2205 est
1679 2175 1849 2215 κρινόμενον
1872 2175 1903 2205 in
1928 2176 1990 2206 hac
2009 2181 2141 2207 contro-

1159 2216 1280 2254 uersia,
1301 2226 1366 2257 quo
1386 2216 1579 2252 constituto,
1602 2223 1719 2257 postea
1733 2218 1867 2249 iudicari
1881 2224 2001 2258 potest,
2022 2217 2142 2249 Vtrum

1160 2260 1202 2290 ad
1226 2269 1337 2290 veram
1360 2259 1517 2290 vnitatem
1540 2258 1713 2291 Ecclesiae
1737 2270 1875 2292 necesse
1894 2261 1935 2291 sit
1960 2261 2079 2302 vbique
2097 2261 2141 2292 si-

1160 2302 1255 2333 miles
1284 2312 1361 2333 esse
1384 2302 1578 2334 traditiones
1605 2304 1775 2334 humanas.
1821 2303 1855 2334 Si
1886 2304 1969 2334 enim
1994 2304 2140 2335 traditio-

1160 2355 1220 2376 nes
1245 2345 1407 2376 humanae
1435 2355 1502 2376 non
1530 2351 1608 2376 sunt
1636 2345 1743 2377 cultus
1766 2346 1949 2387 netzessarij
1980 2347 2021 2377 ad
2048 2347 2140 2377 iusti-

1161 2389 1242 2420 ciam
1274 2398 1384 2419 coram
1416 2386 1509 2427 Deo,
1538 2387 1693 2430 Sequitur
1721 2399 1821 2430 posse
1849 2389 1955 2420 iustos
1990 2396 2021 2420 et
2050 2387 2139 2420 filios

1163 2431 1225 2462 Dei
1259 2441 1352 2468 esse,
1388 2432 1485 2462 etiam
1514 2431 1543 2461 si
1572 2442 1655 2473 quas
1685 2432 1876 2463 traditiones
1908 2442 1974 2462 non
2003 2431 2138 2470 habent,

1161 2484 1246 2516 quae
1280 2473 1359 2504 alibi
1393 2480 1546 2515 receptae
1579 2480 1666 2506 sunt.
1724 2473 1767 2505 Vt
1798 2475 1827 2505 si
1857 2473 1964 2506 forma
1997 2475 2138 2507 vestitus

1162 2610 1210 2644 ⁶4)
1227 2610 1434 2644 Summistarum]
1454 2611 1504 2635 Ed.
1523 2612 1547 2636 4.
1566 2615 1617 2644 typ.
1637 2619 1699 2636 erra:
1718 2611 1904 2636 Sumnintnmm

1895 2662 1931 2687 ³4
