2366 2958
235 185 297 217 491

235 276 476 321 perterrefacta
507 278 619 309 corda.
665 276 756 308 Talis
780 276 862 307 fides
890 285 998 316 neque
1027 273 1136 307 facilis
1158 285 1215 307 res

235 328 302 356 est,
332 328 368 352 vt
389 322 554 352 somniant
575 320 780 359 ailuersarij,
803 328 912 359 neque
936 317 1080 350 humana
1099 324 1216 359 poten-

235 366 291 403 tia,
315 364 382 395 Sed
404 363 513 394 diuina
536 363 692 403 potentia,
716 371 780 403 qua
803 361 1025 399 viuificamur,
1049 371 1115 402 qua
1139 361 1217 393 Dia-

235 406 347 439 bolum
371 413 403 437 et
426 412 563 437 mortem
581 405 754 442 vincimus,
779 404 872 436 Sicut
883 402 1009 435 Paulus
1027 405 1070 435 ad
1081 403 1216 436 Coloss.

235 451 298 490 ait,
331 449 421 491 quod
456 449 537 480 tides
565 449 608 478 sit
636 446 757 478 efficax
786 457 846 487 per
872 447 1053 487 potentiam
1075 446 1159 485 Dei,
1183 453 1217 478 et

234 494 346 525 vincat
373 498 521 523 mortem.
575 490 610 520 ln
635 499 700 531 quo
728 495 759 520 et
784 489 971 520 resuscitati
995 489 1075 521 estis
1097 499 1158 530 per
1180 489 1216 521 fi-

235 536 309 567 dem
339 535 505 576 potentiae
521 535 574 569 ⁵⁵)
601 531 674 563 Dei.
721 532 811 563 Haec
845 531 928 564 fides
958 542 1033 564 cum
1056 532 1100 562 sit
1128 542 1217 564 noua

236 579 302 609 vita
325 577 517 608 necessario
545 575 631 616 parit
653 585 760 606 nouos
784 580 892 606 motus
922 580 954 606 et
978 584 1090 616 opera.
1139 575 1215 606 ideo

235 621 376 652 lacobus
407 625 497 652 recte
527 624 627 659 negat
656 627 719 648 nos
743 617 799 648 tali
829 617 895 649 fide
917 617 1105 655 iustificari,
1130 627 1216 659 quae

236 669 288 695 est
322 664 394 693 sine
427 662 594 702 operibus.
652 659 748 695 Quod
783 666 892 692 autem
916 660 993 691 dicit
1015 669 1077 691 nos
1101 659 1217 692 iustifi-

237 707 304 737 cari
339 705 402 736 fide
435 711 467 735 et
501 704 675 745 operibus,
712 702 813 735 Certe
847 712 915 734 non
949 703 1025 734 dicit
1059 713 1122 733 nos
1156 712 1217 744 per

238 758 343 790 opera
377 747 527 785 renasci,
584 746 702 788 Neque
740 745 806 777 hoc
839 745 940 784 dicit,
975 746 1064 787 quod
1098 746 1216 787 partim

235 791 389 823 Christus
419 791 462 821 sit
484 790 703 831 propiciator,
733 789 852 830 partim
882 798 985 829 opera
1013 794 1128 819 nostra
1150 788 1217 819 sint

234 834 440 876 propiciatio,
473 833 546 864 Nec
565 832 721 863 describit
740 831 793 863 hic
813 832 946 863 modum
964 830 1216 870 iustificationis,

235 877 302 908 Sed
326 876 484 908 describit
507 873 623 917 quales
647 876 713 906 sint
735 875 830 912 iusti,
854 880 1031 916 postquam
1052 874 1116 905 iam
1138 879 1217 905 sunt

234 919 400 951 iustificati
423 924 454 950 et
477 918 593 949 renati.
638 917 679 949 Et
701 917 872 949 iustificari
891 916 1058 958 significat
1076 915 1130 947 hic
1148 926 1216 947 non

235 972 275 994 ex
299 963 396 1004 impio
419 962 539 993 iustum
564 958 664 998 efiici,
689 961 749 992 sed
772 970 835 992 vsu
858 958 984 991 forensi
1002 959 1125 990 iustum
1145 968 1219 1000 pro-
1243 960 1247 993 Ι

237 1005 406 1042 nunciari,
434 1005 529 1036 Sicut
551 1003 624 1038 hic,
653 1003 813 1034 Factores
836 1001 921 1044 legis
945 1001 1219 1033 iustificabuntur.
1244 997 1247 1039 Ι

238 1047 331 1080 Sicut
367 1048 467 1089 igitur
501 1046 585 1077 llaec
614 1047 717 1077 verba
751 1045 831 1076 nihil
858 1045 983 1076 liabent
1011 1045 1221 1083 incommodi,
1246 1057 1247 1061 ¹

236 1090 397 1122 Factores
419 1089 505 1131 legis
528 1089 812 1128 iustihcabuntur‚
836 1087 885 1119 lta
908 1087 950 1119 de
973 1087 1085 1120 iacobi
1108 1088 1221 1119 verbis

237 1134 415 1170 sentimus,
456 1131 652 1163 {ustificatur
680 1131 797 1169 houm,
833 1140 900 1162 non
931 1129 1040 1162 solum
1070 1140 1112 1162 ex
1143 1130 1221 1168 fide,

237 1177 298 1208 sed
329 1177 426 1207 etiam
455 1185 497 1206 ex
528 1175 697 1215 operibuS.
744 1174 830 1209 Quia
860 1178 950 1205 certe
980 1173 1056 1205 iusti
1079 1183 1221 1214 pronun-

237 1219 366 1250 ciantur
399 1217 548 1249 homines
578 1216 739 1249 habentes
773 1217 888 1254 fidem,
929 1222 962 1247 et
988 1217 1078 1248 bona
1107 1226 1221 1258 opera.

237 1262 321 1293 Nam
350 1262 437 1293 bona
468 1270 569 1302 opera
599 1260 631 1291 in
662 1259 807 1299 sanctis,
837 1266 872 1291 vt
896 1259 1050 1297 diximus,
1078 1261 1131 1297 ³³⁶)
1145 1264 1224 1291 sunt

235 1305 400 1342 iusti-ciac,
424 1309 457 1336 et
479 1302 613 1345 placent
635 1308 770 1344 propter
794 1302 901 1334 fidem.
937 1302 1023 1334 Nam
1046 1301 1130 1333 haec
1152 1307 1223 1334 tau-

236 1353 304 1379 tum
338 1356 441 1388 opera
474 1347 644 1388 praedicat
680 1346 838 1383 lacobus,
874 1354 958 1387 quae
991 1345 1076 1376 fides
1110 1342 1224 1383 efficit,

237 1391 324 1422 sicut
346 1396 499 1428 testatur,
523 1400 596 1421 cum
616 1390 657 1420 de
677 1388 848 1420 Abraham
866 1388 955 1426 dicit,
977 1386 1076 1419 Fides
1089 1387 1223 1419 adiuuat
1246 1416 1250 1429 ,

236 1443 341 1474 opera
362 1434 445 1464 eiuS.
490 1432 526 1463 In
549 1432 637 1463 hanc
658 1432 866 1463 sentenciam
896 1431 1031 1469 dicitur,
1060 1431 1222 1463 Factores
1246 1430 1250 1468 Ι

236 1475 323 1519 legis
342 1475 574 1513 iustificantur,
598 1474 663 1506 hoc
685 1480 749 1514 est,
771 1475 848 1507 iusti
871 1475 1145 1516 pronunciantur,
1167 1475 1223 1515 qui

237 1520 340 1551 corde
363 1519 503 1551 credunt
513 1517 600 1556 Deo,
623 1523 656 1549 et
677 1518 796 1550 deinde
815 1518 939 1549 habent
956 1518 1064 1549 bonos
1082 1515 1224 1555 fructus,

239 1563 295 1604 qui
326 1560 461 1604 placent
490 1567 627 1603 propter
653 1559 769 1603 fidem),
799 1560 945 1602 ideoque
972 1566 1050 1592 sunt
1078 1559 1224 1601 impletio

238 1604 334 1647 leg-is.
380 1604 473 1636 Haec
496 1603 688 1646 simpliciter
710 1604 754 1635 ita
776 1604 865 1635 dicta
888 1602 967 1635 nihil
990 1602 1114 1635 habent
1135 1603 1225 1643 vicii,

239 1649 300 1680 sed
330 1648 555 1688 deprauantur
584 1648 627 1678 ab
657 1646 872 1688 aduersarijs,
900 1647 956 1688 qui
985 1647 1027 1678 de
1047 1655 1110 1678 suo
1129 1644 1225 1677 affin-

238 1696 320 1733 gunt
358 1691 474 1732 impias
501 1690 686 1731 opiniones,
740 1689 815 1722 Non
845 1689 930 1721 enim
965 1690 1114 1731 sequitur
1135 1688 1224 1726 hinc,

238 1743 342 1776 opera
363 1734 482 1765 mereri
505 1733 733 1765 remissionem
755 1738 982 1774 peecatorum,
1004 1741 1107 1773 opera
1129 1741 1224 1774 rege-

238 1786 357 1808 nerare
391 1776 513 1815 corda,
547 1785 650 1817 opera
686 1785 764 1807 esse
798 1775 1087 1817 propiciationem,
1120 1784 1224 1817 opera

239 1818 375 1861 placere
402 1820 473 1850 sine
501 1819 722 1861 propiciatore
742 1817 895 1856 Christo,
918 1817 1030 1860 Opera
1052 1827 1118 1849 non
1141 1818 1223 1849 indi-

240 1872 320 1904 gere
355 1863 578 1904 propiciatore
612 1861 755 1894 Christo.
773 1864 826 1899 ³¹⁶)
875 1860 1003 1893 Horum
1030 1860 1113 1893 nihil
1146 1861 1225 1893 dicit

242 2051 289 2083 5⁵)
310 2051 452 2083 potentiae]
474 2051 553 2075 Editt.
573 2051 665 2075 2-4,:
685 2050 819 2075 efficaciae

239 2094 286 2125 66)
305 2100 364 2118 sunt
382 2095 508 2122 justiciae,
527 2099 551 2117 et
571 2095 672 2125 piarent
691 2106 723 2111 ——
738 2107 770 2111 -—
789 2107 818 2111 —
838 2100 888 2117 non
909 2093 1029 2123 indigere
1049 2093 1220 2123 propiciatore

309 2128 436 2160 Christo]
456 2129 536 2152 Editt.
558 2129 647 2152 2—4.:
672 2134 729 2152 sunt
755 2129 870 2152 instit-iae
895 2127 976 2159 legis,
1005 2134 1071 2158 quae
1097 2132 1155 2150 sunt
1179 2134 1220 2150 ac—

308 2168 400 2195 ceptae
420 2168 523 2194 propter
542 2162 634 2190 fidem.
660 2170 706 2186 nec
731 2167 790 2186 sunt
814 2166 951 2193 acceptae.
977 2163 1038 2193 quia
1061 2161 1220 2185 satisfaciant

310 2199 370 2228 legi.
407 2198 579 2222 Iustiticantur
599 2198 676 2227 igitur
695 2197 812 2221 homines
832 2204 864 2220 ex
889 2196 940 2220 fide
959 2200 984 2220 et
1007 2196 1143 2228 operibus,
1168 2203 1219 2219 non

308 2237 412 2265 propter
431 2240 525 2263 opera,
550 2232 594 2255 sed
615 2237 720 2262 propter
740 2232 829 2261 tidem,
849 2239 924 2262 quarn
943 2235 1027 2254 tamen
1054 2231 1121 2254 bona
1141 2237 1220 2261 operti

310 2269 380 2298 sequi
401 2274 502 2291 neccsse
522 2270 566 2289 est.
604 2265 713 2289 lacobus
738 2267 805 2289 enim
831 2266 944 2296 loquitur
968 2265 999 2288 ‘le
1025 2264 1064 2288 his
1091 2265 1220 2296 operibus,

309 2309 375 2332 quae
393 2301 470 2325 fldem
490 2305 640 2332 sequuntur,
660 2301 726 2323 siout
746 2304 853 2323 tonatur
871 2307 928 2323 cum
948 2299 998 2328 nit,
1019 2299 1094 2323 Fides
1113 2300 1219 2322 adiuuat

309 2343 390 2366 opera
414 2337 475 2359 eius.
513 2336 556 2359 Sic
581 2334 760 2366 accipiendum
784 2339 837 2362 est,
861 2333 983 2358 martores
1007 2333 1071 2365 togis
1098 2334 1219 2358 iustifica-

310 2371 418 2399 bnntur,
436 2371 486 2394 hoc
510 2375 560 2398 est,
580 2371 623 2400 qui
648 2370 756 2393 credunt
775 2374 799 2392 et
819 2369 913 2392 habt-nt
931 2369 1012 2392 bonos
1032 2369 1143 2398 fruetus,
1163 2369 1220 2392 insti

311 2407 523 2435 pronum-tantur.
559 2404 627 2428 Nam
647 2404 688 2427 lex
709 2405 744 2428 ita
763 2403 800 2432 fit,
819 2405 839 2427 si
860 2404 996 2431 eredimus,
1016 2408 1037 2427 et
1059 2402 1143 2433 plnret
1162 2410 1220 2434 pro-

311 2444 364 2470 pter
384 2439 474 2466 tidem,
494 2446 545 2463 non
565 2439 633 2468 qno-i
660 2445 740 2469 opem
758 2438 810 2467 tegi
834 2437 1003 2462 satisfaciunt.
1041 2437 1079 2460 Itn
1105 2438 1221 2460 uidemus

311 2475 335 2496 ln
354 2474 393 2496 his
413 2475 550 2505 sentenciis
576 2472 638 2496 nihil
663 2480 718 2496 csso
743 2473 818 2502 nic—ij,
843 2472 887 2495 neri
913 2472 1052 2503 vlucrsurij
1079 2472 1221 2502 depranam

312 2514 370 2535 eas,
397 2510 439 2538 qui
466 2509 497 2531 dc
523 2515 569 2531 sno
594 2508 720 2537 affingunt
747 2508 837 2538 impias
862 2507 1006 2537 opiniones.
1047 2506 1136 2537 Neque
1155 2507 1221 2530 enim
1246 2529 1251 2544 ι

311 2543 400 2565 dir-unt
421 2551 498 2573 opera
517 2544 608 2566 mereti
628 2543 802 2565 reni-sionem
822 2546 1002 2572 pet‘cnlornm,
1022 2541 1140 2564 hominos
1165 2548 1221 2571 pro-

312 2581 367 2606 pter
386 2585 463 2606 rip-*ru
488 2583 606 2607 acceptos
627 2584 696 2604 cue,
721 2584 764 2599 sen
792 2579 871 2600 iusto.-
892 2579 1017 2606 repuinrt.
1042 2583 1092 2598 nnn
1119 2580 1223 2607 propter
1247 2563 1254 2667 Ι

312 2610 454 2637 obrutum,
474 2619 552 2641 opera
571 2618 663 2642 parare
688 2612 766 2634 corda
790 2615 815 2634 et
838 2612 942 2634 uincere
967 2611 1030 2634 iram
1055 2611 1119 2638 Doi,
1144 2617 1224 2641 opera

311 2651 362 2668 non
381 2646 497 2675 indigere
517 2646 701 2669 misericordia.

683 182 796 216 PmL.
819 181 924 214 MEL.
945 181 1135 214 SCRIPTA
1155 181 1425 216 DOGMATicA
1448 184 1504 216 ET
1526 184 1801 218 SYMBoLtcA.

2186 188 2252 223 402

1269 276 1431 316 lacobus,
1460 287 1546 319 quae
1574 283 1686 309 tamen
1708 278 1915 319 impudenter
1937 280 2177 315 ratiocinantur
2197 282 2254 315 ad·

1268 320 1410 361 uersarij
1433 330 1476 352 ex
1499 320 1612 352 iacobi
1635 321 1756 353 verbis.
1774 322 1827 358 ⁵⁷)

1355 362 1506 394 citantur
1533 363 1698 395 aduersus
1728 373 1790 396 nos
1815 369 1848 395 et
1875 362 1961 396 aliae
1989 365 2154 406 quaedam
2175 376 2253 399 sen·

1268 406 1401 443 tentiae,
1425 405 1466 436 de
1489 407 1657 447 operibus,
1679 405 1792 438 Lucae
1810 407 1853 438 vi.
1899 405 2067 439 Remittite
2089 413 2121 439 et
2142 410 2254 443 remis

1267 454 1377 479 tentur
1400 448 1508 486 vobis,
1532 448 1653 479 Esaiae
1672 448 1754 489 lviij.
1799 449 1932 491 Frange
1953 450 2111 482 esurienti
2134 461 2253 492 panem

1267 496 1370 528 tuum,
1405 496 1484 522 tunc
1517 491 1689 523 inuocabis
1721 497 1754 522 et
1787 489 1950 523 Dominus
1979 493 2150 531 exaudiet,
2184 493 2252 526 Da·

1267 531 1362 564 nielis
1382 533 1437 573 iiij.
1472 533 1616 565 Peccata
1639 539 1695 565 tua
1707 532 1911 576 elemosynis
1929 535 2065 574 redime,
2085 535 2202 568 Matth.
2218 547 2252 575 v,

1268 575 1364 607 Beati
1398 586 1562 617 pauperes
1596 576 1732 616 spiritu,
1772 577 1850 617 quia
1882 575 1996 609 talium
2030 584 2083 609 est
2115 588 2254 621 regnum

1268 617 1449 650 coelorum.
1502 618 1599 657 item,
1635 618 1730 650 Beati
1752 620 2004 658 misericordes,
2032 621 2109 661 quia
2131 623 2256 653 miseri-

1269 661 1417 693 cordiam
1440 667 1697 703 consequentur.
1747 661 1819 692 Hae
1842 663 2033 694 sentenciae
2056 664 2154 695 etiam
2175 662 2256 696 nihil

1267 703 1427 735 haberent
1450 704 1660 742 incommodi,
1684 705 1713 736 si
1735 703 1816 735 nihil
1839 703 2040 747 affingerent
2057 706 2255 747 aduersarii.

1268 746 1344 778 Duo
1369 747 1454 778 enim
1478 748 1665 785 continent,
1711 745 1862 778 Alterum
1885 754 1938 779 est
1966 749 2171 789 praedicatio
2193 759 2257 782 seu

1268 788 1373 831 legiS,
1402 800 1463 821 seu
1486 791 1727 831 poenitentiae,
1750 800 1836 832 quae
1859 797 1892 821 et
1915 791 2024 833 arguit
2046 790 2256 824 malefacien-

1268 837 1339 866 tes,
1373 838 1407 863 et
1433 833 1524 864 iubet
1553 833 1774 870 benefacere,
1821 831 1974 865 Alterum
2004 838 2057 865 est
2079 835 2256 874 promissio

1271 884 1357 916 quae
1382 875 1523 907 additur.
1568 876 1685 917 Neque
1706 885 1788 907 vero
1811 876 2015 916 adscriptum
2040 883 2092 910 est
2114 883 2257 917 peccata

1270 917 1390 948 remitti
1419 917 1492 949 sine
1524 917 1608 956 fide,
1646 924 1703 949 aut
1737 919 1811 959 ipsa
1846 928 1949 959 opera
1983 918 2257 959 propiciationem

1270 969 1360 997 esse,
1389 958 1530 1000 Semper
1559 966 1669 992 autem
1695 962 1728 992 in
1758 962 2006 1002 praedicatione
2035 961 2139 1003 legis,
2169 961 2256 994 haec

1271 1003 1337 1034 duo
1361 1008 1495 1043 oportet
1519 1001 1676 1045 intelligi,
1703 1010 1737 1034 et
1765 1004 1852 1045 quod
1877 1003 1931 1036 lex
1960 1013 2027 1035 non
2051 1005 2162 1045 possit
2183 1004 2256 1036 fieri

1271 1046 1333 1076 nisi
1358 1044 1423 1076 fide
1446 1046 1479 1076 in
1502 1044 1671 1077 cinisium
1695 1047 1801 1077 renati
1819 1055 1948 1085 sumus,
1972 1046 2068 1078 Sicut
2091 1048 2137 1078 ait
2160 1046 2256 1079 Chri·

1271 1094 1358 1125 stus,
1382 1088 1462 1119 Sine
1484 1097 1537 1119 me
1559 1087 1639 1119 nihii
1661 1089 1801 1130 potestis
1825 1087 1950 1120 facere.
1995 1088 2037 1121 Et
2060 1095 2095 1120 vt
2118 1090 2260 1121 maxime

1273 1131 1343 1162 fieri
1366 1131 1498 1171 possint
1521 1132 1685 1172 quaedam
1709 1138 1846 1164 externa
1868 1141 1988 1172 opera,
2010 1132 2184 1163 retinenda
2205 1138 2260 1164 est

1272 1173 1357 1205 haec
1379 1173 1580 1206 vniuersalis
1604 1176 1780 1212 sententia,
1805 1183 1892 1216 quae
1914 1180 2015 1206 totam
2034 1173 2142 1216 legem
2161 1175 2262 1207 inter-

1271 1222 1432 1258 pretatur,
1466 1216 1546 1248 Sine
1578 1217 1645 1248 fide
1677 1215 1884 1258 impossibile
1918 1223 1971 1248 est
2003 1215 2139 1258 placere
2170 1215 2260 1256 Deo,

1274 1259 1492 1291 Retinendum
1526 1265 1580 1291 est
1606 1258 1841 1302 Euangelium,
1875 1260 1965 1301 quod
1999 1269 2060 1301 per
2088 1258 2261 1293 Christum

1273 1303 1455 1334 habeamus
1479 1312 1656 1335 accessum
1679 1304 1723 1334 ad
1746 1303 1890 1334 Patrem.

1360 1344 1501 1377 Constat
1529 1346 1614 1377 enim
1643 1346 1734 1387 quod
1760 1356 1827 1377 non
1857 1344 2073 1376 iustificamnr
2103 1354 2145 1376 ex
2174 1343 2263 1387 lege,

1274 1387 1409 1430 Alioqui
1433 1398 1592 1430 quorsum
1620 1398 1706 1430 opus
1729 1394 1821 1421 esset
1844 1387 2000 1426 Christo,
2033 1393 2090 1420 aut
2111 1387 2263 1430 Euange-

1275 1431 1331 1469 lio,
1353 1432 1383 1462 si
1406 1431 1482 1463 sola
1503 1432 1708 1473 praedicatio
1731 1431 1819 1474 legis
1837 1431 2020 1469 sufficeret,
2040 1431 2099 1463 Sic
2116 1431 2149 1462 in
2167 1439 2264 1472 prae-

1275 1475 1440 1506 dieatione
1467 1475 1708 1515 poenitentiae,
1738 1484 1806 1506 non
1833 1473 1960 1506 sufficit
1987 1473 2195 1515 praedicatio
2217 1471 2264 1506 le-

1276 1517 1347 1560 gis,
1377 1526 1438 1549 seu
1458 1518 1597 1549 verbum
1626 1527 1772 1560 arguens
1800 1522 1958 1559 peccata,
1993 1516 2071 1558 quia
2098 1514 2153 1547 lex
2179 1517 2264 1548 iram

1277 1566 1447 1602 operatur,
1474 1565 1602 1592 tantum
1624 1567 1782 1599 accusat,
1809 1565 1937 1592 tantum
1959 1564 2064 1590 terret
2087 1559 2263 1590 conscien-

1276 1604 1360 1641 tias,
1387 1603 1464 1644 quia
1493 1603 1720 1634 conscientiae
1742 1613 1911 1645 nunquam
1933 1601 2171 1643 acquiescunt,
2199 1601 2265 1633 nisi

1276 1646 1412 1678 audiant
1443 1655 1563 1677 vocem
1591 1644 1673 1684 Dei,
1706 1646 1739 1676 in
1766 1655 1833 1687 qna
1862 1643 1954 1677 clare
1986 1643 2186 1685 promittitur
2211 1653 2264 1676 re-

1276 1689 1392 1720 missio
1420 1695 1645 1730 peccatorum.
1696 1688 1775 1720 Ideo
1804 1698 1946 1721 necesse
1973 1693 2027 1720 est
2053 1687 2131 1719 addi
2152 1685 2263 1719 Euan·

1277 1731 1414 1774 gelium,
1442 1732 1533 1774 quod
1560 1737 1698 1773 propter
1727 1731 1897 1764 Christum
1924 1735 2066 1773 peccata
2093 1729 2262 1762 remittan-

1275 1781 1346 1814 tur,
1369 1781 1402 1807 et
1425 1775 1516 1817 quod
1538 1774 1604 1806 fide
1625 1776 1659 1806 in
1683 1775 1852 1807 Christum
1880 1782 2126 1816 consequamur
2147 1772 2263 1805 remla-

1276 1820 1404 1850 sioncm
1450 1824 1674 1859 peccatorum.
1734 1817 1771 1850 Si
1805 1817 1986 1850 excludunt
2022 1816 2207 1855 aduersarij
2240 1825 2263 1848 a

1275 1861 1523 1904 praedicatione
1544 1861 1783 1902 poenitentiae,
1806 1859 2024 1902 Euangelium
2046 1858 2090 1890 de
2112 1857 2262 1896 Christo,

1276 1905 1392 1937 merito
1432 1910 1511 1935 sunt
1549 1903 1714 1935 iudicandi
1749 1902 1933 1945 blasphemi
1966 1903 2131 1934 aduersus
2165 1900 2262 1932 Chri·

1275 1953 1373 1980 stum.
1430 1947 1546 1989 ltaque
1581 1957 1654 1978 cum
1689 1945 1807 1977 Esaias
1842 1947 1947 1987 primo
1976 1945 2058 1986 Oap.
2089 1943 2261 1985 praedicat

1274 1990 1518 2032 poenitentiam.
1543 1989 1714 2025 Quiescite
1727 1999 1829 2031 agere
1843 1998 2016 2030 peruerse,
2027 1988 2146 2019 discite
2159 1987 2260 2019 beno-

1274 2033 1406 2071 i'ncere,
1430 2033 1558 2074 querite
1581 2032 1761 2069 iusticiam,
1782 2032 1958 2063 subuenite
1981 2039 2158 2072 oppresse,
2178 2028 2258 2071 iudi·

1273 2083 1348 2108 cate
1372 2075 1509 2117 pupillo,
1534 2074 1701 2107 defendite
1723 2075 1833 2112 vidua,
1858 2081 1890 2106 et
1911 2075 2031 2112 venite,
2049 2080 2083 2106 et
2101 2078 2258 2114 exposta·

1273 2118 1342 2150 late
1365 2129 1504 2156 mecum,
1526 2119 1560 2149 Si
1581 2117 1703 2149 suerint
1718 2123 1857 2159 peccata
1875 2123 2000 2155 vestra,
2019 2123 2054 2148 vt
2066 2116 2258 2153 coccinum,

1274 2163 1369 2204 quasi
1390 2163 1446 2194 nix
1471 2161 1724 2193 dealbabuntur.
1770 2161 1828 2192 Sic
1851 2167 1883 2192 et
1906 2159 2059 2191 hortatur
2080 2159 2123 2190 ad
2146 2158 2258 2200 poeni-

1275 2205 1409 2237 tentiam.
1435 2204 1613 2245 Propheta,
1636 2210 1669 2235 et
1692 2205 1782 2235 addit
1802 2204 2067 2245 promissionem.
2114 2201 2155 2233 Et
2175 2199 2258 2233 sud·

1275 2254 1342 2279 tum
1365 2246 1461 2279 suerit
1484 2249 1515 2278 in
1540 2247 1596 2279 tnli
1619 2248 1790 2279 sentencia
1809 2253 1934 2279 tantum
1952 2246 2036 2278 haec
2056 2254 2159 2286 opera
2177 2253 2257 2275 con·

1272 2291 1439 2328 siderare,
1472 2291 1653 2322 subuenire
1699 2299 1884 2332 oppresso,
1931 2289 2080 2321 indicare
2119 2284 2257 2329 pupillo,

1274 2334 1365 2365 initio
1396 2335 1480 2365 enim
1510 2334 1569 2370 nit,
1597 2333 1736 2364 desinite
1762 2342 1864 2375 agere
1888 2341 2064 2373 peruerse.
2087 2330 2143 2361 vbi
2166 2334 2257 2361 taxat

1273 2377 1473 2418 impietatem
1508 2376 1636 2413 cordis,
1669 2383 1702 2407 et
1737 2376 1870 2417 requirit
1907 2375 2020 2410 tidem,
2061 2373 2132 2405 Nec
2176 2372 2255 2404 dicit

1275 2420 1448 2460 Propheta,
1472 2420 1560 2461 quod
1584 2429 1642 2460 per
1665 2429 1767 2460 opera
1791 2417 1859 2452 illa.
1882 2418 2060 2449 subuenire
2076 2424 2254 2458 oppresso,

1274 2464 1417 2495 iuzlivarc
1442 2461 1578 2505 pupillo,
1603 2464 1719 2494 mereri
1742 2461 1872 2503 possint
1891 2461 2120 2492 remissionem
2139 2468 2255 2501 pecca-

1275 2610 1321 2639 ⁶7)
1342 2609 1505 2640 impudenter
1524 2608 1713 2632 ratiocinantur
1733 2607 1876 2638 aduernrij
1896 2613 1927 2630 ex
1946 2605 2034 2631 ΙιοοΜ
2053 2604 2161 2638 verbbJ
2172 2604 2252 2630 udin.

1345 2645 1434 2667 2—4.:
1453 2644 1596 2674 aduersarii
1617 2642 1700 2666 uerbi:
1721 2641 1809 2666 iacobi
1828 2641 1962 2672 affingunt.
