2366 2958
184 132 245 164 641
535 132 571 164 ΙΙ.
618 131 843 165 APOLOGIA
866 132 1184 168 CONFESStt)Nts

184 227 426 265 ordinationes,
448 232 481 258 et
502 226 697 258 donationes
721 225 908 267 Principum
931 234 961 258 et
986 226 1157 269 priuilegia
1182 245 1185 267 :

184 282 250 303 non
284 269 538 311 reprehendere.
584 269 650 300 Sed
683 270 804 300 vtinam
833 269 979 300 vicissim
1007 269 1157 301 audirent

183 313 365 354 aduersarij
402 311 558 354 querelas
590 310 815 343 Ecclesiarum
849 318 881 343 et
910 313 1034 353 piarum
1068 322 1157 344 men·

183 357 271 389 tium.
317 355 502 397 Dignitates
527 361 557 385 et
581 365 663 396 opes
690 364 771 386 suas
793 352 921 386 fortiter
949 361 1080 386 tuentur
1102 355 1157 386 ad-

183 399 336 439 uersas-ij,
360 398 491 429 Interim
515 403 635 428 statum
650 395 873 429 Ecclesiarum
892 396 1077 439 negligunt,
1090 407 1157 428 non

182 447 300 475 curant
322 444 412 473 recte
436 440 548 471 doceri
578 438 767 478 Ecclesias‚
798 446 829 471 et
858 446 1066 471 sacramenta
1096 441 1156 471 rite

181 484 326 516 tractari.
373 483 426 514 Ad
450 483 678 515 Sacerdotium
702 483 876 514 admittunt
898 481 1062 524 quoslibet
1084 483 1156 513 sine

180 527 383 561 discrimine,
418 526 540 557 Postea
574 526 743 567 imponunt
776 534 879 556 onera
910 523 1152 563 intollerabilia,

181 571 277 612 quasi
305 568 510 600 delectentur
540 569 644 599 exicio
673 567 829 605 aliorum,
858 577 937 599 suas
962 568 1155 599 traditiones

180 612 281 655 longe
302 612 492 643 accuratius
516 612 642 642 seruari
670 609 854 651 postulant,
905 621 978 641 uam
1006 610 1154 652 Euange-

180 655 269 687 lium.
315 654 411 686 Nunc
434 655 465 685 in
497 654 703 696 grauissimis
730 660 762 684 et
790 650 890 684 distici
907 651 992 684 limis
1024 660 1155 684 contro-

180 698 317 740 uersijs‚
342 697 383 729 de
405 698 523 739 quibus
545 695 686 738 populus
710 696 828 726 misere
851 696 941 737 cupit
963 696 1092 734 doceri,
1119 702 1155 727 vt

181 741 301 774 babeat
325 739 449 782 aliquid
473 741 553 771 certi
577 739 666 781 quod
689 743 863 779 sequatur,
888 748 955 769 non
978 739 1155 779 expediunt

179 791 325 822 mentes,
348 793 431 825 quas
456 783 620 814 dubitacio
647 781 862 812 acerbissime
891 781 1027 813 cruciat.
1071 781 1154 812 Tan-

180 834 246 859 tum
271 827 480 859 conclamant
499 825 540 856 ad
564 833 672 862 arma,
697 830 869 864 praeterea
897 825 928 855 in
960 825 1059 855 rebus
1086 835 1153 855 ma-

179 869 306 902 nifestis
330 870 461 900 decreta
489 868 651 909 sanguine
681 867 805 908 scripta
835 873 1038 908 proponunt,
1068 877 1154 909 quae

179 914 342 945 minantur
363 911 529 942 horrenda
552 908 714 951 supplicia
736 909 939 947 hominibus.
969 910 1032 941 nisi
1055 910 1153 941 mani-

178 954 263 987 feste
296 961 413 986 eontra
446 954 601 984 mandata
635 951 698 983 Dei
732 950 865 983 faciant.
913 952 973 983 Hic
1008 953 1153 984 vicissim

179 998 353 1040 oportebat
394 1006 454 1027 vos
496 996 608 1027 videre
641 993 829 1037 lachrymas
868 996 1083 1034 miserorum,
1121 1003 1153 1027 et

180 1041 295 1072 audire
317 1037 522 1071 miserabiles
546 1037 700 1079 querelas
723 1037 899 1069 multorum
918 1038 1079 1070 bonorum
1096 1038 1155 1070 ho-

178 1085 312 1121 minum,
336 1092 420 1125 quas
441 1080 531 1113 haud
554 1082 651 1112 dubie
673 1081 819 1121 respicit,
844 1087 876 1112 et
899 1082 1031 1112 exaudit
1047 1079 1153 1119 Deus,

179 1127 231 1157 cui
254 1124 432 1168 aliquando
460 1125 620 1156 rationem
650 1124 894 1165 procurationis
924 1130 1056 1155 vestrae
1086 1125 1155 1156 red-

177 1169 275 1201 dituri
298 1169 389 1200 estis.

264 1211 347 1244 Cum
381 1218 490 1243 autem
520 1220 581 1241 nos
610 1210 642 1240 in
671 1208 901 1247 confessione,
930 1209 962 1240 in
990 1209 1054 1241 hoc
1081 1210 1154 1241 arti·
1181 1247 1184 1250 ἢ

178 1253 266 1292 culo,
290 1255 402 1286 varios
426 1252 523 1284 locos
547 1251 711 1294 complexi
730 1252 845 1290 simus,
868 1253 1051 1293 aduersarij
1075 1251 1156 1284 nihil

178 1298 391 1338 respondent,
413 1297 477 1328 nisi
496 1296 682 1337 Episcopos
705 1294 828 1326 habere
847 1301 1047 1336 potestatem
1071 1295 1155 1337 regi-

177 1341 272 1371 minis
301 1346 333 1371 et
363 1338 586 1371 cohercitiuae
617 1338 853 1375 correctionis,
883 1338 924 1369 ad
949 1338 1154 1380 dirigendum

175 1383 327 1414 subditos
351 1383 382 1413 in
407 1381 506 1412 finem
530 1381 740 1412 beatitudinis
762 1385 928 1412 aeternae.
968 1380 1010 1411 Et
1032 1381 1075 1412 ad
1097 1390 1154 1422 po-

176 1430 330 1457 testatem
366 1424 552 1467 regiminis,
592 1423 715 1464 requiri
749 1427 947 1464 potestatem
979 1423 1155 1462 iudicandi,

177 1467 371 1506 definiendi,
405 1466 633 1503 discernendi,
667 1471 699 1496 et
731 1465 897 1496 statuendi
927 1475 966 1496 ea
995 1475 1079 1507 quae
1112 1467 1183 1527 ad'

175 1509 358 1553 praefatum
391 1510 489 1541 finem
524 1509 700 1550 expediunt
728 1515 784 1539 aut
813 1508 1013 1540 conducunt.
1063 1508 1155 1540 Haec

175 1559 254 1585 sunt
277 1553 382 1584 verba
406 1551 651 1589 confutationis,
674 1551 707 1582 in
731 1551 851 1592 quibus
870 1551 991 1582 docent
1012 1561 1076 1583 nos
1098 1551 1167 1583 adr

175 1596 334 1636 uersarij,
362 1596 451 1637 quod
478 1594 635 1636 Episcopi
664 1594 809 1625 habeant
836 1594 1046 1626 autoritatem
1077 1604 1154 1625 con-

176 1639 273 1670 dendi
302 1638 398 1680 leges
426 1637 524 1669 vtiles
552 1637 594 1669 ad
627 1635 894 1678 consequendam
922 1637 1022 1669 vitam
1049 1643 1155 1669 aeter-

176 1692 261 1714 nam.
305 1680 359 1712 De
381 1680 446 1712 hoc
468 1679 608 1713 articulo
632 1679 860 1712 controuersia
883 1685 946 1711 est.

262 1724 402 1766 Oportet
429 1729 537 1755 autem
564 1724 596 1755 in
627 1722 779 1754 Ecclesia
808 1723 951 1754 retinere
980 1721 1066 1754 hanc
1096 1723 1152 1755 do-

176 1768 326 1806 ctrinam,
349 1767 438 1808 quod
457 1767 559 1808 gratis
583 1772 719 1808 propter
739 1764 903 1797 Christum
927 1765 991 1797 fide
1009 1766 1151 1808 accipia-

174 1819 249 1842 mus
282 1810 512 1841 remissionem
546 1816 768 1850 peccatorum.
826 1808 966 1850 Oportet
999 1815 1031 1841 ct
1064 1808 1151 1841 hanc

175 1853 359 1884 doctrinam
382 1852 527 1890 retineri,
549 1852 639 1894 quod
667 1852 831 1883 humanae
849 1852 1061 1889 traditiones,
1086 1854 1151 1883 sint

175 1893 306 1926 inutiles
331 1894 458 1933 cultus,
486 1904 589 1936 quare
615 1905 677 1926 nec
707 1900 898 1935 pecmtum,
929 1905 993 1926 nec
1020 1895 1151 1927 iusticia

174 1938 207 1969 in
230 1938 315 1977 cibo,
339 1944 428 1979 potu,
453 1939 583 1976 vestitu,
608 1944 640 1968 et
652 1936 812 1968 similibus
830 1938 932 1969 rebus
955 1936 1150 1970 collocanda

175 1987 236 2019 est,
260 1991 397 2022 quarum
420 1990 516 2012 vsum
539 1979 642 2012 voluit
660 1979 814 2012 Christus
836 1979 976 2012 liberum
999 1981 1151 2022 relinqui,

176 2034 249 2055 cum
271 2023 324 2055 ait.
371 2022 467 2058 Quod
490 2024 589 2054 intrat
612 2024 644 2054 in
667 2033 706 2054 os
731 2033 796 2054 non
828 2024 1018 2066 coinquinat
1047 2023 1150 2056 homi-

174 2076 260 2097 nem.
306 2065 348 2096 Et
373 2064 508 2104 Paulus,
532 2065 683 2109 Regnum
705 2064 788 2104 Dei,
810 2076 877 2097 non
901 2073 952 2098 est
976 2076 1069 2105 esca,
1093 2073 1150 2099 aut

174 2115 283 2150 potus.
335 2108 447 2150 ltaque
480 2107 604 2140 nullum
642 2108 765 2140 habent
796 2110 847 2141 ius
880 2109 1037 2151 Episcopi
1072 2121 1149 2142 con-

174 2152 272 2183 dendi
296 2151 488 2182 traditiones
517 2157 610 2183 extra
637 2150 872 2194 EuangeHum,
902 2159 937 2184 vt
963 2158 1151 2185 mereantur

174 2195 403 2226 remissionem
426 2200 657 2236 peccatorum,
681 2200 716 2226 vt
736 2195 801 2226 sint
825 2195 954 2235 cultus,
979 2206 1064 2238 quos
1093 2207 1149 2238 ap-

173 2238 292 2279 probet
326 2236 420 2269 Deus
459 2243 615 2279 tanquam
645 2238 823 2276 iusticiam,
857 2245 889 2270 et
918 2239 972 2281 qui
1009 2245 1148 2280 grauent

173 2281 415 2319 conscientias,
448 2281 493 2311 ita
528 2286 561 2312 vt
618 2286 767 2312 cenatum
800 2282 843 2312 sit
884 2291 945 2313 eos
986 2282 1147 2314 omittere.

174 2325 265 2356 Haec
288 2323 397 2355 omnia
427 2323 525 2354 docet
554 2333 595 2354 ve
636 2334 720 2355 vnus
748 2323 861 2355 Locus
888 2325 920 2355 in
949 2325 1059 2363 Actis,
1093 2326 1147 2356 vbi

174 2365 325 2407 Apostoli
349 2366 468 2397 dicunt.
516 2366 595 2398 Fide
617 2366 780 2407 purificari
809 2367 921 2399 corda.
967 2367 1008 2399 Et
1029 2368 1148 2399 deinde

173 2408 351 2450 prohibent
373 2410 540 2450 imponere
564 2410 694 2452 iugum,
724 2415 756 2440 et
787 2411 964 2442 ostendunt
991 2417 1147 2453 quantum

173 2450 310 2493 periculi
334 2452 387 2489 sit,
412 2458 617 2494 exaggerant
641 2459 813 2493 peccatum
837 2454 974 2485 istorum
996 2454 1050 2495 qui
1071 2463 1145 2485 one-

173 2500 247 2525 rant
280 2493 475 2525 Ecclesiam.
533 2495 617 2531 Quid
653 2497 785 2527 tentatis
818 2493 944 2534 Deum,
976 2496 1149 2538 inquiunt?

174 2536 246 2568 Hoc
269 2536 403 2569 fulmine
432 2537 511 2569 nihil
540 2545 705 2570 terrentur
735 2539 916 2580 aduersarij
946 2539 1067 2578 nostri,
1093 2540 1147 2581 qui

173 2580 204 2611 vi
229 2579 407 2612 defendunt
428 2581 618 2613 traditiones
642 2588 674 2612 et
696 2581 810 2623 impias
834 2581 1017 2623 opiniones.
1065 2582 1147 2614 Nam

378 2648 523 2668 namura.
540 2649 620 2669 OPRR.
636 2649 697 2667 vot„
714 2649 801 2668 XXVII.

1208 135 1524 171 AUGUSTANAE.
1571 138 1609 170 B.
1655 138 1841 172 ALTERA.
2126 145 2192 177 642

1209 235 1241 260 et
1264 240 1365 271 supra
1383 231 1623 263 damnauerunt
1645 233 1818 265 articulum
1838 234 1908 266 XV.
1933 236 1965 267 in
1985 246 2050 278 quo
2073 239 2187 278 posui-

1210 282 1295 310 muS‚
1316 274 1403 314 quod
1428 275 1622 306 traditiones
1646 285 1714 306 non
1742 284 1930 309 mereantur
1958 280 2186 312 remissionem

1208 321 1439 354 peccatorum,
1473 322 1504 348 et
1537 317 1592 349 hic
1626 318 1738 349 dicunt
1772 320 1963 352 traditiones
1998 322 2187 355 conducere

1207 356 1250 387 ad
1279 358 1378 389 vitam
1409 366 1586 391 aeternam.
1637 360 1721 391 Num
1755 368 1928 393 merentur·
1957 365 2186 397 remissionem

1209 401 1440 439 peccatorum?
1463 412 1539 433 num
1564 409 1641 433 sunt
1664 403 1773 434 cultus
1793 415 1877 446 quos
1897 407 2059 446 approbat
2079 406 2186 446 Deus,

1208 447 1364 482 tanquam
1387 444 1569 475 iusticiam?
1597 455 1674 477 num
1697 446 1863 478 viuificant
1892 448 2016 479 corda?
2061 449 2185 482 Paulus

1208 484 1249 514 ad
1279 483 1523 524 Colossenses,
1556 488 1630 518 ideo
1664 495 1763 531 negat
1795 490 1958 530 prodesse
1989 492 2183 524 traditiones

1207 527 1250 557 ad
1272 526 1432 559 iusticiam
1456 535 1623 561 aeternam
1649 537 1681 561 et
1703 532 1802 562 vitam
1829 539 2016 571 aeternam,
2045 535 2121 576 qnia
2143 537 2186 566 ci-

1208 569 1281 609 bus,
1305 577 1416 610 potus,
1438 573 1590 610 vestitus,
1614 579 1647 604 et
1669 573 1786 604 similia
1807 575 1871 605 sint
1892 586 1945 606 res
1966 587 2027 608 vsu
2046 587 2184 617 pereun-

1206 618 1266 643 tes.
1310 613 1353 643 At
1376 613 1443 644 vita
1465 620 1600 645 aeterna
1623 616 1653 646 in
1679 617 1790 654 corde,
1814 618 1913 649 rebus
1938 620 2092 658 aeternis,
2117 619 2184 652 hoc

1207 661 1275 693 est,
1308 656 1410 686 verbo
1443 654 1505 687 Dei
1546 663 1577 687 et
1610 659 1725 698 spiritu
1760 666 1878 691 sancto
1911 659 2064 694 efficitur.
2121 663 2185 694 Ex·

1206 698 1339 738 pediant
1372 699 1470 740 igitur
1498 699 1679 740 aduersarij
1710 703 1874 743 quomodo
1905 704 2092 737 conducant
2120 712 2184 737 tra-

1206 740 1347 771 ditiones
1370 741 1412 772 ad
1435 742 1535 772 vitam
1557 749 1734 775 aeternam.

1291 782 1375 815 Cum
1403 790 1512 815 autem
1541 784 1758 827 Euangelium
1788 786 1878 819 clare
1909 795 2065 827 testetur,
2095 791 2184 832 quod

1205 836 1270 857 non
1295 826 1434 857 debeant
1464 827 1584 868 imponi
1613 827 1787 861 Ecclesiae
1815 831 2023 870 traditiones,
2053 839 2088 863 vt
2117 843 2185 864 me—

1205 875 1339 900 reantur
1371 869 1598 901 remissionem
1632 878 1861 911 pcccatorum,
1896 880 1930 904 vt
1965 875 2031 905 sint
2072 874 2183 907 cultus

1205 921 1290 953 quos
1314 912 1475 952 approbet
1498 912 1591 944 Deus
1615 919 1770 955 tanquam
1795 915 1966 954 iusticiam,
1989 924 2023 947 vt
2042 925 2183 959 grauent

1206 954 1447 993 conscientias,
1482 955 1526 986 ita
1563 963 1598 986 vt
1632 958 1784 989 omittere
1820 967 1876 988 eas
1911 959 2073 991 iudicetur
2107 971 2184 992 esse

1205 1004 1392 1038 peccatum,
1414 1007 1580 1039 nunquam
1602 1005 1756 1040 poterunt
1779 1001 1962 1043 aduersarij
1993 1004 2185 1042 ostendere,

1206 1040 1294 1082 quod
1316 1038 1473 1082 Episcopi
1497 1041 1641 1072 habeant
1663 1049 1864 1083 potestatem
1889 1043 1973 1075 tales
2002 1044 2110 1078 cultus
2133 1046 2180 1078 in-

1206 1083 1371 1114 stituendi.

1293 1124 1468 1157 Caeterum
1491 1136 1589 1167 quam
1611 1134 1808 1168 potestatem
1827 1129 1949 1160 tribuat
1966 1128 2184 1172 Euangelium

1208 1167 1394 1209 Episcopis,
1417 1168 1556 1200 diximus
1579 1169 1613 1200 in
1636 1169 1858 1202 confessione.
1904 1171 1967 1207 Qui
1997 1182 2084 1205 nunc
2107 1180 2184 1205 sunt

1206 1210 1382 1253 Episcopi,
1416 1221 1482 1242 non
1517 1209 1641 1243 faciunt
1674 1212 1915 1255 Episcoporum
1949 1213 2060 1246 officia
2093 1216 2183 1248 iuxta

1207 1252 1436 1295 Euangelium,
1460 1254 1520 1285 sed
1542 1255 1608 1285 sint
1630 1265 1710 1287 sane
1733 1256 1889 1298 Episcopi
1918 1258 2009 1289 iuxta
2038 1257 2183 1299 politiam

1207 1295 1421 1334 Canonicam,
1465 1307 1539 1328 uam
1564 1307 1629 1329 non
1653 1298 1934 1339 reprehendimus.
1971 1300 2093 1332 Verum
2117 1312 2181 1334 nos

1207 1338 1248 1370 de
1270 1338 1437 1380 Episcopo
1475 1340 1643 1381 oquimur,
1667 1341 1756 1373 iuxta
1779 1341 2005 1385 Euangelium.
2050 1343 2092 1375 Et
2114 1344 2181 1386 pla-

1206 1387 1259 1413 cet
1287 1382 1384 1413 nobis
1405 1388 1501 1413 vetus
1532 1383 1672 1424 particio
1701 1386 1895 1425 potestatis,
1924 1386 1956 1417 in
1984 1392 2183 1428 potestatem

1208 1424 1332 1455 ordinis
1361 1430 1393 1456 et
1427 1430 1623 1465 potestatem
1653 1426 1899 1460 iurisdictionis.
1946 1428 2054 1461 Habet
2083 1430 2183 1472 igitur

1206 1466 1394 1509 Episcopus
1417 1473 1616 1510 potestatem
1640 1469 1776 1509 ordinis,
1799 1470 1865 1502 hoc
1887 1477 1951 1510 est,
1968 1472 2182 1505 ministerium

1207 1511 1300 1541 verbi
1324 1516 1357 1541 et
1383 1517 1683 1551 sacramentorum,
1711 1511 1812 1544 habet
1842 1519 1874 1546 et
1903 1520 2103 1556 potestatem
2130 1516 2182 1548 lu-

1207 1553 1426 1592 risdictionis,
1449 1553 1514 1585 hoc
1537 1560 1606 1591 est,
1637 1556 1844 1588 autoritatem
1876 1557 2182 1590 excommunicandi

1207 1595 1372 1627 obnoxios
1397 1595 1539 1637 publicis
1562 1597 1768 1636 criminibus,
1792 1605 1825 1631 et
1846 1609 1962 1632 rursus
1985 1599 2181 1633 absoluendi

1206 1648 1285 1677 eos,
1307 1638 1337 1669 si
1362 1640 1515 1671 conuersi
1537 1645 1649 1681 petant
1671 1641 1924 1675 absolutionem.
1958 1643 2076 1685 Neque
2098 1654 2180 1676 vero

1205 1680 1329 1713 habent
1351 1687 1547 1722 potestatem
1569 1684 1796 1724 tyrannicam,
1818 1684 1883 1717 hoc
1906 1691 1973 1725 est,
1993 1686 2066 1718 sine
2089 1693 2180 1719 certa

1205 1723 1299 1766 lege,
1326 1734 1434 1766 neque
1460 1725 1602 1768 regiam,
1635 1725 1701 1757 hoc
1727 1733 1798 1766 est,
1831 1738 1931 1770 supra
1959 1728 2086 1772 legem,
2119 1730 2180 1761 sed

1205 1766 1328 1798 habent
1362 1773 1487 1799 certum
1520 1769 1727 1807 mandatum,
1768 1776 1893 1803 certum
1934 1773 2070 1803 verbum
2103 1771 2179 1811 Dei,

1203 1811 1293 1852 quod
1317 1811 1449 1848 docere,
1468 1811 1556 1842 iuxta
1579 1812 1667 1853 quod
1690 1822 1849 1845 exercere
1868 1824 1960 1846 suam
1980 1815 2179 1847 lurisdictio-

1203 1863 1278 1884 nem
1302 1853 1431 1885 debent.
1478 1853 1588 1888 Quare
1611 1865 1677 1885 non
1701 1855 1862 1898 sequitur,
1885 1857 2011 1889 etiamsi
2034 1857 2179 1889 habeant

1203 1893 1344 1937 aliquam
1379 1896 1655 1935 lurisdictionem,
1690 1899 1777 1939 quod
1809 1900 1937 1940 possint
1967 1909 2074 1932 nouos
2109 1900 2178 1932 cul·

1203 1945 1255 1970 tus
1288 1939 1470 1970 instituere.
1516 1939 1600 1971 Nam
1633 1939 1742 1972 cultus
1766 1941 1846 1973 nihil
1868 1943 2031 1983 pertinent
2057 1943 2099 1974 ad
2128 1944 2177 1975 ln-

1202 1982 1438 2013 risdictionem.
1484 1981 1524 2013 Et
1554 1983 1675 2015 habent
1705 1985 1859 2023 verbum,
1887 1985 2011 2017 habent
2045 1987 2177 2017 manda-

1202 2030 1289 2062 tum,
1322 2031 1486 2066 quatenus
1527 2036 1684 2057 exercere
1723 2026 1984 2060 lurisdictionem
2024 2029 2178 2067 debeant,

1202 2066 1339 2106 scilicet,
1363 2068 1398 2100 Si
1422 2069 1495 2110 quis
1519 2070 1722 2101 commiserit
1743 2070 1905 2102 aduersus
1928 2070 2008 2102 illud
2028 2073 2176 2109 verbum,

1201 2111 1289 2152 quod
1313 2117 1514 2152 acceperunt
1536 2121 1555 2142 a
1579 2111 1723 2144 Christo.

1287 2153 1482 2195 Quanquam
1505 2164 1568 2185 nos
1591 2156 1622 2186 in
1637 2155 1848 2188 confessione
1869 2157 2056 2188 addidimus
2077 2157 2174 2188 etiam

1201 2202 1363 2238 quatenus
1392 2196 1491 2229 liceat
1522 2198 1571 2228 eis
1599 2199 1742 2230 condere
1773 2199 1983 2236 traditioneS,
2011 2199 2175 2238 videlicet,

1201 2250 1267 2270 non
1291 2245 1391 2281 tanqu
1415 2251 1445 2271 m
1475 2242 1687 2272 necessarios
1717 2241 1842 2279 cultus,
1871 2242 1931 2273 sed
1960 2248 1993 2272 vt
2020 2243 2062 2273 sit
2090 2243 2175 2274 ordo

1200 2282 1232 2313 in
1266 2281 1417 2314 Ecclesia
1450 2289 1584 2324 propter
1617 2283 1895 2326 tranquillitatem.
1941 2283 1979 2315 Et
2010 2284 2072 2316 hae
2105 2295 2172 2317 non

1201 2326 1322 2356 debent
1344 2325 1485 2367 laqueos
1507 2327 1640 2366 inijcere
1665 2327 1887 2368 conscientijs‚
1908 2333 2060 2368 tanquam
2080 2338 2174 2369 prae-

1201 2368 1321 2410 cipiant
1343 2369 1553 2400 necessarios
1576 2369 1697 2407 cultus,
1720 2369 1804 2401 sicut
1823 2369 1945 2402 Paulus
1969 2371 2076 2408 docet,
2099 2381 2173 2402 cum

1200 2411 1255 2442 ait.
1301 2411 1336 2442 ln
1358 2410 1520 2449 libertate,
1544 2422 1608 2453 qua
1631 2411 1782 2443 Chi-istus
1807 2422 1867 2443 vos
1890 2411 2051 2451 liberauit,
2073 2419 2172 2451 state,

1200 2463 1263 2485 nec
1295 2454 1413 2486 iterum
1449 2455 1525 2496 iugo
1559 2455 1728 2486 seruitutis
1758 2456 1986 2495 subijciamini.
2033 2455 2061 2486 Ο
2089 2462 2173 2487 ortet

1199 2497 1299 2539 igitur
1321 2496 1459 2528 liberum
1487 2507 1581 2528 vsum
1614 2495 1723 2528 talium
1753 2498 1992 2529 ordinationum
2022 2508 2058 2529 re
2072 2500 2171 2540 inqui,

1200 2540 1298 2571 ruodo
1323 2546 1356 2570 vt
1380 2538 1536 2571 scandala
1559 2540 1712 2578 vitentur,
1735 2550 1776 2571 nc
1798 2541 1981 2573 iudicentur
2003 2551 2080 2572 esse
2102 2540 2170 2572 cul-

1200 2589 1254 2615 tus
1267 2583 1460 2623 necessarii,
1472 2583 1555 2614 sicut
1568 2581 1746 2624 placi-aque
1760 2584 1994 2616 ordinauerunt
2010 2585 2071 2624 ipsi
2084 2584 2171 2624 Apo-

1933 2646 1962 2668 41
