2366 2958
140 180 206 213 505

142 274 179 307 Si
208 272 407 305 111-5111183105
435 273 468 304 111
495 271 648 311 Christo,
684 282 770 314 opus
803 272 904 303 habet
938 275 973 301 vt

142 316 220 349 alibi
256 321 395 357 quaerat
428 315 608 353 iusticiam,
644 315 742 346 tribui
771 314 927 350 Chi-ism,
962 313 1050 354 quod
1080 312 1122 342 sit

143 360 295 391 minister
315 359 461 399 peccati,
484 358 518 388 id
538 364 608 395 est,
634 359 722 399 quod
745 368 812 388 non
836 355 933 397 plene
956 354 1122 386 iustificet.

144 402 187 433 Et
200 402 474 433 absurdissimum
489 406 552 438 est,
577 401 666 441 quod
680 400 862 440 aduersarij
877 400 1010 435 docent,
1033 397 1122 438 quod

145 445 234 476 bona
257 454 358 485 opera
383 444 424 474 de
447 444 615 484 condigno
640 449 829 474 mereantur
850 441 1002 483 gratiam,
1028 440 1123 481 quasi

145 497 227 519 vero
250 492 327 527 post
350 486 543 527 principium
567 486 826 523 1051111831101115,
859 486 888 515 51
921 483 1124 514 conscientia

146 536 324 565 terreatur,
347 535 381 560 vt
403 528 450 566 fii,
475 529 582 570 gratia
607 539 667 569 per
691 530 812 560 bonnm
835 537 919 568 opus
933 525 1124 567 quaerenda

145 574 202 611 sit,
225 578 257 603 et
279 581 346 602 non
369 571 434 602 fide
457 572 490 602 in
513 570 706 602 Christum?

234 615 402 646 Secundo.
468 613 631 645 Doctrina
669 612 938 645 aduersariorum
971 609 1125 651 relinquit

148 658 373 690 conscientias
401 657 593 698 ambiguaS,
622 663 657 687 vt
687 665 854 697 nunquam
879 660 1017 695 pacatae
1047 663 1123 683 esse

147 707 282 742 queant,
308 700 385 742 quia
409 698 463 730 lex
487 709 618 740 semper
640 704 778 730 accusat
796 708 858 728 1105
871 698 967 728 etiam
981 697 1013 727 in
1028 696 1125 727 bonis

149 743 314 784 operibus.
362 742 502 784 Semper
523 743 608 773 enim
633 751 711 773 caro
735 741 943 781 concupiscit
961 740 1125 770 aduersus

150 786 310 827 spiritum.
363 784 536 820 Quomodo
565 785 664 825 igitur
686 784 740 814 hic
763 782 898 814 habebit
921 782 1125 813 conscientia

148 838 267 870 pacem
291 828 363 859 sine
387 828 464 865 fide,
487 827 524 858 Si
548 828 666 857 sentiet
689 827 777 867 quod
800 836 865 857 11011
882 832 1020 866 propter
1033 824 1125 855 Chri-

150 877 258 908 stum,
283 871 342 901 sed
366 876 502 911 propter
524 879 607 910 opus
631 870 800 910 proprium
823 869 887 899 iam
910 867 1046 908 plaeere
1070 868 1124 897 de-

150 914 238 945 beat.
285 913 382 948 Quod
412 922 497 952 opus
530 912 689 949 inueniet,
721 912 810 953 quod
839 916 963 942 statuet
993 911 1125 948 dignum

150 965 230 987 esse
265 956 330 986 vita
366 958 523 986 aeterna?
579 955 615 985 Si
649 955 779 996 quidem
814 963 893 995 spes
928 964 967 985 ex
1003 953 1126 983 meritis

151 999 251 1029 debet
286 999 331 1033 ⁵⁹)
365 998 519 1028 existere.
587 998 762 1028 Aduersus
800 996 862 1027 1135
897 996 1126 1028 (111111138101185

150 1039 276 1072 Ρ30105
299 1041 413 1080 inquit.
469 1040 640 1071 lustificati
664 1050 704 1071 ex
727 1040 791 1071 {ide
815 1049 930 1080 pacem
954 1040 1127 1075 habemus,

151 1089 243 1115 certo
278 1089 426 1114 statuere
460 1083 636 1121 debemus,
671 1083 760 1124 quod
795 1089 930 1123 propter
959 1082 1126 1113 Christum

154 1127 296 1157 donetur
316 1126 413 1156 nobis
436 1125 578 1163 iusticia,
602 1132 633 1156 et
655 1127 723 1157 vita
735 1131 877 1156 aeterna.
914 1124 955 1155 Et
967 1125 1007 1155 de
1021 1125 1127 1155 Abra·

153 1168 231 1199 ham
253 1168 309 1205 ait,
332 1174 448 1198 contra
470 1178 563 1208 spem
585 1169 617 1198 in
642 1166 736 1209 spem
761 1169 908 1198 credidit.

240 1210 362 1241 Tertio.

153 1263 239 1294 opus
255 1252 434 1285 inclinante
451 1252 509 1284 illo
528 1252 643 1285 habitu
662 1254 846 1285 dilectionis
871 1252 993 1284 factum
1017 1252 1070 1289 sit,
1094 1258 1128 1282 vt

152 1303 300 1327 statuere
313 1296 431 1336 possit,
455 1297 542 1337 quod
556 1297 596 1326 dc
609 1297 775 1337 condigno
787 1302 953 1327 mereatur
966 1295 1104 1335 gratiam
1113 1294 1128 1325 ‘2

152 1338 221 1370 Sed
244 1339 331 1369 11388
353 1339 426 1378 11153
451 1339 618 1370 distinctio
642 1346 767 1370 tantum
791 1339 832 1369 ad
851 1337 1034 1369 eludendas
1047 1338 1128 1367 scri-

151 1387 267 1422 pturas
291 1381 435 1412 conficta
458 1387 526 1418 est,
555 1383 644 1422 quod
672 1380 756 1412 alias
784 1381 826 1411 de
847 1389 1015 1422 congruo,
1045 1379 1128 1411 alias

151 1425 194 1455 de
223 1424 390 1465 condigno
418 1430 609 1455 mereantur
635 1423 802 1461 homines,
837 1424 930 1464 quia,
962 1428 998 1454 vt
1026 1432 1129 1463 supra

152 1467 312 1504 diximus,
340 1467 480 1497 Intentio
512 1468 680 1507 operantis
709 1477 774 1497 non
803 1467 973 1508 distinguit
1004 1475 1128 1507 genera

151 1510 360 1548 meritorum,
387 1510 449 1540 5811
471 1508 672 1550 Hypocritae
695 1510 805 1541 securi
828 1510 981 1540 senciunt
1004 1506 1127 1549 simpli-

152 1553 234 1584 citer
256 1562 358 1593 opera
381 1561 443 1583 sua
467 1562 544 1583 esse
567 1553 679 1595 digna,
704 1558 737 1583 vt
755 1551 1018 1593 proptereainsti
1032 1560 1124 1592 repu-

151 1600 273 1626 tentur.
318 1595 466 1626 Econtra
494 1596 629 1626 territae
659 1596 886 1626 conscientiae
909 1595 950 1625 de
975 1594 1128 1625 omnibus

151 1638 310 1678 operibus
345 1637 508 1668 dubitant.
565 1637 644 1668 Ideo
678 1638 820 1669 subinde
852 1636 918 1668 alia
952 1641 1127 1678 quaerunt.

152 1680 226 1712 Hoc
248 1686 301 1711 est
324 1680 409 1711 enim
433 1680 475 1710 de
499 1691 648 1722 congruo
670 1681 801 1718 mereri,
825 1681 985 1718 dubitare,
1008 1685 1041 1711 et
1056 1680 1129 1710 sine

151 1724 218 1754 fide
243 1723 393 1764 operari,
417 1723 523 1754 donec
548 1724 737 1765 desperatio
761 1723 884 1754 incidit.
930 1724 966 1754 111
988 1732 1128 1760 5111111113,

150 1764 251 1807 1118113
273 1775 422 1797 errorum
446 1772 479 1797 et
501 1765 723 1807 periculorum
747 1772 825 1798 sunt
848 1766 958 1798 omnia
986 1775 1072 1807 quae
1094 1765 1128 1796 in

150 1808 218 1840 1138
240 1818 277 1839 18
298 1809 432 1839 tradunt
457 1809 652 1851 aduersarij.

239 1851 378 1887 Quarto.
427 1851 511 1882 Tota
534 1851 689 1884 Ecclesia
713 1851 907 1890 confitetur,
939 1851 1027 1893 quod
1058 1851 1128 1881 vita

152 1900 289 1926 aeterna
321 1904 380 1935 per
409 1895 669 1926 misericordiam
703 1896 883 1937 contingat.
950 1895 1007 1926 Sic
1041 1894 1127 1924 enirn

151 1937 255 1978 inquit
268 1938 475 1978 Augustinus
495 1938 536 1969 de
560 1939 664 1980 gratia
689 1944 721 1969 et
743 1938 849 1969 libero
873 1937 1021 1974 arbitrio,
1044 1935 1127 1967 Cum

153 1981 286 2022 quidem
308 1978 454 2021 loquitur
477 1981 518 2011 de
542 1981 698 2022 operibus
722 1988 914 2012 sanctorum
939 1986 1016 2021 post
1038 1979 1127 2010 iusti-

151 2024 338 2056 ficationem
361 2022 471 2061 sactis,
493 2023 568 2054 Non
591 2025 715 2055 meritis
738 2024 875 2061 nostris,
897 2022 990 2054 Deus
1002 2032 1066 2053 nos
1085 2022 1127 2054 ad

151 2073 321 2097 aeternam
345 2066 456 2103 vitam,
481 2067 540 2097 sed
566 2077 626 2107 pro
649 2077 711 2098 sua
733 2067 945 2098 miseratione
968 2065 1145 2107 perducit..

150 2108 194 2140 Et
216 2107 272 2139 lib.
295 2109 338 2139 ix.
364 2107 522 2139 Confess.
547 2109 619 2140 Vae
641 2108 811 2141 hominum
837 2110 926 2140 vitae
957 2114 1126 2149 quantum-

152 2161 283 2193 cunque
306 2149 480 2189 laudabili,
503 2152 532 2182 si
555 2158 683 2183 remota
705 2153 932 2184 misericordia
955 2152 1125 2183 iudicetur.

151 2193 192 2226 Et
221 2194 409 2236 Cyprianus
436 2194 469 2225 in
500 2195 710 2225 enarratione
740 2195 899 2226 orationis
923 2194 1127 2231 Dominicae,

150 2237 202 2269 Ne
214 2239 288 2278 quis
301 2237 364 2268 sibi
378 2237 472 2278 quasi
486 2238 646 2269 innocens
657 2236 798 2278 11138831,
823 2244 855 2269 81
878 2247 916 2268 58
935 2235 1127 2268 extollendo

149 2279 226 2321 plus
244 2286 372 2321 pereat,
394 2281 571 2311 instruitur
594 2285 625 2311 et
645 2281 784 2312 docetur
805 2291 946 2322 11888318
968 2280 1127 2321 1100111118,

155 2323 233 2354 dum
256 2323 401 2364 quotidie
423 2333 483 2364 pro
506 2324 657 2364 peccatis
680 2324 809 2354 iubetur
831 2333 946 2360 01318,
975 2323 1042 2355 Sed
1072 2333 1127 2353 res

151 2371 230 2397 nota
253 2371 306 2396 851
329 2371 362 2396 81
384 2365 485 2397 habet
511 2365 651 2406 plurima
674 2372 705 2397 et
729 2365 915 2397 clarissima
941 2366 1129 2397 testimonia

151 2408 185 2440 in
209 2408 375 2449 scriptura
393 2414 427 2440 et
444 2407 694 2440 Ecclesiasticis
717 2409 878 2450 patribus,
902 2409 956 2451 qui
980 2419 1046 2441 vno
1070 2419 1128 2440 ore

151 2562 200 2594 59)
219 2569 278 2594 spes
302 2569 333 2586 ex
352 2563 451 2586 meritis
471 2563 558 2595 debet]
581 2563 618 2587 n'c
636 2561 658 2587 11.
679 2564 695 2587 1.
723 2562 846 2595 leyendum
871 2569 921 2587 ease
944 2569 993 2594 pro
1016 2569 1073 2593 spen
1097 2569 1129 2587 ex

221 2596 318 2620 meritis
337 2600 434 2620 tantum
454 2597 545 2627 debet,
568 2598 597 2622 id
615 2597 682 2630 quod
703 2597 726 2622 h.
747 2599 761 2621 l.
781 2597 807 2620 (ἠ
826 2596 874 2620 Ed.
897 2598 919 2620 1.
945 2597 1052 2628 quitur,
1076 2596 1129 2621 Me-

221 2631 330 2655 lunthon
349 2631 375 2655 in
393 2631 542 2663 Apologiae
559 2633 631 2656 tituto
649 2633 714 2656 inter
732 2630 881 2656 emendanda
898 2630 1027 2655 indicavit.

420 1210 594 1246 Quomodo
625 1212 710 1242 sciet
739 1211 958 1248 conscientia,
993 1209 1126 1251 quando
1151 1223 1155 1234 ι

491 178 531 210 11.
575 177 805 211 APOLOGlA
827 174 1144 210 CONFESSIONlS
1167 174 1487 208 AUGUSTANAE.
1530 173 1570 205 B.
1615 172 1804 204 ALTERA.

1150 990 1155 1198 ι

2085 173 2150 205 506

1002 275 1123 311 postea
1146 271 1151 307 ἶ
1175 279 1292 301 01111185
1321 269 1532 310 praedicant,
1567 278 1629 299 nos
1662 268 1758 299 8113111
1791 267 1817 297 si
1851 266 2032 298 habeamus
2061 268 2150 298 bona

1175 322 1293 351 opera,
1321 318 1428 343 tamen
1459 312 1490 342 in
1522 309 1588 342 illis
1618 311 1714 342 bonis
1744 310 1901 351 operibus
1925 311 2151 341 misericordia

1175 355 1338 395 indigere,
1369 354 1462 385 113118
1486 353 1746 385 misericordiam
1770 354 1902 384 intuens
1926 353 2026 390 fides,
2055 353 2150 394 erigit

1175 403 1207 427 et
1230 396 1424 428 consolatur
1446 406 1519 428 nos.
1564 396 1676 432 Quare
1699 396 1883 437 aduersarij
1909 395 1994 427 male
2018 396 2151 434 docent,

1176 450 1250 470 cum
1273 440 1317 469 ita
1341 440 1477 470 efferunt
1502 440 1629 476 merita,
1651 446 1687 469 vt
1711 437 1791 469 nihil
1814 439 1938 469 addant
1957 438 2073 469 dehac
2087 438 2152 468 fide

1175 481 1446 522 apprehendente
1474 482 1746 512 misericordiam.
1803 482 1897 513 Sicut
1931 483 2016 512 enim
2050 490 2152 521 supra

1175 525 1315 555 diximus
1345 525 1598 564 promissionem
1628 532 1659 555 et
1691 524 1788 555 fidem
1824 523 2024 555 correlatiua
2060 533 2150 561 esse,

1175 577 1238 599 nec
1273 566 1478 608 apprehendi
1512 567 1764 606 promissionem
1799 567 1860 597 nisi
1897 566 1972 598 fide.
2018 566 2066 597 lta
2098 565 2152 597 1118

1176 611 1316 641 dicimus
1350 609 1548 650 promissam
1583 610 1842 641 misericordiam
1874 608 2072 640 cori-clatiue
2101 618 2152 639 re-

1176 654 1306 694 quirere
1330 651 1440 690 fidem,
1465 662 1528 682 nec
1551 662 1653 693 posse
1674 652 1875 693 apprehendi
1891 653 1951 683 nisi
1966 652 2041 682 fide.
2078 651 2152 682 lure

1176 696 1276 737 igitur
1299 695 1570 736 reprehendimus
1595 696 1778 726 doctrinam
1801 696 1971 726 demerito
1985 695 2151 735 condigni,

1177 749 1250 769 cum
1280 737 1361 768 nihil
1391 738 1431 768 de
1459 737 1524 768 fide
1554 738 1751 768 justificante
1780 738 1905 775 tradat,
1938 745 1970 768 et
1993 739 2153 768 obscuret

1177 781 1316 823 gloriam
1341 785 1373 811 et
1396 780 1539 811 officium
1563 781 1751 810 mediatoris
1772 780 1904 811 Christi.
1950 780 2065 821 Neque
2088 789 2151 810 1105

1177 824 1354 865 quidquam
1379 823 1443 854 1138
1465 824 1497 853 111
1521 833 1556 853 18
1583 823 1658 853 noui
1673 824 1794 854 docere
1807 823 2013 854 existimandi
2025 832 2152 860 sumus,

1179 877 1251 897 cum
1274 872 1387 907 patres
1406 867 1438 896 in
1451 864 1608 896 Ecclesia
1632 866 1719 896 hanc
1743 867 1946 897 sentenciam
1970 872 2035 896 tam
2061 865 2152 896 clare

1177 910 1383 946 tradiderint,
1408 909 1498 950 qnod
1521 909 1750 939 misericordia
1774 909 1980 949 indigeamus
2004 909 2101 939 etiam
2119 909 2152 939 in

1180 953 1275 983 bonis
1293 952 1460 991 operibus.
1508 951 1548 981 Et
1573 951 1739 991 scriptura
1763 952 1846 982 idem
1869 961 1971 991 saepe
1996 950 2151 982 inculcat.

1179 995 1213 1025 ln
1239 993 1384 1025 Psalmo.
1431 994 1504 1024 Non
1526 994 1629 1024 intres
1653 995 1684 1024 in
1709 994 1862 1025 iudicium
1885 1004 1958 1025 cum
1972 1004 2070 1025 seruo
2084 1000 2152 1031 tuo,

1179 1048 1255 1079 quia
1288 1047 1356 1068 non
1390 1036 1623 1068 iustificabitur
1656 1037 1686 1066 in
1728 1044 1911 1077 conspectu
1953 1043 2010 1068 tuo
2046 1037 2152 1067 omnis

1179 1081 1307 1111 vinens.
1370 1079 1432 1110 Hic
1472 1078 1665 1120 simpliciter
1698 1079 1837 1110 detrahit
1871 1080 2022 1111 omnibus
2056 1080 2153 1110 etiam

1179 1123 1306 1153 sanctis
1341 1130 1374 1153 et
1406 1123 1514 1153 seruis
1548 1122 1610 1153 Dei
1647 1121 1785 1163 gloriam
1819 1122 1987 1159 iusticiae,
2025 1122 2052 1152 si
2086 1132 2153 1153 non

1178 1166 1333 1207 ignoscat
1350 1165 1454 1201 Deus,
1480 1166 1539 1196 sed
1563 1165 1684 1196 iudicet
1706 1171 1737 1195 et
1761 1172 1879 1206 arguat
1902 1166 2005 1197 corda
2028 1175 2152 1196 eorum.

1179 1210 1261 1239 Nam
1293 1208 1381 1249 quod
1410 1207 1487 1238 alibi
1518 1206 1679 1249 gloriatur
1707 1207 1817 1240 Dauid
1850 1209 1890 1239 de
1917 1218 1978 1239 sua
2009 1208 2153 1245 iusticia,

1178 1250 1323 1292 loquitur
1345 1251 1387 1281 de
1408 1260 1510 1281 causa
1533 1260 1593 1281 sua
1617 1251 1781 1281 aduersus
1804 1258 2039 1291 persecutores
2058 1251 2152 1281 verbi

1179 1294 1260 1331 Dei,
1283 1303 1349 1324 non
1373 1292 1519 1334 loquitur
1542 1294 1583 1324 de
1604 1292 1771 1334 personali
1795 1294 1978 1331 mundicie,
2003 1300 2035 1324 et
2057 1299 2154 1334 rogat

1180 1347 1315 1367 causam
1350 1342 1381 1367 81
1415 1335 1555 1377 gloriam
1584 1336 1645 1366 Dei
1675 1334 1824 1373 defendi,
1857 1342 1892 1367 vt
1923 1335 2055 1367 Psalmo
2085 1337 2151 1376 .vij.

1179 1379 1291 1411 ludica
1319 1389 1373 1410 me
1403 1380 1549 1417 domine,
1572 1380 1754 1410 secundum
1778 1379 1941 1410 iusticiam
1963 1389 2086 1417 meam,
2121 1384 2154 1410 et

1179 1422 1362 1453 secundum
1390 1422 1612 1454 innocentiam
1646 1432 1752 1453 meam
1786 1431 1887 1462 super
1919 1431 1988 1459 1118,
2022 1421 2154 1453 Rursus

1180 1463 1314 1495 Psalmo
1339 1465 1448 1495 cxxix·
1471 1466 1525 1495 ait.
1567 1465 1736 1496 Neminem
1759 1474 1864 1505 posse
1887 1465 2053 1496 sustinere
2075 1465 2154 1496 iudi—

1179 1508 1265 1539 cium
1289 1506 1370 1541 Dei,
1401 1508 1430 1538 si
1460 1508 1617 1538 obseruct
1644 1514 1785 1548 peccata
1808 1513 1934 1539 nostra.
1979 1507 2015 1538 Si
2038 1507 2153 1548 iniqui-

1179 1555 1267 1581 tates
1292 1550 1525 1582 obseruaueris
1545 1550 1686 1587 domine,
1708 1550 1838 1581 domine
1862 1551 1935 1587 quis
1957 1549 2154 1582 sustinebit?

1178 1593 1221 1624 Et
1248 1592 1306 1624 Iob
1335 1593 1379 1624 ix.
1416 1592 1568 1625 Verebar
1596 1594 1705 1624 onmia
1735 1603 1838 1634 opcra
1865 1603 1947 1624 mea.
1992 1593 2088 1625 118111,
2118 1592 2155 1623 Si

1179 1635 1268 1667 lotus
1295 1634 1391 1666 suero
1421 1637 1517 1677 quasi
1547 1636 1642 1677 aquis
1677 1636 1779 1673 niuis,
1813 1642 1846 1667 et
1878 1635 2032 1668 fulserint
2065 1634 2155 1667 velut

1179 1679 1417 1711 mundissimae
1439 1689 1559 1711 11131105
1571 1689 1677 1717 meae,
1701 1685 1809 1710 tamen
1833 1680 1987 1710 sordibus
2011 1679 2155 1719 intinges

1179 1732 1243 1753 1118.
1280 1721 1323 1753 Et
1346 1722 1507 1753 Prouerb.
1530 1732 1585 1753 xx.
1627 1721 1710 1757 Quis
1732 1727 1844 1762 potest
1866 1723 1977 1753 dicere
1999 1722 2154 1752 mundum

1180 1770 1233 1796 est
1251 1774 1310 1795 801
1328 1765 1460 1796 meum?
1481 1774 1585 1806 purus
1598 1774 1671 1796 sum
1684 1771 1864 1804 apeccato.
1889 1765 1931 1795 Et
1944 1766 1985 1795 ,1.
2000 1764 2110 1796 1011311.
2125 1764 2154 1795 l.

1180 1808 1217 1839 Si
1240 1807 1437 1845 dixerimus,
1467 1808 1555 1849 quod
1584 1813 1759 1848 peccatum
1788 1817 1855 1838 non
1883 1807 2063 1844 habemus,
2090 1807 2154 1847 ipsi

1181 1860 1244 1881 nos
1272 1850 1480 1888 seducimus,
1512 1856 1544 1881 et
1572 1850 1698 1880 veritas
1726 1850 1759 1880 in
1787 1851 1884 1882 nobis
1914 1860 1981 1880 11011
2011 1856 2063 1881 est
2091 1856 2154 1880 etc.

1179 1892 1222 1924 Et
1234 1893 1266 1924 in
1279 1893 1429 1923 oratione
1441 1892 1626 1930 Dominica,
1651 1892 1764 1923 Sancti
1788 1898 1900 1933 petunt
1924 1893 2154 1923 remissionem

1179 1941 1403 1977 peccatorum.
1451 1935 1579 1967 Habent
1604 1935 1702 1977 igitur
1725 1941 1757 1966 et
1785 1936 1892 1966 sancti
1919 1941 2071 1976 peccata.
2117 1934 2153 1966 111

1180 1978 1331 2009 Numeris
1351 1978 1432 2020 Cap.
1445 1979 1525 2018 xiiij.
1560 1978 1602 2009 Et
1625 1979 1787 2009 innocens
1810 1989 1876 2009 non
1899 1979 1959 2009 erit
1980 1979 2153 2016 innocens.

1180 2021 1222 2052 Et
1235 2021 1435 2053 Deuterono.
1452 2022 1507 2061 iiij.
1542 2020 1636 2052 Deus
1659 2027 1734 2052 tuus
1758 2021 1846 2063 ignis
1870 2030 2070 2052 consumens
2089 2027 2152 2051 est.

1182 2064 1225 2095 Et
1238 2063 1419 2095 Zacharias
1432 2065 1486 2094 ait.
1521 2063 1624 2095 Sileat
1643 2074 1663 2095 a
1682 2062 1766 2095 nacte
1789 2065 1910 2095 domini
1935 2064 2040 2095 omnis
2065 2073 2152 2094 earo.

1180 2107 1223 2138 Et
1244 2106 1372 2138 Esaias.
1420 2107 1536 2139 Omnis
1568 2117 1648 2138 caro
1679 2104 1830 2144 foenum,
1860 2113 1892 2138 et
1916 2107 2024 2137 omnis
2047 2105 2154 2148 gloria

1181 2151 1251 2181 eius
1276 2150 1370 2191 quasi
1395 2149 1459 2180 1105
1483 2150 1565 2191 agri.
1600 2149 1791 2180 Exiccatum
1816 2155 1866 2180 est
1890 2148 2034 2186 foenum,
2058 2155 2089 2180 et
2101 2159 2153 2180 ce-

1182 2194 1259 2224 cidit
1280 2193 1361 2230 1105,
1391 2193 1467 2233 quia
1490 2194 1625 2233 spiritus
1650 2192 1781 2224 Domini
1806 2191 1951 2223 sufflauit
1975 2192 2006 2222 in
2032 2201 2090 2228 eo,
2121 2191 2153 2221 id

1180 2242 1244 2273 est,
1268 2245 1366 2273 caro,
1395 2241 1428 2266 et
1456 2236 1587 2267 iusticia
1616 2236 1744 2272 carnis,
1775 2245 1840 2266 non
1863 2241 1973 2275 potest
1997 2234 2153 2265 sustineri

1180 2279 1334 2309 iudicium
1358 2277 1431 2309 Dei.
1477 2278 1519 2309 Et
1548 2278 1646 2310 lonas
1674 2279 1718 2309 ait
1749 2276 1829 2318 Cap.
1853 2278 1886 2317 ij.
1932 2277 2070 2307 Frustra
2094 2277 2152 2307 ob-

1180 2328 1315 2353 seruant
1336 2331 1439 2359 vana,
1461 2322 1515 2362 qui
1538 2321 1798 2353 misericordiam
1822 2321 2005 2360 reliquunt,
2033 2319 2065 2350 id
2090 2324 2154 2357 est,

1184 2364 1300 2395 Omnis
1325 2364 1446 2395 fiducia
1470 2370 1522 2395 est
1545 2365 1671 2402 inanis,
1702 2370 1834 2404 praeter
1855 2362 2007 2394 fiduciam
2031 2362 2154 2393 miseri-

1182 2408 1333 2444 cordiae,
1363 2406 1594 2438 Misericordia
1623 2413 1735 2437 seruat
1759 2415 1830 2436 1105.
1875 2405 2015 2445 Propria
2037 2405 2153 2436 merita

1181 2450 1305 2491 proprii
1331 2455 1473 2481 conatus
1496 2460 1563 2481 non
1591 2455 1727 2480 seruant
1754 2458 1827 2479 1105.
1874 2447 1952 2480 ldeo
1976 2454 2009 2479 et
2031 2446 2152 2478 Daniel

1182 2500 1254 2525 orat
1278 2492 1358 2534 cap.
1382 2494 1425 2524 ix.
1471 2492 1585 2534 Neque
1614 2492 1699 2523 enim
1727 2491 1760 2522 in
1782 2490 2070 2522 iustificationibus
2092 2501 2153 2522 no-

1179 2536 1261 2567 stris
1285 2536 1523 2576 prosternimus
1546 2544 1663 2576 preces
1688 2544 1799 2565 coram
1821 2540 1866 2572 te,
1889 2535 1949 2565 sed
1968 2533 1999 2564 in
2018 2535 2153 2564 misera-

1181 2579 1326 2611 tionibus
1349 2579 1414 2610 tuis
1435 2577 1563 2615 multis,
1594 2576 1720 2608 Exaudi
1744 2575 1905 2615 Domine,
1927 2575 2060 2618 placare
2083 2575 2152 2607 Do-

1182 2622 1285 2659 mine,
1319 2621 1453 2652 attende
1480 2626 1514 2652 et
1541 2620 1615 2658 sac,
1648 2619 1699 2651 Ne
1720 2621 1860 2652 moreris
1882 2625 2017 2661 propter
2039 2624 2153 2650 temet-
