2366 2958
184 164 249 197 635

184 261 247 292 arti
271 270 352 291 suae
381 269 515 301 operam
538 259 629 291 dare.
675 258 738 290 Hic
767 254 927 288 intellexit
938 256 970 293 *)
999 254 1163 285 Antonius

187 313 253 335 non
276 312 352 334 esse
381 302 647 334 iustificationem
677 300 884 333 tribuendam
913 296 962 330 illi
990 298 1078 329 vitae
1108 305 1164 339 ge·

185 346 267 384 ueri,
292 345 381 387 quod
403 351 610 387 susceperat.
631 346 671 382 ¹⁰)

270 413 339 446 Sed
366 413 568 455 aduersarij‚
598 413 660 443 etsi
695 421 782 443 nunc
811 410 1025 441 moderantur
1047 407 1163 439 laudes

187 458 227 489 de
250 455 471 498 perfectione,
490 462 596 487 tamen
621 453 716 486 aliter
739 454 850 495 reipsa
873 452 1030 483 sentiunt.
1077 450 1163 482 Ven-

185 500 264 532 dunt
288 500 373 530 enim
397 499 523 536 merita,
547 504 578 529 et
601 496 769 539 applicant
790 506 851 538 pro
874 494 951 535 alijs
982 494 1047 525 hoc
1067 503 1163 535 prae-

184 549 287 580 textu,
311 542 398 583 quod
423 542 601 572 obseruent
625 545 805 581 praecepta
828 544 861 570 et
884 536 1037 574 consilia,
1059 545 1164 578 quare

185 596 221 617 re
250 587 323 626 ipsa
354 585 498 615 sentiunt
521 584 583 614 sibi
613 592 793 624 superesse
821 582 947 613 merita.
992 580 1078 615 Quid
1112 584 1164 610 est

184 634 293 659 autem
316 636 476 667 arrogare
498 627 560 657 sibi
584 625 838 666 perfectionem,
861 625 890 655 si
913 623 978 654 hoc
1000 632 1067 654 non
1091 620 1164 653 est?

185 671 313 702 Deinde
335 671 367 701 in
388 671 462 711 ipsa
485 667 716 700 confutacione
738 668 880 709 positum
904 673 968 702 est,
992 665 1078 707 quod
1094 663 1164 695 Mo-

185 714 303 745 nastici
333 712 532 743 contendant
564 712 700 753 propius
729 711 912 743 secundum
942 706 1163 749 Euangelium

185 757 304 788 viuere.
361 755 486 786 Tribuit
523 755 622 796 igitur
661 752 898 795 perfectionem
933 751 1163 782 traditionibus

184 798 348 835 humanis,
366 799 393 829 si
417 797 491 829 ideo
514 798 652 839 propius
675 797 858 829 secundum
876 793 1094 836 Euangelium
1118 792 1164 823 vi-

184 848 264 874 uunt
282 839 448 878 Monachi,
466 841 542 882 quia
565 850 631 871 non
652 840 776 871 habent
797 838 976 880 proprium,
989 836 1064 878 quia
1087 840 1166 867 sunt

185 884 351 922 coelibes,
374 884 449 925 quia
473 883 631 915 obediunt
660 881 811 925 Regulae
838 881 870 912 in
901 880 1039 917 vestitu,
1069 879 1165 915 cibis,

185 934 218 959 et
241 926 403 958 similibus
425 927 534 968 nugis.

273 995 351 1026 ltem
382 993 568 1027 consutacio
594 994 672 1025 dicit
702 991 888 1025 Monachos
918 991 1037 1022 mereri
1066 991 1164 1021 vitam

185 1044 355 1070 aeternam
380 1038 573 1075 auctiorem,
586 1043 618 1068 et
642 1035 767 1078 allegat
787 1038 828 1072 ¹¹)
850 1035 1066 1075 scripturam.
1101 1032 1165 1068 Qui

184 1080 354 1123 reliquerit
378 1081 510 1112 domum
534 1086 596 1111 etc.
621 1078 750 1111 scilicet
771 1078 825 1110 hic
844 1087 977 1120 quoque
990 1076 1165 1118 perfectio·

185 1134 259 1156 nem
292 1130 427 1165 arrogat
461 1121 602 1164 facticijs
630 1121 864 1164 religionibu5‚
895 1121 963 1152 Sed
991 1120 1046 1151 hic
1069 1119 1164 1150 locus

185 1167 379 1208 Scripturae
402 1164 482 1197 nihil
506 1165 586 1197 sacit
615 1165 658 1196 ad
682 1167 782 1196 vitam
813 1163 1044 1196 Monasticam.
1089 1162 1165 1193 Non

185 1210 271 1241 enim
300 1209 365 1241 boc
394 1207 463 1240 vult
491 1207 663 1246 Christus,
693 1208 781 1250 quod
811 1209 966 1239 deserere
995 1211 1165 1247 parentes,

186 1253 373 1294 coniugem,
396 1251 536 1289 fratres,
565 1252 607 1282 sit
633 1261 716 1292 opus
747 1252 823 1282 ideo
848 1249 1054 1286 faciendum,
1089 1249 1165 1290 quia

185 1302 350 1327 mereatur
372 1295 599 1326 remissionem
626 1301 841 1335 peccatorum
869 1299 901 1324 et
930 1293 1030 1323 vitam
1059 1298 1165 1322 aeter—

186 1348 273 1370 nam.
319 1339 386 1369 lmo
420 1336 595 1369 maledicta
628 1343 680 1368 est
709 1335 767 1368 illa
798 1336 953 1368 desertio.
999 1334 1050 1366 Fit
1080 1335 1166 1366 enim

186 1392 260 1414 cum
284 1379 482 1413 contumelia
506 1379 648 1418 Christi,
682 1380 710 1411 si
739 1380 813 1422 quis
841 1380 916 1411 ideo
946 1378 1079 1409 deserat
1109 1387 1165 1418 pa-

185 1431 310 1461 rentes,
333 1429 390 1455 aut
413 1423 600 1465 coniugem,
624 1429 658 1454 vt
680 1422 746 1455 hoc
770 1424 842 1464 ipso
873 1431 976 1463 opere
998 1427 1166 1452 mereatur

186 1467 413 1498 remissionem
437 1473 650 1507 peccatorum
678 1475 710 1498 et
741 1466 839 1497 vitam
868 1470 1052 1496 aeternam.
1097 1463 1166 1495 Du·

185 1508 264 1551 plex
287 1515 397 1541 autem
420 1510 565 1540 desertio
589 1514 652 1547 est,
665 1510 827 1551 quaedam
847 1507 884 1539 fit
895 1508 967 1539 sine
979 1507 1166 1544 vocatione,

187 1553 260 1585 sine
281 1553 436 1584 mandato
461 1550 535 1590 Dei,
554 1551 641 1583 hanc
660 1562 726 1583 non
745 1552 864 1593 probat
887 1550 1052 1582 Christus.
1082 1549 1167 1581 Nam

187 1605 289 1637 opera
311 1606 332 1626 a
354 1596 450 1627 nobis
474 1594 594 1633 electa,
617 1601 694 1627 sunt
717 1593 848 1626 inutiles
872 1593 993 1626 cultus.
1035 1591 1166 1624 Clarius

186 1645 295 1671 autem
319 1637 397 1670 hinc
415 1640 455 1673 ¹²)
479 1644 629 1678 apparet,
642 1637 810 1669 Christum
834 1647 900 1668 non
914 1637 1057 1677 probare
1079 1634 1168 1667 hano

186 1680 317 1724 fugam,
369 1682 422 1713 ula
445 1679 590 1722 loquitur
609 1681 650 1712 de
673 1681 860 1712 deserenda
888 1689 1011 1714 vxore,
1034 1685 1067 1710 et
1088 1677 1167 1710 libe·

186 1725 245 1756 ris.
259 1726 311 1759 ”l
385 1724 490 1755 cimus
513 1730 622 1756 autem
645 1725 734 1765 quod
757 1723 946 1755 mandatum
969 1721 1032 1753 Dei
1057 1721 1167 1762 prohi-

186 1768 244 1799 bet
265 1767 423 1799 deserere
446 1776 584 1798 vxorem
608 1773 641 1798 et
666 1765 800 1798 liberos.
836 1765 912 1797 Alia
935 1765 1081 1796 desertio
1094 1765 1166 1803 aasz)

186 1817 251 1848 est,
275 1820 360 1851 quae
384 1809 419 1840 fit
443 1810 597 1841 mandato
620 1809 696 1847 Dei,
720 1808 886 1847 videlicet,
905 1818 977 1839 curn
999 1807 1089 1850 cogit
1105 1817 1168 1839 nos

210 1860 338 1885 mestas
361 1859 416 1884 aut
440 1853 588 1894 tyrannis
613 1854 751 1890 cedere,
778 1859 834 1884 aut
861 1860 988 1894 negare
1015 1850 1167 1892 Euange-

201 1897 277 1928 ’um.
320 1895 380 1927 Hic
403 1895 565 1927 habemus
589 1897 789 1933 mandatum,
814 1902 847 1926 vt
870 1895 980 1936 potius
1003 1894 1168 1925 sustinea-

189 1949 262 1971 mus
286 1939 447 1975 iniuriam,
470 1939 586 1980 pocius
610 1939 690 1980 eripi
714 1940 811 1970 nobis
835 1938 1008 1980 patiamur,
1027 1947 1094 1968 non
1113 1947 1168 1968 so-

187 1980 253 2014 lum
277 1980 464 2019 facultates,
488 1982 676 2024 coniugem,
700 1981 842 2020 liberos,
865 1981 928 2013 sed
959 1981 1058 2012 vitam
1087 1990 1168 2022 quo-

192 2138 236 2167 10)
256 2136 424 2169 susceperam]
445 2137 492 2161 Ed,
515 2137 552 2160 «lu.
572 2137 713 2167 susceperit

192 2181 234 2211 ll)
256 2180 362 2212 aliu-gatl
384 2181 431 2204 Etl.
452 2181 492 2204 ·l.:
513 2180 627 2209 allegant

193 2224 236 2254 12)
256 2223 326 2254 hinc]
346 2223 392 2247 Ed.
414 2225 452 2246 ⁴.:
472 2222 513 2246 hic

209 2266 237 2296 ”)
256 2267 305 2290 Hic
330 2265 470 2297 intellexit}
498 2265 534 2289 m·
561 2264 641 2289 verbu
671 2264 754 2291 finitur
776 2264 837 2296 folio*
862 2264 895 2287 Tt
922 2266 947 2287 1·Ι
975 2263 1038 2287 linea
1063 2262 1104 2292 8.,
1131 2263 1171 2286 eut*

260 2300 423 2324 Lntherus
441 2302 465 2324 ιἰι
485 2307 595 2332 mnrqwe
613 2299 759 2331 rubempr-t:
782 2300 840 2328 „Siv
861 2299 892 2321 ‹le
912 2297 1084 2329 raphu-mo.-
1112 2299 1169 2328 (an-

259 2338 308 2358 not.
330 2345 345 2358 n
364 2334 530 2366 §pieni-0
550 2335 662 2362 omma.)

193 2377 238 2408 ⁸⁰)
258 2378 289 2401 de
308 2378 452 2401 deserenula
471 2385 566 2406 vxnre,
586 2381 611 2400 et
629 2375 738 2409 liberino]
761 2375 798 2399 bi·
821 2374 904 2399 urb-'n
929 2375 997 2406 (s⁰¹·
1018 2375 1050 2399 ss
1076 2376 1105 2398 «ib
1128 2375 1169 2399 fin.

259 2412 283 2436 6.
309 2413 347 2442 7.)
377 2412 538 2436 Lutherus
560 2413 586 2435 in
610 2412 722 2443 mnrqt'ne
746 2410 887 2434 adnuat-⁸¹3:
915 2409 968 2437 ,De
995 2410 1170 2440 relinquendis

260 2448 403 2470 omnibns·

194 2488 255 2519 n‘)
277 2490 336 2513 Alia
359 2488 483 2520 desertiol
508 2488 566 2513 'mec
585 2489 660 2513 verim
679 2488 743 2519 (sol.
769 2488 801 2511 S:
826 2489 855 2511 «th
876 2488 917 2511 Im.
939 2488 976 2517 8.)
1004 2487 1170 2511 Lnthorus

261 2523 336 2547 rubro
354 2525 435 2548 entare
454 2523 590 2547 mbr-amu]
609 2528 630 2548 et
649 2525 674 2546 dn
693 2524 804 2554 amq-‘na
826 2522 958 2554 σῶον-ἀμία
982 2530 1118 2546 nunctum:
1146 2523 1170 2550 2,

261 2562 283 2582 α
299 2567 410 2591 proxumo,
425 2558 628 2591 praemia-uhu·
647 2558 725 2582 limo
744 2558 767 2581 7.
795 2557 896 2581 Scimus
916 2561 1000 2581 nutem
1014 2557 1084 2588 quod
1098 2564 1170 2580 man-

262 2593 348 2617 «lutum
379 2593 427 2616 Dei
452 2593 572 2623 probibet
595 2597 643 2616 eto.
674 2593 786 2624 apposuit
816 2599 950 2616 numm:
984 2593 994 2616 1
1019 2589 1171 2623 (Utrumque

261 2627 401 2657 Spiekenu
422 2628 526 2658 nuum.)

632 164 745 198 pum.
767 162 873 196 mm.
895 159 1087 194 SCRIPTA
1109 158 1379 192 DOGMATIGA
1401 158 1457 191 m·
1477 157 1751 192 SYMBOLlCA.

2132 159 2199 194 63⁶

1216 263 1291 295 que.
1336 252 1432 284 Hanc
1458 252 1680 284 desertionem
1709 253 1829 294 probat
1853 253 2025 293 Christus,
2052 254 2126 286 ideo
2154 265 2196 288 ue

1215 296 1323 334 addit,
1349 300 1484 337 propter
1506 294 1741 337 Euangelium,
1771 301 1807 327 vt
1829 295 1996 339 significet
2017 307 2056 329 se
2078 297 2120 329 de
2164 299 2193 330 is

1216 337 1322 380 loqui,
1356 348 1424 369 non
1458 339 1511 380 qui
1538 336 1663 368 faciunt
1690 338 1839 370 iniuriam
1867 340 1982 377 vxori,
2012 346 2045 371 et
2066 336 2194 380 liberis,

1217 382 1278 412 sed
1306 381 1360 422 qui
1388 387 1525 422 propter
1552 378 1799 413 confessionem
1823 381 1996 424 Euangelij
2028 384 2194 415 sustinent

1217 423 1375 456 iniuriam.
1421 421 1553 463 Corpus
1592 430 1743 455 nostrum
1772 424 1870 456 etiam
1905 425 2060 457 deserere
2093 426 2193 458 debe-

1217 477 1288 498 mus
1311 473 1447 508 propter
1468 465 1698 508 Euangelium.
1732 467 1794 498 Hic
1817 466 1990 500 ridiculum
2013 467 2110 500 fuerit
2122 479 2193 500 sen-

1216 509 1291 547 tire,
1314 509 1403 551 quod
1426 507 1535 541 cultus
1558 508 1621 540 Dei
1647 510 1708 547 sit,
1731 509 1879 550 seipsum
1901 511 2056 542 occidere
2084 517 2117 543 et
2145 522 2195 543 re-

1215 550 1364 594 linquere
1387 562 1508 592 corpus
1536 552 1608 583 sine
1642 553 1797 583 mandato
1826 552 1902 584 Dei.
1947 553 1995 584 lta
2022 552 2195 586 ridiculum

1216 601 1268 626 est
1291 596 1415 627 sentire
1437 595 1526 636 quod
1550 593 1658 626 cultus
1673 594 1732 626 Dei
1746 595 1799 634 sit,
1824 596 1981 628 deserere
2004 598 2194 638 possessio-

1215 647 1296 676 nes,
1329 638 1472 676 amicos,
1513 638 1708 679 coniugem,
1742 636 1886 676 liberm,
1929 639 2000 670 sine
2039 639 2195 672 mandato

1215 679 1290 711 Dei.
1335 680 1474 712 Constat
1495 681 1595 722 igitur
1615 679 1702 712 male
1730 680 1919 723 detorqueri
1950 681 2070 713 dictum
2101 681 2196 714 Chri-

1216 723 1258 754 sti
1282 723 1324 754 ad
1347 723 1447 754 vitam
1469 722 1700 754 Monasticam.
1744 723 1815 755 Nisi
1843 722 1999 755 fortassis
2027 725 2092 756 hoc
2115 735 2195 766 qua-

1216 766 1302 804 drat,
1326 766 1415 807 quod
1438 764 1626 807 centuplum
1650 767 1682 797 in
1705 766 1770 798 hac
1783 767 1850 798 vita
1862 767 2033 808 recipiunt.
2052 770 2092 804 13)
2121 767 2196 800 Plu-

1216 808 1288 839 rimi
1312 809 1396 840 enim
1421 809 1502 840 fiunt
1525 808 1680 840 Monachi
1704 820 1770 841 non
1800 816 1935 852 propter
1964 809 2195 853 Euangelium,

1217 851 1278 882 sed
1302 857 1438 892 propter
1461 849 1602 883 culinam
1621 858 1653 883 et
1677 853 1784 884 ocium
1813 854 1867 894 qui
1895 862 1956 894 pro
1984 853 2114 895 exiguis
2141 863 2196 895 pa-

1217 894 1378 936 trimonijs
1409 895 1578 926 inueniunt
1601 893 1826 936 amplissimas
1846 905 1938 937 opes.
1985 895 2051 928 Sed
2072 902 2105 927 vt
2127 901 2198 927 tota

1218 946 1272 967 res
1305 936 1512 975 Monastica,
1545 936 1762 969 simulationis
1797 937 1895 979 plena
1929 945 1997 975 est,
2030 940 2075 970 ita
2108 937 2197 970 salso

1217 985 1392 1021 praetextu
1413 979 1600 1011 testimonia
1623 980 1807 1021 scripturae
1829 983 1943 1020 citant,
1962 988 1996 1012 vt
2021 981 2198 1024 dupliciter

1217 1028 1374 1064 peccent,
1407 1021 1474 1053 hoc
1500 1029 1570 1060 est,
1604 1029 1639 1054 vt
1673 1021 1792 1054 fallant
1819 1023 1989 1062 homines,
2019 1031 2053 1056 et
2080 1022 2198 1056 fallant

1217 1071 1392 1107 praetextu
1414 1066 1555 1097 nominis
1577 1065 1689 1097 diuini.

1304 1115 1432 1158 Citatur
1457 1123 1490 1148 et
1512 1115 1598 1148 alius
1627 1115 1723 1148 locus
1753 1117 1794 1149 de
1823 1116 2046 1159 perfectione,
2082 1116 2118 1149 Si
2147 1118 2198 1149 vis

1218 1158 1387 1201 perfectus
1410 1169 1504 1198 esse,
1528 1160 1631 1198 vade,
1654 1160 1761 1191 vende
1784 1170 1869 1202 quae
1898 1161 2067 1198 habes,*)
2097 1166 2129 1192 et
2156 1161 2200 1192 da

1218 1203 1420 1244 pauperibus
1455 1208 1488 1233 et
1520 1203 1613 1241 veni,
1648 1208 1681 1234 et
1715 1213 1856 1245 sequere
1890 1214 1951 1235 me.
2005 1202 2067 1234 Hic
2099 1201 2198 1236 locus

1218 1245 1366 1277 exercuit
1394 1244 1515 1277 multos
1549 1246 1606 1287 qui
1645 1245 1809 1278 finxerunt
1841 1244 2082 1288 perfectionem
2121 1255 2200 1278 esse

1218 1289 1457 1330 possessiones
1482 1298 1522 1319 ac
1545 1289 1687 1320 dominia
1708 1299 1817 1320 rerum
1839 1289 1997 1331 abijcere.
2043 1289 2199 1321 Sinamus

1218 1330 1446 1373 Philosophos
1477 1331 1683 1372 Aristippum
1713 1332 1927 1373 praedicare,
1960 1332 2014 1374 qui
2042 1342 2200 1374 magnum

1218 1375 1288 1406 auri
1310 1374 1443 1415 pondus
1466 1375 1588 1406 abiecit
1610 1375 1643 1406 in
1669 1385 1769 1407 mare.
1815 1374 1909 1406 Talia
1939 1373 2090 1417 exempla
2116 1375 2198 1407 nihil

1217 1418 1381 1459 pertinent
1403 1418 1446 1449 ad
1469 1417 1689 1449 Christianam
1712 1416 1960 1459 perfectionem.
2005 1417 2128 1450 Rerum
2151 1418 2199 1449 di-

1218 1461 1316 1499 uisio,
1339 1461 1499 1499 dominia,
1521 1466 1553 1492 et
1571 1462 1764 1501 possessio,
1788 1466 1865 1493 sunt
1897 1461 2124 1492 ordinationes
2153 1461 2198 1492 ci-

1219 1502 1304 1535 uiles
1334 1505 1537 1545 approbatae
1569 1504 1673 1534 verbo
1706 1503 1785 1542 Dei,
1819 1504 1850 1535 in
1885 1510 2076 1545 praecepto.
2123 1503 2199 1536 Non

1219 1545 1342 1578 furtum
1383 1545 1497 1578 facies.
1559 1545 1716 1577 Desertio
1759 1545 1952 1578 facultatum
1994 1557 2060 1578 non
2099 1546 2200 1578 habet

1220 1589 1421 1627 mandatum,
1442 1595 1498 1620 aut
1521 1588 1695 1620 consilium
1718 1590 1750 1620 in
1774 1589 1964 1630 Scripturis.
1995 1588 2078 1620 Nam
2091 1588 2200 1621 Euan-

1220 1631 1328 1674 gelica
1350 1638 1528 1674 paupertas
1544 1634 1596 1670 ¹³)
1626 1641 1693 1663 non
1720 1638 1772 1663 est
1803 1632 1947 1664 desertio
1982 1641 2109 1667 rerum,
2138 1632 2201 1664 sed

1220 1685 1286 1706 non
1306 1685 1384 1707 esse
1406 1685 1541 1707 auarum
1565 1685 1631 1706 non
1662 1674 1831 1707 confidere
1860 1676 1996 1717 opibus,
2024 1675 2110 1707 sicut
2132 1674 2201 1707 Da-

1220 1718 1274 1749 uid
1301 1728 1427 1760 pauper
1458 1724 1546 1756 erat,
1575 1719 1606 1749 in
1636 1718 1798 1750 ditissimo
1828 1728 1943 1760 regno.
1989 1717 2102 1754 Quare
2126 1728 2201 1750 cum

1221 1761 1364 1793 desertio
1388 1760 1581 1793 facultatum
1605 1761 1648 1792 sit
1676 1771 1765 1793 mere
1799 1762 1930 1793 traditio
1959 1761 2119 1799 humana,
2148 1766 2201 1793 est

1220 1803 1343 1836 inutilis
1366 1803 1485 1836 cultus.
1499 1806 1570 1841 ”¹7
1594 1803 1635 1834 Et
1657 1805 1833 1836 immodica
1857 1810 1933 1836 sunt
1956 1804 2014 1835 illa
2040 1803 2201 1836 Encomia

1220 1849 1252 1879 in
1277 1847 1535 1889 Extranagante,
1560 1857 1644 1889 quae
1675 1848 1718 1878 ait
1747 1848 1989 1879 abdicationem
2017 1847 2200 1888 proprieta-

1221 1891 1262 1922 tis
1287 1891 1429 1922 omnium
1460 1901 1584 1928 rerum,
1619 1896 1756 1931 propter
1790 1889 1909 1929 Deum,
1937 1890 2138 1922 meritoriam
2168 1896 2201 1921 et

1221 1941 1385 1972 sanctam,
1409 1940 1440 1965 et
1463 1935 1547 1965 viam
1570 1933 1783 1975 perfectionis
1805 1943 1894 1965 esse.
1916 1936 1955 1967 Ι5)
2001 1932 2041 1964 Et
2071 1933 2200 1974 pericu-

1220 1976 1423 2009 losissimum
1446 1983 1496 2008 est
1519 1986 1588 2008 rem
1616 1984 1816 2018 pugnantem
1845 1987 1920 2009 cum
1945 1975 2032 2008 ciuili
2060 1985 2201 2008 consue-

1224 2143 1269 2173 13)
1288 2141 1434 2173 recipiunt]
1453 2141 1501 2165 Ed.
1522 2141 1559 2165 8.:
1578 2140 1714 2172 recipiant.

1225 2186 1269 2217 14)
1289 2184 1358 2209 Haec
1377 2184 1489 2209 uidentur
1507 2187 1617 2216 spectare
1635 2183 1670 2207 ad
1687 2183 1922 2214 Extravngnntium
1947 2185 1986 2208 tit.
2007 2182 2081 2207 xw.
2101 2191 2158 2215 cap.
2177 2183 2202 2208 ὅ.

1292 2220 1386 2251 (Corp.
1406 2220 1453 2242 iur.
1474 2226 1565 2242 canon.
1585 2219 1626 2242 ed.
1647 2217 1753 2242 Richter
1773 2218 1801 2242 P.
1823 2218 1855 2243 11.
1874 2226 1898 2249 p.
1922 2219 1987 2242 1144
2007 2219 2087 2250 sqq).

1242 2262 1269 2294 ')
1289 2263 1363 2321 '2⁴¹⁰'
1383 2262 1465 2301 vendo
1484 2261 1670 2320 <1¹¹1101h11122³=l
1689 2261 1825 2319 hiat-ethio
1839 2262 1854 2309 -(
1866 2261 1912 2317 1⁶⁰ss
1929 2261 1963 2319 'gt
1980 2262 2014 2318 20
2024 2261 2066 2320 lund.
2089 2262 2124 2290 1.)
2144 2260 2204 2300 Lu·

1290 2302 1461 2355 gegrxgdsss
1480 2304 1589 2359 Ὕιιινιζιιηῖ
1605 2303 1672 2362 «parite
1684 2300 1852 2362 rglifilllil'c‘tltln
1875 2304 1963 2359 'suren‘³
1982 2330 2008 2353 id
2016 2303 2082 2353 ⁰:³²⁰
2097 2303 2204 2362 ³3:⁸⁵:

1291 2366 1435 2393 Christum,
1456 2373 1506 2389 non
1526 2366 1631 2397 propri·
1655 2365 1792 2388 electione.
1828 2366 1872 2389 sic
1898 2364 1971 2388 Beati
1996 2372 2121 2396 pauperes
2145 2365 2204 2397 Spi-

1292 2402 1341 2425 ritu
1361 2401 1398 2424 vel
1420 2401 1509 2424 cadem
1529 2408 1605 2423 causa
1625 2404 1649 2422 vt
1668 2402 1769 2430 nuptm·

1225 2443 1269 2473 ⁶⁸)
1290 2444 1450 2474 Euangeliou
1476 2442 1622 2474 pauperum}
1646 2442 1680 2466 aul
1702 2442 1761 2467 Λιικ
1785 2441 1860 2466 verba
1885 2442 1945 2473 (f⁴''¹
1977 2443 2008 2466 Ti
2029 2443 2057 2467 9·
2078 2443 2110 2466 ein
2148 2443 2202 2473 11.)

1293 2478 1456 2502 Lutliorus
1476 2486 1501 2500 m
1521 2485 1631 2507 mvrryuno
1650 2476 1708 2501 M«
1731 2477 1871 2501 mla-omns:
1898 2477 2032 2504 ,Christus
2057 2478 2091 2502 ibi
2118 2478 2201 2509 loqui·

1292 2518 1332 2536 tur
1361 2514 1392 2536 de
1421 2520 1498 2536 rausa
1528 2511 1679 2542 anagnin,
1706 2512 1737 2534 do
1762 2518 1837 2535 crure
1861 2516 1886 2534 ‘t
1912 2512 2075 2537 consessione
2098 2513 2202 2544 publica

1292 2552 1407 2579 temporo
1426 2547 1484 2571 boui
1505 2551 1611 2569 tantum.

1225 2591 1286 2620 “’·)
1306 2591 1393 2619 Qun-0
1412 2598 1468 2614 enm
1488 2590 1601 2614 desertio
1623 2601 1652 2606 —
1672 2588 1777 2619 cultus.l
1797 2587 1856 2612 hm·
1875 2588 1950 2613 urbo
1969 2589 2034 2620 (sol.
2055 2588 2088 2614 Τί
2107 2590 2136 2613 2·
2160 2589 2202 2613 tia.

1294 2626 1331 2649 13.
1357 2626 1409 2655 14.)
1430 2625 1593 2648 Luthorus
1613 2622 1687 2646 rubra
1707 2623 1786 2647 miore
1803 2622 1950 2648 enm-me.
