2366 2958
197 189 263 222 639

198 284 311 315 siones
349 281 517 315 habebant
549 282 654 321 vllas,
689 293 750 316 nec
784 285 894 315 vinum
929 284 1104 322 bibebant,
1139 290 1174 315 vt

196 326 312 357 scribit
342 325 496 357 ieremias
531 325 612 367 Cap.
647 337 750 357 xxxv.
771 328 810 364 ¹⁵)
866 327 1000 359 Scilicet
1035 326 1174 367 pulchre

197 368 336 410 quadrat
360 367 542 410 exemplum
567 368 819 401 Rechabitarum
844 370 884 401 ad
905 369 1092 402 Monachus
1116 380 1173 401 no-

196 417 298 449 stroS,
321 421 461 453 quorum
478 410 680 443 Monasteria
704 419 863 452 superant
885 411 1008 454 palatia
1031 412 1172 455 Regum,

195 454 250 495 qui
274 452 457 485 lautissime
478 454 601 485 viuunt.
640 454 679 485 Et
694 454 894 487 Rechabitae
906 456 938 486 in
962 454 1018 486 illa
1031 456 1172 487 omnium

195 507 304 527 rerum
328 497 478 537 penuria,
501 503 611 528 tamen
635 504 729 528 erant
753 499 923 540 coniuges.
965 498 1079 530 Nostri
1101 497 1173 529 Mo-

195 539 291 570 naci-d
305 549 379 570 cum
393 537 533 570 affluant
556 540 706 571 omnibus
730 539 859 582 delio-ijs
881 540 1079 583 profitentur
1096 551 1172 572 coe-

195 581 342 613 libatum.
388 581 562 613 Caeterum
597 581 747 624 exempla
780 583 871 615 iuxta
905 583 1072 627 regulam,
1107 584 1173 615 hoc

194 630 262 662 est,
285 624 375 656 iuxta
400 624 586 665 scripturas
610 632 720 656 certas
743 633 775 658 et
805 625 931 665 claras,
961 637 1026 658 nou
1057 632 1173 658 eontra

195 666 363 709 regulam,
393 677 453 698 seu
482 674 597 699 contra
630 669 814 709 scripturas
850 670 1059 710 interpretari
1095 679 1173 700 con-

194 710 294 740 uenit.
340 708 567 742 Certissimum
601 717 653 742 est
685 717 794 743 autem
828 713 1080 744 obseruationes
1115 722 1172 743 no-

194 758 283 783 stras
306 762 371 783 nou
396 754 513 784 mereri
535 755 763 785 remissionem
786 762 1018 796 peccatorum,
1048 761 1103 785 aut
1126 755 1172 785 iu-

194 794 438 827 stificationem.
492 795 602 831 Quare
637 807 710 828 cum
746 796 922 829 laudantur
956 796 1172 835 Rechabitae‚

193 847 335 868 necesse
357 844 409 869 est
432 848 490 869 eos
515 849 639 870 morem
668 850 781 877 suum,
808 851 874 872 non
903 841 978 871 ideo
1004 848 1173 877 seruasse,

194 880 284 922 quod
318 882 479 912 sentirent
513 891 550 913 se
583 892 643 922 per
683 892 756 914 eum
791 884 908 914 mereri
944 883 1171 914 remissionem

194 929 420 964 peccatorum,
442 930 497 955 aut
521 934 605 966 opus
628 925 735 966 ipsum
760 925 883 957 cultum
897 936 974 957 esse
993 924 1172 957 iustifican-

193 972 269 1003 tem‚
292 972 348 997 aut
369 973 505 1007 propter
528 978 625 1008 quem
652 975 935 1009 consequerentur
947 969 1045 1000 vitam
1067 974 1172 999 aeter·

191 1019 283 1046 nam,
315 1019 380 1040 non
410 1019 470 1051 per
498 1010 756 1042 misericordiam
780 1010 865 1050 Dei,
893 1017 1028 1053 propter
1058 1020 1172 1042 semen

193 1052 403 1092 promissum.
444 1053 510 1084 Sed
536 1053 611 1094 quia
636 1052 822 1085 habuerunt
846 1054 1033 1085 mandatum
1057 1063 1173 1094 paren·
1197 1085 1200 1098 Ι

190 1101 270 1132 tum,
293 1093 447 1126 laudatur
471 1096 669 1133 obedientia,
692 1097 733 1127 de
756 1107 821 1137 qua
844 1102 935 1128 extat
960 1102 1172 1138 praeceptum
1196 1099 1200 1125 1

191 1136 266 1168 Dei.
311 1136 447 1168 Honora
471 1145 598 1179 patrem
622 1145 654 1169 et
678 1144 826 1170 matrem.
866 1139 996 1171 Deinde
1021 1150 1092 1170 mos
1115 1139 1172 1170 ha-

190 1180 292 1211 bebat
315 1179 413 1212 finem
438 1182 623 1222 proprium,
660 1182 736 1223 quia
766 1183 931 1224 peregrini
961 1188 1073 1220 erant,
1106 1192 1172 1213 non

190 1221 374 1261 israelitae,
398 1229 535 1265 apparet
558 1230 684 1264 patrem
704 1223 853 1256 voluisse
878 1235 938 1256 eos
963 1225 1061 1256 certis
1085 1225 1171 1256 notis

191 1266 379 1297 discernere
402 1277 422 1296 a
445 1266 515 1297 suis
538 1265 772 1308 popularibus,
801 1278 843 1299 ne
872 1267 1104 1299 relaberentur
1130 1268 1172 1299 ad

189 1309 386 1350 impietatem
410 1308 629 1350 popularium.
676 1309 822 1342 Volebat
844 1311 896 1341 his
920 1312 1008 1342 notis
1031 1319 1093 1342 eos
1117 1310 1173 1341 ad-

189 1361 325 1382 monere
360 1352 531 1383 doctrinae
572 1351 647 1383 fidei
688 1360 721 1384 et
760 1352 1025 1385 immortalitatis.
1080 1352 1172 1384 Talis

191 1393 265 1425 finis
295 1400 347 1425 est
375 1393 496 1426 licitus.
542 1395 585 1426 At
622 1395 706 1426 fines
742 1395 948 1428 Monasticae
982 1396 1082 1439 longe
1116 1394 1200 1438 alijx

190 1437 371 1468 traduntur.
418 1437 560 1480 Fingunt
585 1448 686 1478 opera
710 1438 913 1470 Monastices
945 1438 1057 1471 cultus
1081 1448 1172 1477 esse,
1197 1431 1201 1491 Ι

190 1479 232 1511 fin
262 1485 316 1510 unt
346 1490 384 1511 ea
415 1481 532 1511 mereri
562 1481 789 1513 remissionem
815 1488 1028 1523 peccatorum
1059 1492 1099 1513 ac
1128 1482 1172 1514 iu-

189 1523 232 1554 sti
259 1523 433 1554 cationem.
468 1522 529 1554 Est
548 1523 648 1565 igitur
665 1523 825 1555 dissimile
843 1524 1050 1556 Monasticae
1063 1534 1171 1556 exem·
1196 1495 1201 1577 l

189 1564 277 1607 plum
298 1564 567 1604 Rechabitarum,
590 1572 625 1598 vt
648 1567 836 1598 omittamus
868 1567 922 1600 hic
950 1566 1014 1599 alia
1048 1568 1171 1599 incom-

189 1609 287 1640 moda
309 1619 393 1650 quae
416 1608 533 1640 herent
555 1610 586 1640 in
609 1611 774 1651 praesenti
798 1609 997 1642 Monastiea.

277 1650 387 1683 Citant
411 1657 442 1683 et
466 1662 506 1683 ex
530 1653 640 1693 priore
663 1653 705 1683 ad
728 1652 934 1684 Timotheum
966 1652 1048 1693 Cap.
1073 1663 1105 1683 v.
1129 1652 1170 1684 de

190 1695 317 1732 viduis,
353 1704 437 1736 quae
472 1695 658 1726 seruientes
692 1694 883 1734 Ecclesiae,
920 1695 1096 1727 alebantur
1129 1695 1170 1727 de

190 1735 337 1779 publico,
360 1738 415 1768 vbi
435 1738 490 1768 ait.
536 1737 670 1769 Nubere
694 1738 828 1778 volunt,
852 1739 1014 1770 habentes
1038 1739 1170 1770 damna-

190 1781 323 1817 tionem,
348 1780 423 1821 quia
446 1780 583 1821 primam
613 1780 708 1812 fidem
739 1782 862 1813 irritam
892 1781 1054 1813 fecerunt.
1100 1781 1170 1812 Pri—

190 1834 277 1855 mum
300 1821 354 1853 hic
378 1822 540 1865 fingamus
570 1822 765 1864 Apostolum
797 1825 838 1855 de
866 1823 952 1856 votis
981 1823 1089 1865 loqui,
1122 1830 1170 1855 ta·

190 1876 264 1897 meu
294 1864 348 1896 hic
379 1865 474 1897 locus
505 1876 570 1897 non
600 1867 860 1907 patrocinabitur
888 1866 1085 1899 Monasticis
1115 1877 1169 1898 vo-

191 1911 245 1947 tis,
267 1919 352 1950 quae
375 1908 456 1940 fiunt
479 1909 520 1939 de
540 1909 646 1951 impijs
670 1908 832 1948 cultibus,
855 1916 887 1941 et
918 1910 980 1941 hac
1003 1910 1170 1951 opinione,

191 1958 224 1983 vt
254 1958 442 1982 mereantur
469 1952 697 1983 remissionem
732 1959 963 1993 peccatorum,
992 1959 1026 1984 et
1055 1952 1169 1984 iustifi-

192 1995 363 2027 cationem.
409 1993 532 2025 Paulus
563 1997 647 2026 enim
682 2001 749 2026 tota
779 2006 863 2028 voce
891 1996 1026 2027 damnat
1055 2005 1169 2027 omnes

190 2037 312 2076 cultus,
335 2047 449 2069 omnes
472 2036 576 2080 legeS,
599 2038 708 2069 onmia
732 2049 845 2080 opera,
870 2041 898 2070 si
922 2039 965 2070 ita
988 2039 1169 2070 obseruen-

190 2087 255 2118 tur,
278 2087 312 2111 vt
335 2088 522 2111 mereantur
545 2082 771 2112 remissionem
796 2088 1029 2123 peccatorum,
1057 2088 1110 2113 aut
1137 2087 1170 2113 vt

190 2129 326 2165 propter
350 2133 390 2155 ea
414 2133 658 2165 consequamur
682 2125 779 2155 vitam
804 2130 982 2162 aeternam,
1006 2135 1070 2155 non
1095 2135 1170 2165 pro-

190 2173 262 2207 pter
296 2165 463 2198 Christum
497 2178 555 2208 per
590 2167 859 2199 misericordiam.
918 2168 995 2199 ldeo
1027 2177 1169 2199 necesse

190 2217 241 2241 est
265 2216 341 2241 vota
366 2209 550 2247 viduarum,
574 2211 669 2251 siqua
695 2209 841 2248 suerunt,
865 2209 1035 2242 dissimilia
1067 2210 1170 2241 fuisse

190 2253 277 2284 votis
310 2253 514 2284 §lonasticiffi
561 2252 754 2289 Praeterea,
789 2255 904 2285 sinon
935 2254 1087 2285 desinant
1112 2254 1168 2285 ad-

191 2295 329 2337 uersarij
355 2296 554 2336 detorquere
579 2294 687 2327 locum
711 2297 751 2326 ad
784 2304 878 2333 vota.
907 2297 1168 2338 ‹letorquendum

190 2339 251 2369 erit
274 2339 389 2369 eodem
414 2338 479 2369 hoc
503 2349 646 2380 quoque,
671 2340 757 2380 quod
779 2339 955 2381 vetateligi
976 2342 1015 2377 16)
1039 2340 1169 2372 viduam

189 2382 347 2412 minorem
371 2382 468 2412 annis
491 2383 677 2423 sexaginta.
713 2381 759 2413 lta
784 2389 860 2413 vota
884 2391 961 2414 ante
985 2393 1056 2414 eam
1081 2390 1169 2415 aeta-

260 2526 420 2550 Lathon-n·
440 2536 465 2549 m
485 2536 594 2559 murryme
614 2528 761 2560 ‹nin-ripm:
784 2529 853 2557 ,Nc—n*
876 2530 917 2552 isti
939 2529 1040 2553 suerum
1065 2530 1167 2558 celibes,

259 2566 302 2584 aut
321 2563 472 2584 obedituro·
496 2568 536 2585 wit
557 2570 695 2593 paupcrvz,
718 2567 742 2586 vt
762 2563 905 2587 m‹·nn‹·hi.'

194 2605 236 2632 15)
257 2604 318 2635 (Ἃρ.
340 2604 431 2635 xxxv}
454 2605 500 2627 m.
522 2606 543 2628 Π,
578 2607 663 2636 capito
683 2607 815 2635 ‹rign-imo
836 2607 933 2638 quinto.

197 2647 236 2676 16)
257 2647 328 2678 eligi}
352 2647 398 2671 Ed,
421 2648 434 2668 3
466 2652 514 2677 'usk
535 2656 599 2672 rr„
620 2650 686 2679 clo-gi

646 189 759 223 pun..
781 189 886 222 MEL.
908 189 1096 223 SCRIPTA
1119 179 1387 222 DOGM‘A'rch
1406 189 1463 222 ET
1483 189 1754 223 SYMBOLICA.

2147 193 2214 227 640

1227 289 1292 315 tem
1317 281 1407 315 sacta
1430 289 1527 315 erunt
1549 283 1651 316 irrita.
1697 283 1766 316 Sed
1788 286 1934 318 noudum
1963 293 2060 319 norat
2089 287 2208 321 Eccle-

1227 327 1277 357 sia
1299 325 1385 358 haec
1408 332 1496 358 vota.
1542 325 1656 368 ltaque
1679 327 1813 360 damnat
1834 327 1960 360 Paulus
1985 330 2118 369 viduas,
2141 342 2209 364 non

1228 369 1303 410 quia
1327 369 1460 400 nubunt.
1497 368 1590 400 lubet
1613 370 1697 400 enim
1721 371 1846 403 nubere
1867 372 2026 410 iuniores,
2048 373 2110 404 sed
2133 374 2209 415 quia

1229 410 1361 453 publico
1384 418 1517 453 sumptu
1545 411 1644 443 alitae
1671 410 1909 452 lasciuiebant‚
1938 415 2078 456 ideoque
2109 415 2207 448 fidem

1226 455 1436 494 abijciebant.
1471 453 1544 485 Hoc
1567 460 1666 486 vocat
1689 455 1826 495 primam
1849 456 1956 496 fidem,
1981 457 2208 496 scilicet,non

1228 499 1294 528 voti
1328 496 1522 535 Monastici,
1555 498 1617 528 sed
1649 496 1902 531 Christianismi.
1949 500 1990 531 Et
2019 501 2084 532 hoc
2107 501 2206 533 modo

1228 539 1324 571 fidem
1348 541 1469 581 accipit
1497 540 1529 570 in
1559 540 1676 571 eodem
1707 539 1834 582 Cap.‘)
1879 542 1915 574 Si
1939 544 2012 585 quis
2039 545 2207 586 proprios,

1228 590 1260 614 et
1284 583 1423 614 maxime
1442 583 1644 614 domesticos
1667 593 1734 614 non
1757 590 1868 622 curat,
1898 584 1994 617 fidem
2017 587 2205 628 abnegavit.

1227 624 1334 656 Aliter
1356 627 1441 657 enim
1466 626 1506 657 de
1529 624 1592 657 fide
1614 623 1761 666 loquitur
1783 637 1881 668 quam
1906 627 2096 670 Sophistae.
2131 629 2206 661 Non

1226 669 1336 700 tribuit
1371 668 1465 699 fidam
1501 668 1552 699 his
1592 670 1646 710 qui
1688 669 1812 700 habent
1845 678 2017 711 peccatum
2053 670 2204 703 mortale.

1228 710 1304 742 ldeo
1327 711 1404 742 dicit
1428 711 1492 742 hos
1516 712 1661 753 abi-icere
1685 711 1801 750 fidem,
1824 713 1878 754 qui
1901 723 1968 744 non
1991 721 2106 746 curant
2129 724 2205 755 pro-

1226 754 1378 794 pinquos.
1424 753 1466 785 Et
1489 755 1531 785 ad
1554 755 1694 786 eundem
1724 755 1856 786 modum
1884 756 1962 789 dicit
1991 755 2204 789 mulierculas

1224 795 1412 837 petulantes
1437 796 1532 828 fidem
1556 797 1712 837 abiicere.
1727 798 1780 835 *ἢ

1311 838 1538 871 Percurrimus
1560 839 1685 881 aliquot
1709 846 1842 872 nostras
1865 842 2011 872 rationes
2036 848 2068 873 et
2097 842 2206 874 obiter

1226 879 1379 913 diluimus
1413 892 1454 913 ea
1487 892 1572 923 quae
1606 883 1789 923 aduersarij
1825 883 1994 925 obijciunt.
2046 883 2087 916 Et
2120 884 2205 917 haec

1226 922 1425 966 collegimus
1461 935 1526 956 non
1563 925 1672 955 solum
1707 931 1842 966 propter
1876 927 2108 965 aduersarios,
2144 927 2205 959 sed

1226 965 1328 997 multo
1359 968 1465 1008 magis
1499 975 1634 1008 propter
1662 968 1733 1008 pias
1762 975 1907 1006 mentm,
1937 975 1971 1000 vt
1999 969 2143 1001 habeant
2172 971 2204 1002 in

1227 1015 1408 1050 conspectu
1432 1019 1572 1047 causas,
1601 1019 1704 1050 quare
1726 1011 1914 1051 improbare
1936 1013 2078 1044 debeant
2102 1013 2205 1054 hypo-

1226 1052 1326 1083 crisin
1360 1059 1393 1084 et
1425 1052 1522 1084 fictos
1551 1051 1660 1083 cultus
1689 1051 1914 1091 Monasueos,
1950 1065 2035 1095 quos
2072 1056 2205 1096 quidem

1225 1100 1314 1126 totos
1348 1094 1437 1127 haec
1472 1106 1538 1126 vna
1572 1105 1639 1127 vox
1679 1094 1802 1126 Christi
1841 1096 2002 1138 abrogat,
2035 1107 2109 1128 cum
2147 1099 2205 1129 ait.

1226 1137 1364 1168 Frustra
1387 1136 1501 1169 colunt
1523 1149 1575 1169 me
1597 1138 1763 1169 mandatis
1785 1137 1964 1170 hominum.
1999 1138 2110 1174 Quare
2127 1145 2206 1171 vota

1225 1181 1309 1221 ipsa,
1333 1187 1363 1211 et
1386 1181 1640 1212 obseruationes
1664 1181 1823 1219 ciborum,
1835 1179 2026 1220 lectionum,
2039 1188 2205 1220 cantuum,

1224 1223 1384 1262 vestitus,
1419 1223 1628 1261 calceorum,
1662 1221 1887 1265 cingulorum,
1929 1223 2062 1256 inutiles
2096 1223 2207 1257 cultus

1225 1272 1304 1298 sunt
1327 1276 1440 1298 coram
1463 1266 1548 1298 Deo.
1584 1265 1626 1298 Et
1649 1273 1742 1298 certo
1766 1266 1874 1297 sciant
1897 1277 2012 1298 omnes
2029 1268 2103 1309 piae
2117 1277 2207 1299 men-

1225 1315 1287 1347 teS,
1310 1307 1502 1350 simpliciter
1515 1308 1740 1340 pharisaicam
1759 1314 1791 1340 et
1808 1310 1995 1341 damnatam
2019 1310 2207 1351 opinionem

1225 1361 1313 1389 esse,
1337 1352 1426 1393 quod
1449 1350 1526 1383 illae
1549 1353 1804 1384 obseruationes
1829 1359 2017 1384 mereantur
2041 1354 2207 1385 remissio·

1225 1405 1298 1425 nem
1332 1401 1566 1436 peccatorum,
1595 1395 1684 1436 quod
1714 1401 1850 1436 propter
1878 1405 1936 1427 eas
1965 1396 2042 1427 iusti
2076 1404 2206 1438 repute-

1224 1448 1316 1475 mur,
1346 1438 1433 1479 quod
1457 1443 1592 1479 propter
1617 1447 1676 1468 eas
1700 1447 1942 1479 consequamur
1971 1439 2071 1470 vitam
2100 1444 2206 1470 aeter·

1224 1491 1313 1517 nam,
1336 1490 1400 1510 non
1424 1490 1484 1521 per
1507 1480 1768 1512 misericordiam
1792 1486 1927 1521 propter
1950 1480 2129 1513 Christum.
2163 1481 2206 1513 Et

1224 1532 1366 1554 necesse
1389 1528 1441 1553 est
1464 1528 1603 1554 sanctos
1627 1523 1717 1554 viros
1741 1524 1794 1564 qui
1819 1523 1851 1553 in
1878 1522 1929 1554 his
1957 1525 2044 1555 vitae
2076 1525 2205 1565 generi·

1224 1566 1286 1597 bus
1312 1566 1472 1603 vixerunt,
1495 1566 1624 1597 abiecta
1649 1565 1768 1597 fiducia
1791 1564 1903 1597 talium
1923 1567 2204 1606 obseruationum,

1224 1608 1400 1646 didicisse,
1432 1608 1521 1649 quod
1561 1609 1788 1639 remissionem
1822 1614 2036 1649 peccatorum
2070 1616 2206 1651 propter

1224 1650 1392 1681 Christum
1416 1652 1520 1692 gratis
1544 1649 1722 1688 haberent,
1751 1651 1841 1692 quod
1870 1657 2006 1692 propter
2036 1651 2205 1685 Christum

1222 1704 1281 1735 per
1303 1694 1564 1725 misericordiam
1589 1694 1800 1724 consecuturi
1824 1700 1938 1725 essent
1967 1695 2067 1725 vitam
2096 1701 2205 1727 aeter-

1223 1747 1310 1774 nam,
1334 1746 1398 1768 non
1422 1743 1558 1778 propter
1580 1735 1657 1768 illos
1687 1735 1814 1774 cultus,
1844 1737 1931 1778 quod
1954 1736 2048 1769 Deus
2077 1744 2204 1770 tantum

1222 1780 1384 1821 approbet
1408 1778 1518 1812 cultus
1548 1790 1611 1812 suo
1640 1780 1742 1811 verbo
1773 1779 1957 1818 institutos,
1986 1781 2041 1822 qui
2069 1780 2206 1813 valeant

1223 1823 1254 1853 in
1279 1822 1354 1854 fide.

1287 1951 1348 1982 DE
1384 1949 1682 1981 Po‘rEs'rA'rE
1714 1948 1806 1979 Ecc
1819 1948 2129 1980 LESlASTlCA.

1308 2036 1532 2069 Vehementer
1550 2035 1603 2067 hic
1621 2035 1847 2067 vociferantur
1865 2036 2049 2077 aduersarij
2073 2036 2116 2068 do
2138 2036 2203 2078 pri·

1222 2080 1355 2122 uilegijs
1389 2086 1419 2110 et
1453 2079 1709 2110 immunitatibus
1745 2078 1975 2110 Ecclesiastici
2005 2085 2132 2116 status,
2161 2079 2203 2110 Et

1221 2124 1345 2154 addunt
1370 2121 1553 2164 Epilogum.
1597 2122 1691 2152 lrrita
1716 2129 1789 2153 sunt
1814 2122 1922 2152 onmia
1947 2133 2031 2163 quae
2054 2123 2085 2153 in
2107 2133 2202 2164 prae·

1221 2167 1306 2198 senti
1330 2163 1472 2197 articulo
1499 2172 1614 2195 contra
1645 2165 1879 2195 immunitatem
1910 2164 2137 2197 Ecclesiamm
2169 2171 2203 2196 et

1222 2209 1438 2241 Sacerdotum
1467 2206 1663 2239 inseruntur.
1710 2207 1801 2238 Haec
1824 2215 1874 2239 est
1906 2218 1995 2239 mera
2024 2207 2200 2246 calumnia,

1222 2253 1292 2284 Nos
1316 2252 1400 2283 enim
1424 2251 1465 2281 de
1490 2252 1589 2282 rebus
1613 2249 1688 2290 ulijs
1708 2251 1739 2281 in
1764 2250 1828 2282 hoc
1852 2249 1992 2282 articulo
2022 2251 2201 2293 disputaui-

1222 2306 1305 2327 mus.
1350 2293 1525 2325 Caeterum
1550 2304 1650 2335 saepe
1673 2295 1780 2325 testati
1804 2304 1940 2332 sumus,
1962 2303 2024 2325 nos
2048 2293 2201 2335 politicas

1242 2434 1268 2464 ⁰)
1290 2433 1322 2457 Et
1345 2433 1394 2456 hoc
1419 2433 1497 2455 modo
1522 2445 1553 2449 ——
1578 2432 1670 2455 eodem
1690 2431 1768 2465 Casu]
1787 2431 1846 2455 haee
1871 2432 1937 2462 (s¹¹¹·
1957 2433 1988 2455 ss
2010 2433 2038 2455 Β*
2063 2431 2105 2455 tu.
2126 2432 2166 2460 ἵ.)
2185 2440 2202 2455 ο

1294 2468 1434 2491 Lutlioro
1454 2466 1529 2490 rubro
1549 2466 1629 2489 colare
1648 2465 1777 2489 subnotato
1797 2470 1858 2489 suut.

1224 2511 1267 2539 ‘')
1288 2511 1450 2534 mulierculas
1475 2510 1620 2540 petulantes
1645 2509 1720 2532 tiilcm
1743 2509 1877 2540 aiiij-‘rel
1904 2508 1940 2531 hu
1968 2508 2048 2533 urbis
2076 2508 2142 2567 (ἐνί.
2168 2508 2201 2532 Sa

1291 2546 1319 2569 4²²
1340 2546 1382 2568 lin.
1403 2546 1441 2572 8.)
1462 2544 1625 2567 Luthurus
1646 2551 1669 2565 m
1689 2544 1798 2574 martyrae
1822 2543 1883 2566 han
1907 2543 2047 2567 minoem-d:
2076 2561 2086 2571 ,
2115 2543 2199 2567 elabe-

1289 2580 1382 2603 bantur
1401 2580 1467 2602 {orte
1487 2579 1518 2601 ml
1539 2578 1704 2605 iudeusmum,
1725 2585 1781 2601 eum
1801 2586 1825 2601 m
1847 2578 1964 2602 Heriem·
1982 2585 2034 2601 non
2054 2579 2201 2602 inueniant

1289 2623 1331 2645 qui
1352 2615 1428 2637 vellet
1447 2618 1490 2636 aut
1510 2617 1594 2643 ponet
1613 2612 1715 2636 ‹lue-ro.
1754 2612 1786 2635 Et
1812 2612 1882 2636 iudei
1908 2613 1968 2636 odio
1993 2612 2091 2637 Chrinu
2118 2612 2199 2636 libon-

1290 2654 1327 2671 tor
1347 2656 1388 2671 eat
1408 2648 1553 2671 duxerint·
