2366 2958
193 178 255 210 591

218 272 432 302 renunciatur
459 270 643 309 absolutio,
682 272 771 313 quod
805 281 871 302 non
904 270 1014 303 solum
1048 270 1172 303 meritis

193 282 334 352 ghi-isti,
367 314 428 345 sed
451 315 575 345 meritis
598 314 737 345 aliorum
761 320 950 346 sanctorum
980 312 1171 346 reconcilie-

192 367 266 388 mur
286 362 319 388 et
347 357 423 388 iusti
445 364 646 397 reputemur.
691 355 830 392 Quidam
859 367 879 389 e
901 357 998 388 nobis
1021 357 1173 389 viderunt

193 400 386 430 morientem
412 400 582 431 docorem
611 399 832 441 Theologiae‚
861 400 903 431 ad
933 410 1030 441 quem
1053 409 1171 431 conso-

191 440 325 474 landum
348 441 514 473 adbibitus
545 449 615 473 erat
637 441 824 473 Monachus
848 443 1009 484 quispiam
1031 441 1171 474 Theolo-

193 495 268 526 gus.
321 483 351 515 ls
386 485 534 516 morienti
572 484 652 515 nihil
686 484 954 523 inculcabat,‘-'0)
987 485 1050 517 nisi
1084 486 1170 517 hane

191 528 433 568 precationem,
465 528 571 558 Mater
595 527 722 569 gratiae
751 538 812 559 nos
836 529 878 559 ab
902 527 998 560 hoste
1021 535 1170 571 protege,

191 570 225 601 in
249 569 333 601 hora
357 570 472 600 mortis
496 570 638 610 suscipe.
694 569 736 601 Vt
760 569 938 613 largiamur
960 572 1049 613 quod
1075 573 1171 602 beata

192 611 298 644 Maria
321 618 392 643 oret
416 623 475 654 pro
500 611 664 650 Ecclesia,
689 623 765 644 num
788 614 861 655 ipsa
883 615 1020 656 suscipit
1044 615 1170 645 animas

191 655 226 686 in
249 661 365 693 morte,
389 665 465 686 num
490 656 590 686 vincit
613 661 761 693 mortem,
785 667 862 688 num
887 657 1054 689 viuificat?
1085 657 1170 692 Quid

191 697 260 739 agit
283 696 459 729 Christus?
481 700 509 730 si
533 697 616 730 haec
639 697 719 729 facit
745 700 842 731 beata
866 700 980 738 Maria,
1005 710 1089 741 quae
1108 700 1170 730 etsi

192 746 244 771 est
278 740 470 782 dignissima
500 740 709 782 amplissimis
739 741 942 780 honoribus,
970 749 1080 773 tamen
1104 752 1169 773 non

195 781 260 814 vult
294 793 331 814 se
365 785 498 825 aequari
528 784 678 822 Christo,
713 786 773 816 sed
803 786 911 826 potius
935 784 1085 826 exempla
1108 795 1169 815 sua

190 836 253 857 nos
277 826 392 857 intueri
416 832 448 857 et
471 826 624 867 amplecti
649 826 727 859 vult.
774 828 817 859 At
840 838 895 859 res
918 827 1063 869 loquitur
1084 829 1168 868 ipsa,

191 869 281 910 quod
312 867 443 910 publica
473 871 693 911 persuasione
723 871 819 902 beata
848 871 942 913 virgo
975 881 1113 911 prorsus
1135 872 1169 900 in

189 910 300 942 locum
325 911 448 944 t'hristi
471 914 682 944 successerit.
728 913 821 945 Hanc
851 915 1091 944 inuocauerunt
1114 912 1169 943 ho-

191 955 313 994 mines,
346 954 444 986 huius
474 956 698 987 misericordia
728 957 845 987 contisi
874 962 967 993 sunt,
1001 956 1168 997 perhanc

190 995 367 1028 voluerunt
400 997 535 1039 placare
567 998 753 1036 Christum,
787 999 880 1040 quasi
915 1000 944 1030 is
979 1009 1043 1031 non
1078 1004 1169 1029 esset

190 1040 406 1081 propiciator,
437 1041 497 1072 sed
521 1047 644 1072 tantum
668 1042 852 1073 horrendus
876 1041 992 1082 ludex,
1015 1047 1048 1072 et
1071 1040 1167 1072 vltor.

190 1083 262 1114 Nos
285 1090 393 1114 autem
407 1085 579 1121 sentimus,
604 1085 656 1122 27)
669 1085 757 1125 quod
779 1095 844 1115 non
862 1085 905 1115 sit
923 1084 1167 1118 confidendum,

191 1126 281 1167 quod
316 1127 430 1157 merita
466 1133 658 1158 sanctorum
692 1127 788 1157 nobis
824 1126 1044 1168 applicentur,
1079 1127 1168 1168 quod

190 1175 327 1210 propter
357 1167 412 1199 illa
436 1169 529 1200 Deus
557 1169 656 1200 nobis
681 1168 934 1208 reconcilietur,
961 1178 1015 1201 aut
1041 1175 1169 1211 reputet

190 1221 253 1242 nos
282 1212 406 1250 iustos,
436 1218 491 1243 aut
520 1211 629 1243 saluet
658 1222 730 1243 nos.
775 1212 914 1245 Tantum
938 1213 1022 1244 enim
1046 1213 1170 1244 Christi

190 1254 315 1285 meritis
339 1255 571 1295 consequimur
594 1256 821 1286 remissionem
845 1262 1070 1296 peccatorum,
1095 1266 1169 1288 cum

189 1297 222 1328 in
245 1306 317 1328 eum
339 1297 515 1328 credimus.
531 1299 584 1335 ²⁷)
628 1297 681 1329 De
709 1297 785 1338 alijs
814 1300 938 1330 sanctis
962 1299 1085 1330 dictum
1107 1304 1170 1335 est,

190 1339 429 1382 Vnusquisque
469 1340 604 1380 recipiet
637 1343 823 1373 mercedem
857 1342 1041 1373 secundum
1075 1352 1170 1373 suum

190 1381 355 1421 laborem,
388 1384 420 1414 id
451 1389 521 1420 est,
554 1384 616 1424 ipsi
643 1384 728 1415 inter
755 1394 794 1415 se
822 1385 949 1416 donare
971 1395 1032 1415 sua
1056 1385 1170 1415 merita

190 1424 246 1466 alij
271 1424 347 1465 alijs
370 1435 437 1457 non
460 1433 612 1467 possunt,
635 1427 721 1458 sicut
745 1427 900 1458 Monachi
923 1428 1071 1459 vendunt
1094 1437 1169 1458 suo-

190 1479 263 1501 rum
287 1469 438 1500 ordinum
461 1469 586 1500 merita.
629 1469 670 1500 Et
688 1468 830 1502 Hilarius
850 1471 907 1508 ait,
930 1471 970 1502 de
990 1469 1089 1502 fatuis
1108 1471 1169 1501 vir-

214 1512 332 1542 inibus.
383 1511 424 1543 Et
452 1513 528 1553 quia
558 1512 689 1553 prodire
721 1514 851 1544 obuiam
883 1512 993 1544 fatuae
1015 1514 1170 1544 extinctis

148 1568 151 1570 ·
190 1521 397 1594 Enipadtbus
431 1564 497 1586 non
536 1562 700 1595 possunt,
738 1556 959 1596 deprecantur
992 1566 1050 1587 eas
1084 1565 1170 1597 quae

190 1598 370 1640 prudentes
395 1604 499 1635 erant,
522 1605 557 1629 vt
580 1596 689 1629 oleum
714 1606 872 1637 mutuent,
895 1599 1014 1640 quibus
1034 1608 1170 1640 respon-

190 1641 320 1678 derunt,
342 1651 407 1672 non
427 1650 529 1681 posse
551 1651 590 1672 se
608 1641 699 1679 dare,
722 1643 797 1683 quia
816 1653 882 1673 non
900 1643 942 1672 sit
962 1640 1059 1680 forte,
1081 1642 1171 1683 quod

190 1684 343 1714 omnibus
371 1685 452 1714 satis
473 1684 533 1717 sit,
567 1683 684 1715 alienis
711 1684 841 1716 scilicet
863 1685 1019 1726 operibus
1043 1695 1083 1715 ae
1107 1695 1171 1716 me-

191 1727 262 1757 ritis
286 1727 448 1757 neminem
471 1727 703 1765 adiuuandum,
726 1728 803 1768 quia
825 1728 999 1769 vnicuique
1028 1726 1170 1768 lampadi

191 1778 273 1800 suae
295 1779 404 1800 emere
427 1768 536 1800 oleum
562 1780 702 1801 necesse
726 1772 778 1801 sit.
825 1770 907 1802 Cum
931 1771 1031 1811 igitur
1053 1772 1171 1802 aduer-

191 1813 271 1853 sarij
302 1812 443 1843 doceant
472 1812 622 1843 fiduciam
660 1812 830 1844 collocare
863 1814 895 1843 in
929 1814 1170 1845 inuocationem

191 1862 400 1892 sanctorum,
430 1866 503 1886 cum
534 1865 641 1896 neque
664 1857 799 1887 verbum
823 1855 904 1893 Dei,
933 1866 1040 1897 neque
1064 1867 1170 1888 exem-

192 1897 281 1939 plum
316 1898 508 1939 Scripturae
543 1897 704 1937 habeant,
747 1910 820 1930 cum
855 1898 1021 1940 applicent
1057 1901 1171 1931 merita

192 1948 383 1973 sanctorum
407 1951 467 1982 pro
491 1939 582 1981 alijs,
616 1952 681 1973 non
715 1952 813 1973 secus
836 1952 876 1973 ac
900 1943 1013 1974 merita
1037 1942 1172 1981 Christi,

192 1990 225 2014 et
252 1986 418 2025 proprium
442 1983 565 2015 Christi
599 1985 758 2016 honorem
793 1985 824 2015 in
859 1992 997 2016 sanctos
1031 1987 1171 2018 transfe-

192 2033 285 2064 rant‚
312 2037 419 2068 neque
448 2028 619 2067 opiniones
648 2038 762 2059 eorum
792 2029 834 2058 de
857 2027 945 2059 cultu
969 2035 1172 2067 sanctorum,

194 2079 302 2111 neque
333 2070 605 2101 consuetudinem
635 2071 855 2101 inuocationis
885 2072 1031 2111 recipere
1055 2082 1172 2112 possu-

193 2123 277 2143 mus.
323 2113 453 2144 Scimus
478 2113 561 2143 enim
587 2114 737 2144 liduciani
762 2114 792 2145 in
817 2113 938 2145 Christi
963 2114 1172 2147 intercessio-

192 2165 266 2186 nem
290 2154 521 2186 collocandam
544 2166 639 2193 esse,
667 2157 742 2197 quia
771 2156 854 2188 haec
877 2156 952 2188 sola
976 2156 1071 2188 habet
1097 2169 1171 2199 pro-

192 2198 382 2229 missionem
407 2198 479 2229 Dei.
524 2199 654 2230 scimus
679 2199 785 2230 solius
810 2199 932 2230 Christi
962 2201 1075 2232 merita
1099 2212 1170 2242 pro-

192 2241 400 2283 piciationem
430 2252 489 2281 pro
519 2243 614 2272 nobis
645 2252 733 2273 csse.
785 2243 925 2283 Propter
953 2243 1076 2275 Christi
1106 2256 1170 2275 me-

192 2285 255 2314 rita
286 2291 474 2325 reputamur
504 2285 594 2321 iusti,
626 2296 699 2316 cum
724 2286 887 2316 credimus
917 2287 948 2317 in
973 2297 1063 2323 eum,
1086 2288 1169 2318 sicut

193 2332 303 2358 textus
326 2328 380 2358 ait·
427 2328 553 2359 Omnes
576 2328 630 2369 qui
653 2329 823 2360 confidunt
846 2330 876 2360 in
896 2339 981 2367 eum,
1005 2341 1070 2361 non
1092 2341 1170 2362 con-

195 2489 241 2520 ²3)
262 2490 425 2522 inculcabam
447 2491 493 2514 Ed.
515 2492 537 2514 3.
556 2495 606 2522 typ.
629 2499 690 2515 ern:
711 2492 847 2520 ituit-nbat.

195 2533 328 2564 271qnod
357 2541 407 2556 non
438 2539 468 2556 ut
495 2534 689 2561 commit-netum,
716 2548 744 2552 —-
774 2548 802 2552 —
827 2543 883 2558 cnm
903 2538 927 2558 in
947 2543 1002 2558 eum
1023 2536 1171 2567 rwttrnns]

266 2568 344 2591 Eunt.
366 2569 430 2590 ¹2—l
452 2587 454 2589 ,
476 2576 521 2590 no·
546 2574 642 2591 tantum
669 2570 760 2592 tidnrin
786 2572 932 2593 meritorum
960 2572 1057 2593 sliri-ti
1084 2572 1169 2594 irtxttft.

265 2604 330 2628 uri.
355 2610 406 2624 nnn
428 2604 520 2625 fidu-*u
543 2608 691 2626 mutuorum
715 2603 744 2627 B.
771 2604 833 2634 (Ed.
856 2608 892 2628 4.;
919 2603 1028 2635 Beata.)
1054 2605 1171 2635 Virgini·

264 2642 307 2659 tut
325 2637 433 2660 altorum
453 2642 607 2661 unctorum.

645 177 761 210 PfflL.
782 177 887 209 MEL.
909 176 1098 210 SCRIPTA
1118 175 1388 210 DoGMA'rtCA
1409 177 1466 210 ΕΤ
1487 177 1761 214 sYMBoLtcA.

1224 269 1411 302 fundentur.
1457 270 1528 303 Nee
1556 279 1608 304 est
1635 273 1868 306 confidendum
1891 274 1981 316 quod
2003 275 2079 307 iusti
2105 285 2203 317 repu-

1224 319 1331 344 temur
1353 313 1476 345 meritis
1500 314 1617 347 beatae
1639 317 1788 359 virginis,
1804 318 1856 355 ²⁸)
1884 323 1941 349 aut
1963 315 2104 350 aliorum
2126 327 2204 351 sau-

1222 361 1361 388 ctorum.

1309 399 1432 430 llaeret
1456 405 1489 430 et
1511 399 1565 432 hic
1588 410 1682 432 error
1703 401 1792 442 apud
1815 401 1951 440 doctos,
1976 402 2065 444 quod
2089 403 2203 445 singu·

1222 440 1262 472 lis
1285 442 1411 473 sanctis
1435 448 1547 474 certae
1569 445 1820 485 procurationes
1843 445 2144 483 commissae-sint,
2166 451 2203 478 vt

1224 485 1320 515 Anna
1350 485 1487 516 diuicias
1510 484 1687 528 largiatur,
1716 487 1935 519 Sebastianus
1963 494 2077 520 arceat
2099 489 2199 530 pesti—

1221 525 1379 565 lenciam,
1427 526 1623 560 Valentinus
1664 529 1835 560 medeatur
1875 531 1990 562 morbo
2025 530 2200 571 comiciali,

1222 568 1388 611 Georgius
1417 576 1548 602 tueatur
1577 572 1718 613 equites,
1771 571 1844 603 Hae
1872 574 2109 613 persuasiones
2130 572 2200 614 pla-

1222 621 1263 642 ne
1278 615 1330 649 29)
1353 620 1429 644 sunt
1453 619 1547 645 ortae
1570 625 1610 645 ex
1640 614 1779 646 ethnicis
1803 614 1976 656 exemplis.
2027 616 2083 649 Sic
2112 618 2199 648 enim

1222 654 1309 694 apud
1339 654 1505 687 Romanos
1533 658 1710 698 putabatur
1741 657 1822 689 luno
1851 658 1974 697 ditare,
2009 657 2126 691 Febris
2148 669 2199 690 ar·

1222 707 1300 728 cere
1322 696 1450 737 febrim,
1469 698 1591 731 Castor
1610 707 1641 731 et
1662 698 1781 731 Pollux
1799 699 1978 733 defendere
1995 703 2122 744 equites
2136 708 2199 734 etc.

1222 739 1263 770 Et
1286 739 1449 782 fingamus
1472 743 1734 774 moderatissime
1757 743 1841 774 tradi
1864 743 2104 776 inuocationem
2124 755 2200 776 san-

1222 789 1362 821 ctorum,
1384 790 1493 816 tamen
1513 796 1585 817 cum
1604 785 1790 826 exemplum
1810 786 1853 817 sit
1870 786 2200 827 periculosissimum,

1222 835 1381 866 quorsum
1404 837 1488 868 opus
1514 834 1564 859 est
1590 839 1661 860 eam
1685 827 1876 867 defendere,
1900 840 1974 861 cum
1997 829 2121 862 nullum
2144 830 2201 862 ha-

1223 868 1298 898 beat
1331 870 1521 902 mandatum
1555 877 1610 903 aut
1644 872 1866 903 testimonium
1899 882 1941 903 ex
1974 874 2077 904 verbo
2116 873 2201 905 Dei?

1222 911 1289 941 lmo
1323 921 1385 942 nec
1414 919 1562 944 veterum
1596 913 1802 954 Scriptorum
1836 915 2059 947 testimonium
2090 916 2198 948 habet-

1222 952 1364 984 Primum
1394 955 1488 994 quia,
1518 961 1552 986 vt
1581 966 1683 997 supra
1707 957 1790 995 dixi,
1824 967 1897 988 curn
1920 957 1977 1000 alt'j
2001 959 2200 991 mediatores

1221 1004 1351 1036 praeter
1374 996 1542 1028 Christum
1564 1006 1785 1039 quaeruntur,
1816 999 2002 1032 collocatur
2025 1001 2144 1033 fiducia
2167 1003 2199 1034 in

1220 1037 1317 1078 alios,
1342 1040 1491 1071 obruitur
1514 1047 1584 1071 tota
1602 1042 1722 1072 noticia
1735 1041 1872 1080 Christi,
1896 1043 1996 1085 idque
2014 1054 2068 1075 res
2088 1051 2200 1076 osten-

1221 1082 1276 1112 dit.
1322 1081 1461 1114 Videtur
1494 1083 1592 1114 inicio
1622 1085 1742 1115 mentio
1773 1091 1983 1123 sanctorum,
2017 1085 2126 1128 qualis
2149 1093 2200 1119 est

1222 1125 1253 1154 in
1277 1126 1444 1157 veteribus
1469 1127 1674 1158 orationibus
1704 1126 1870 1158 tolerabili
1901 1127 2042 1159 consilio
2065 1136 2202 1171 recepta

1221 1177 1309 1198 esse.
1363 1167 1486 1200 Postea
1517 1176 1634 1201 secuta
1664 1176 1715 1201 est
1745 1170 1931 1209 inuocatio,
1959 1171 2202 1204 inuocationeru

1221 1211 1405 1253 prodigiosi
1430 1218 1463 1243 et
1486 1211 1661 1254 plusquam
1689 1212 1811 1245 ethnici
1835 1213 1961 1245 abusus
1984 1215 2090 1247 secuti
2112 1221 2202 1247 sunt·

1222 1254 1275 1284 Ab
1294 1254 1502 1286 inuocatione
1533 1256 1575 1286 ad
1605 1257 1764 1298 imagines
1787 1263 1919 1288 ventum
1943 1263 2013 1296 est,
2037 1257 2100 1289 hae
2123 1267 2201 1299 quo-

1223 1306 1287 1337 que
1311 1296 1517 1336 colebantur,
1551 1304 1584 1329 et
1606 1300 1783 1340 putabatur
1817 1300 1866 1331 eis
1901 1300 2014 1332 inesse
2041 1301 2203 1341 quaedam

1223 1341 1290 1377 vis,
1322 1341 1408 1371 sicut
1431 1341 1518 1382 magi
1553 1342 1618 1372 viru
1646 1342 1758 1373 inesse
1781 1341 1907 1384 fingunt
1941 1343 2138 1385 imaginibus
2160 1344 2203 1375 si-

1222 1392 1362 1424 gnorum
1396 1382 1588 1416 coelestium
1611 1391 1703 1416 certo
1731 1391 1878 1426 tempore
1912 1385 2065 1427 sculptis.
2111 1385 2202 1418 Vidi-

1223 1435 1295 1456 mus
1319 1427 1350 1456 in
1373 1427 1516 1467 quodam
1539 1428 1742 1458 monasterio
1756 1427 1992 1460 simulachrum
2009 1429 2125 1460 beatae
2137 1430 2202 1460 vir-

1223 1469 1324 1511 ginis,
1356 1470 1463 1510 quotl‚
1497 1471 1592 1511 quasi
1617 1470 1810 1509 αὐτόματον,
1834 1478 1906 1502 arte
1921 1473 1974 1508 ³⁰)
1996 1472 2202 1509 mouebatur,

1223 1517 1258 1542 vt
1291 1511 1458 1543 videretur
1492 1519 1547 1543 aut
1579 1514 1727 1544 auersari
1760 1520 1926 1554 petentes,
1957 1520 2016 1545 ant
2042 1524 2200 1546 annuere.

1224 1554 1264 1585 Et
1287 1560 1396 1586 tamen
1419 1555 1561 1586 omnium
1584 1561 1768 1587 statuarum
1790 1563 1888 1597 atque
1907 1558 2108 1596 picturarum
2127 1568 2203 1598 por·

1223 1604 1314 1628 tenta
1336 1604 1493 1638 superant
1515 1597 1690 1629 fabulosae
1712 1597 1869 1630 historiae
1892 1599 1933 1630 de
1954 1600 2092 1636 sanctis,
2116 1608 2203 1640 quae

1223 1650 1343 1682 magna
1366 1640 1541 1672 autoritate
1564 1639 1697 1682 publice
1721 1641 1944 1673 tradebantur.
1979 1641 2128 1673 Barbara
2146 1651 2203 1684 pe-

1223 1683 1260 1713 tit
1301 1684 1385 1714 inter
1424 1690 1587 1715 tormenta
1620 1684 1818 1725 praemium,
1858 1694 1901 1715 ne
1930 1685 2004 1726 quis
2040 1685 2201 1716 inuocans

1222 1726 1327 1766 ipsam
1343 1726 1400 1764 ³¹)
1422 1727 1598 1764 moriatur,
1631 1727 1702 1757 sine
1726 1727 1934 1759 eucharistia.
1980 1726 2074 1759 Alius
2097 1734 2204 1760 totum

1224 1767 1437 1806 Psalterium‚
1470 1775 1564 1801 stans
1594 1770 1678 1811 pede
1700 1771 1732 1800 in
1758 1780 1837 1807 vno,
1868 1770 2013 1812 quotidie
2041 1771 2202 1802 recitauit.

1223 1811 1498 1853 Christophorum
1519 1813 1621 1854 pinxit
1644 1811 1762 1854 aliquis
1786 1813 1835 1844 vir
1858 1814 2021 1854 prudens,
2046 1819 2081 1844 vt
2102 1813 2203 1855 signi·

1224 1855 1338 1886 licaret
1373 1865 1431 1895 per
1464 1854 1681 1897 allegoriam.
1723 1866 1877 1898 magnum
1912 1863 2067 1896 oportere
2100 1858 2204 1888 robur

1223 1899 1319 1929 animi
1349 1908 1426 1930 esse
1454 1899 1487 1930 in
1511 1899 1562 1930 his
1586 1899 1641 1940 qui
1669 1896 1793 1930 ferrent
1821 1898 2006 1935 Christum,
2041 1898 2106 1930 hoc
2139 1905 2203 1938 est,

1223 1942 1278 1982 qni
1307 1941 1463 1972 docerent
1494 1940 1728 1983 Euangelium,
1758 1948 1813 1972 aut
1843 1941 2096 1978 confiterentur,
2125 1942 2203 1983 quia

1225 1994 1366 2016 neeesse
1389 1985 1431 2016 sit
1454 1985 1567 2015 subire
1590 1985 1731 2015 maxima
1754 1983 1918 2024 pericula,
1943 1984 2069 2015 Deinde
2091 1984 2202 2016 stolidi

1224 2028 1376 2058 monachi
1409 2027 1495 2068 apud
1530 2026 1684 2068 populum
1717 2027 1899 2058 docuerunt
1928 2027 2086 2057 inuocare
2109 2026 2204 2058 Chri·

1224 2069 1435 2111 stophorum,
1466 2071 1559 2112 quasi
1584 2069 1658 2100 talis
1683 2068 1902 2111 polyphemus
1925 2068 2103 2111 aliquando
2126 2070 2203 2102 exti-

1225 2114 1327 2145 tisset.
1373 2114 1520 2156 Cumque
1551 2114 1656 2144 sancti
1681 2115 1839 2143 maximas
1864 2123 1918 2144 res
1942 2113 2124 2155 gesserint.
2148 2111 2202 2144 vel

1224 2158 1270 2188 rei
1300 2155 1453 2197 publicae
1484 2155 1597 2192 vtiles,
1627 2154 1678 2187 vel
1707 2157 1915 2187 continentes
1945 2156 2071 2196 priuata
2095 2166 2202 2187 exent-

1224 2200 1289 2241 pla‚
1313 2210 1449 2241 quarum
1467 2202 1518 2235 ³²)
1543 2200 1821 2234 commemoratio,
1847 2206 1912 2229 tum
1936 2199 1978 2230 ad
2003 2198 2098 2230 fidem
2123 2209 2201 2230 con-

1224 2243 1434 2276 tir-nandum.
1464 2249 1530 2273 tum
1555 2242 1596 2273 nd
1624 2242 1842 2273 imitat-ionem
1865 2243 1896 2272 in
1921 2243 2020 2273 rebus
2071 2242 2201 2273 erendis

1224 2285 1358 2317 multum
1389 2286 1605 2322 conduceret,
1639 2284 1700 2315 ha<
1734 2295 1830 2317 nemo
1859 2294 1899 2316 ex
1935 2285 2023 2316 veris
2078 2285 2201 2326 istoriju

1223 2433 1269 2462 Ἡ)
1289 2432 1344 2456 Noc
1364 2438 1401 2455 ‘st
1420 2432 1601 2455 vontidcndum
1625 2445 1651 2449 —
1674 2431 1764 2454 bouum
1783 2429 1910 2463 virgini-,1
1931 2430 2009 2454 aaut
2029 2431 2121 2455 2-4.2
2146 2430 2202 2455 1⁴0·

1292 2467 1457 2490 inuisitatum
1476 2467 1569 2490 fidum
1590 2467 1740 2489 meritorum
1759 2464 1789 2488 Β.
1810 2465 1935 2495 Virgtuts.

1224 2510 1269 2538 29)
1290 2510 1374 2541 plano}
1396 2510 1441 2532 t-m.
1461 2511 1499 2532 3.;
1521 2511 1612 2540 planae

1223 2554 1269 2581 ³0)
1290 2552 1354 2584 arto-1
1377 2553 1454 2576 Eunt.
1476 2553 1568 2575 2—4.:
1588 2556 1647 2582 apto

1223 2598 1268 2623 ait)
1289 2597 1380 2627 ipsam!
1402 2596 1446 2618 t-tu.
1467 2596 1489 2618 3.
1512 2595 1583 2618 wile.
1606 2596 1686 2626 ipsum

1223 2639 1269 2666 3²)
1288 2638 1405 2670 quarum}
1426 2639 1472 2662 ΕΔ.
1495 2641 1532 2661 ιτ
1552 2645 1661 2669 quorun
