2366 2958
140 160 206 192 553
491 160 530 193 11.

142 254 346 295 coniungere
363 254 553 286 sentencias
572 252 765 296 profuisset.
799 253 884 285 Nam
896 250 1121 284 Tertullianus

142 297 276 338 egregie
306 297 347 328 de
376 297 440 329 fide
463 296 628 338 loquitur,
661 295 868 338 amplificans
896 295 1122 327 iusiurandum

141 338 224 371 illud
254 339 340 380 apud
364 339 575 381 Prophetam.
623 339 709 371 Viuo
733 349 814 380 ego,
844 339 923 370 dicit
945 338 1121 376 Dominus,
1147 328 1149 368 Ι,

141 381 222 414 nolo
246 389 384 414 mortem
407 383 616 423 peccatoris,
646 383 706 413 sed
736 388 770 413 vt
793 381 1060 417 conuertaturw)
1091 386 1123 411 et
1146 394 1150 452 Ι

143 426 245 457 viuat.
295 424 382 460 Quia
416 425 500 457 enim
533 426 619 457 iurat
647 425 758 463 Deus,
789 423 879 456 nolle
913 433 951 455 se
984 429 1121 454 mortem

143 469 348 509 peccatoris,
376 468 522 500 ostendit
543 468 667 510 requiri
696 468 813 505 fidem,
845 472 881 498 vt
909 466 1028 497 iuranti
1052 476 1123 497 cre-

144 511 280 547 damus,
309 516 341 541 et
370 517 462 542 certo
492 517 675 542 statuamus
705 520 779 542 eum
808 509 904 540 nobis
926 509 1122 550 ignoscere.

142 552 266 594 Magna
290 553 388 584 debet
411 563 489 585 esse
511 555 674 585 autoritas
692 552 778 594 apud
791 562 853 583 nos
867 552 1122 592 promissionum

143 595 325 627 diuinarum
349 605 409 637 per
423 607 510 628 sese.
545 596 589 628 At
612 596 695 628 haec
719 595 894 636 promissio
919 594 1016 625 etiam
1039 594 1122 625 iure-

141 638 280 670 iurando
310 639 505 671 confirmata
531 645 592 671 cst.
640 638 752 674 Quare
779 638 884 679 siquis
913 647 979 668 non
1009 637 1122 668 statuit
1147 649 1151 669 ι

143 681 208 712 sibi
237 681 385 722 ignosci,
419 683 448 713 is
476 687 577 725 negat
605 681 713 713 Deum
741 691 855 711 verum
878 680 1024 718 iurasse,
1059 690 1123 720 qua

142 723 351 764 blasphemia
385 726 530 757 atrocior
564 723 656 756 nulla
682 723 864 765 excogitari
892 728 1013 763 potest.
1066 723 1123 754 Sic

142 767 228 798 enim
270 767 315 798 ait
355 766 590 799 Tertullianus.
653 766 770 797 inuitat
808 766 934 806 premio
973 764 1124 802 salutem,

141 810 255 841 iurans
279 811 394 849 etiam,
425 810 510 842 Viuo
533 811 661 847 dicens,
671 811 716 843 3⁰)
753 809 841 849 cupit
864 808 924 839 sibi
949 809 1048 839 credi.
1095 808 1124 838 Ο

141 852 259 884 beatos
288 862 427 894 quorum
454 862 558 884 causa
583 852 669 883 iurat
698 851 802 882 Deus.
849 851 877 881 O
907 852 1124 889 miserrimos,

142 895 171 926 si
194 905 258 928 nec
281 895 402 926 iuranti
420 894 565 926 Domino
591 895 767 925 credimus.
807 894 918 935 Atque
941 895 995 925 hic
1017 894 1124 926 scien-

143 938 220 969 dum
243 944 307 976 est,
330 938 419 978 quod
442 937 526 969 haec
543 937 627 969 fides
646 938 764 968 debeat
782 938 916 974 sentire,
941 937 1029 979 quod
1050 947 1124 978 gra-

141 980 185 1012 tis
209 980 306 1011 nobis
329 981 485 1022 ignoscat
509 980 603 1012 Deus
626 986 764 1021 propter
787 979 966 1016 Christum,
991 985 1126 1021 propter

141 1032 236 1054 suam
253 1024 520 1064 promissionem,
544 1034 611 1054 non
628 1030 763 1064 propter
782 1029 897 1053 nostra
911 1033 1024 1063 opera,
1048 1033 1124 1054 con-

140 1066 324 1101 tricionem,
344 1064 602 1104 consessionem,
626 1072 681 1097 aut
693 1066 1009 1101 satisfactionesffl)
1040 1065 1124 1097 Nam

141 1109 171 1140 si
205 1108 288 1140 fides
321 1109 442 1140 nitatur
476 1109 527 1140 his
558 1110 732 1150 operibus,
773 1109 883 1139 statim
915 1107 951 1139 fit
985 1109 1124 1146 incerta,

142 1152 220 1193 quia
251 1152 456 1183 conscientia
480 1153 600 1193 pauida
630 1152 719 1183 videt
746 1150 830 1183 haec
861 1161 963 1192 opera
991 1152 1125 1193 indigna

145 1203 233 1225 esse.
273 1193 349 1225 ldeo
374 1194 546 1235 praeclare
568 1195 612 1226 ait
631 1194 828 1226 Ambrosius
852 1194 893 1225 de
914 1195 1124 1234 poenitentia.

143 1236 236 1279 Ergo
259 1242 291 1268 et
313 1237 476 1279 agendam
499 1238 748 1280 poenitentiam,
779 1244 810 1268 et
839 1238 1047 1268 tribuendam
1069 1247 1124 1269 ve-

141 1281 228 1311 niam
253 1280 391 1311 credere
414 1290 477 1312 nos
502 1281 674 1319 conuenit,
706 1286 741 1311 vt
768 1280 898 1311 veniam
922 1285 1031 1311 tamen
1055 1285 1124 1311 tan-

140 1333 239 1363 quam
274 1332 315 1353 ex
351 1322 416 1354 fide
446 1333 634 1364 speremus,
668 1329 823 1365 tanquam
854 1332 894 1353 ex
929 1323 1122 1364 syngrapha

139 1364 224 1396 fides
248 1365 411 1406 impetrat.
453 1365 532 1398 ltem
554 1365 638 1397 fides
662 1373 714 1396 est
737 1375 822 1407 quae
843 1371 983 1406 peccata
1006 1371 1122 1397 nostra

139 1408 299 1449 cooperit.
351 1407 474 1440 Extant
509 1408 621 1450 itaque
654 1408 845 1440 sentenciae
873 1408 961 1449 apud
990 1407 1121 1446 Patres,

138 1461 207 1483 non
236 1449 344 1482 solum
374 1451 415 1482 de
443 1452 649 1483 contricione
672 1457 704 1482 et
733 1451 907 1492 operibus,
938 1451 997 1482 sed
1023 1451 1120 1482 etiam

139 1494 181 1526 de
209 1493 284 1526 fide.
328 1492 453 1525 Verum
484 1495 691 1536 aduersarij,
727 1504 801 1526 cum
831 1503 940 1535 neque
968 1499 1119 1525 naturam

137 1536 361 1579 poenitentiae
388 1535 591 1580 intelligant,
620 1547 728 1579 neque
757 1546 942 1569 sermonem
971 1537 1118 1575 Pati-um,

139 1585 322 1620 excerpunt
345 1579 433 1611 dicta
456 1580 498 1611 de
521 1585 614 1621 parte
637 1580 872 1621 poenitentiae,
897 1579 1053 1611 videlicet
1078 1580 1120 1611 de

138 1622 308 1664 operibuS,
326 1621 415 1654 Alibi
434 1623 522 1654 dicta
539 1622 580 1655 de
592 1622 668 1662 fide,
688 1633 763 1655 cum
781 1632 848 1654 non
864 1621 1050 1664 intelligant
1059 1624 1117 1662 3²),

138 1671 362 1706 praetereunt.

137 1792 202 1824 DE
231 1792 586 1824 CONFESSIONE
614 1793 675 1824 ET
703 1791 1118 1824 SATISFACTIONE.

224 1879 308 1911 Boni
332 1880 391 1911 viri
416 1878 515 1911 facile
537 1879 684 1911 iudicare
694 1881 739 1918 ⁸⁸)
762 1885 916 1921 possunt,
942 1877 1117 1919 plurimum

138 1919 278 1960 referre,
301 1928 336 1953 vt
360 1923 401 1954 de
423 1923 650 1964 superioribus
673 1923 836 1964 partibuS‚
862 1921 1015 1953 videlicet
1039 1932 1116 1953 con-

138 1965 278 1997 tricione
303 1970 336 1997 et
362 1964 438 2004 fide,
462 1971 682 1997 conseruetur
706 1975 786 1997 vera
804 1966 966 1996 doctrina.
1004 1965 1117 2006 ltaque

137 2008 171 2040 in
194 2007 246 2039 his
269 2007 355 2040 locis
378 2006 584 2040 illustrandis
604 2018 737 2050 semper
753 2007 828 2049 plus
846 2008 970 2040 versati
989 2018 1117 2047 sumus,
1140 2027 1146 2052 Ι

138 2051 181 2083 de
210 2051 424 2083 consessione
459 2057 492 2083 et
520 2050 807 2083 satisfactionibus
839 2061 905 2082 non
940 2051 1116 2083 admodum

137 2094 234 2126 rixati
257 2104 383 2126 sumus.
423 2093 507 2125 Nam
531 2100 563 2125 et
586 2103 648 2125 nos
672 2093 918 2126 consessionem
938 2094 1116 2126 retinemus

138 2138 316 2179 praecipue
337 2143 474 2178 propter
497 2135 767 2175 Absolutionem,
797 2147 883 2179 quae
906 2144 956 2169 est
981 2138 1117 2169 verbum

138 2180 220 2218 Dei,
245 2179 335 2222 quod
358 2180 399 2211 de
422 2179 565 2223 singulis
588 2180 764 2211 autoritate
787 2181 897 2212 diuina
920 2180 1117 2222 pronunciat

133 2228 285 2265 potestas
310 2221 461 2254 clauium.
498 2222 610 2258 Quare
632 2223 764 2263 impium
789 2228 881 2255 esset
899 2233 940 2255 ex
962 2222 1118 2254 Ecclesia

133 2266 295 2308 priuatam
329 2264 584 2298 Absolutionem
618 2264 746 2297 tollere.
801 2266 918 2308 Neque
959 2266 1036 2308 quid
1071 2267 1115 2297 sit

133 2412 181 2444 29)
201 2411 379 2445 conuertatnr]
398 2412 446 2436 Ed.
467 2412 491 2437 3.
511 2415 561 2444 typ.
583 2419 648 2436 ma
669 2415 855 2436 connertantnr

134 2455 182 2487 30)
201 2455 311 2487 dicens,]
330 2455 379 2479 Ed.
398 2454 439 2479 3.:
459 2455 577 2486 (dicens)

133 2498 181 2530 ³1)
201 2503 246 2537 ant.
271 2498 482 2529 satisfactiones]
511 2497 594 2522 Editt.
625 2497 718 2522 2—4.:
746 2496 951 2521 satisfactionem
978 2502 1023 2521 ant.
1051 2497 1115 2522 dile-

202 2537 322 2556 ctionem.

132 2575 180 2607 ³2)
198 2573 366 2606 intelligam]
384 2574 465 2599 Editt.
484 2575 575 2599 2-4.:
594 2574 752 2604 intelligunt,

132 2618 180 2650 33)
198 2617 325 2649 iudicare]
345 2616 394 2642 Ed.
414 2617 440 2641 3.
459 2621 510 2650 typ.
530 2625 595 2643 em:
614 2617 722 2641 iudicari

575 159 804 193 APOLOGlA
827 157 1145 192 CONFESSIONIS
1167 159 1484 192 AUGUSTANAE.
1529 161 1569 193 Β.
1613 159 1802 192 ALTERA.

2089 159 2126 167 ...a

2086 160 2152 191 004

1174 252 1325 284 remissio
1347 260 1581 294 peccatorum,
1609 262 1664 286 aut
1695 259 1846 295 potestas
1871 251 2011 284 clauium
2033 252 2151 285 intelli-

1198 301 1273 333 unt,
1304 296 1331 326 si
1362 297 1415 337 qui
1446 298 1607 338 priuatam
1635 295 1892 328 Absolutionem
1923 302 2152 337 aspernantur.

1189 337 1347 369 *aeterum
1362 340 1403 369 de
1415 342 1660 372 enumeratione
1677 338 1871 370 delictorum
1892 339 1923 369 in
1941 337 2154 370 consessione

1174 390 1275 420 supra
1298 381 1448 420 diximus,
1473 384 1562 424 quod
1584 383 1772 414 senciamus
1796 391 1868 412 eam
1894 391 1959 412 non
1983 391 2060 412 esse
2083 382 2154 414 iure

1175 423 1285 454 diuino
1299 426 1536 464 necessariam,
1559 426 1744 467 Namquod
1766 423 1923 465 obijciunt
1937 425 2080 465 quidam,
2103 425 2153 456 lu-

1174 466 1281 496 dicem
1303 467 1393 505 prius
1418 469 1538 499 debere
1563 478 1772 510 cognoscere
1793 477 1939 504 causam,
1964 468 2154 508 priusquam

1173 509 1382 549 pronunciat,
1407 509 1470 541 hoc
1490 511 1568 542 nihil
1593 512 1634 542 ad
1652 510 1740 541 hanc
1757 521 1826 541 rem
1844 511 2001 550 pertinet,
2026 511 2070 547 θ’)
2080 510 2154 551 quia

1175 551 1387 582 ministerium
1409 553 1640 591 absolutionis,
1664 553 1856 584 beneficium
1877 559 1937 589 est,
1961 562 2020 584 seu
2039 553 2157 593 gratia,

1175 604 1241 624 non
1267 600 1318 625 est
1340 595 1494 626 iudicium
1517 607 1577 628 seu
1600 595 1665 627 lex.
1702 596 1815 637 ltaque
1834 596 1972 626 ministri
1996 594 2156 627 inEccle-

1175 637 1225 667 sia
1248 636 1371 667 habent
1399 639 1587 671 mandatum
1612 639 1796 669 remittendi
1821 644 1977 678 peccata,
2008 649 2074 669 non
2098 638 2157 669 ha-

1175 680 1253 710 bent
1283 680 1471 711 mandatum
1502 682 1728 723 cognoscendi
1756 680 1887 712 occulta
1917 687 2066 721 peccata.
2111 680 2153 712 Et

1177 722 1306 763 quidem
1340 723 1521 755 absoluunt
1561 725 1602 755 ab
1638 724 1689 754 his
1723 733 1808 765 quae
1843 734 1907 754 non
1942 724 2157 762 meminimus,

1176 775 1279 806 quare
1308 765 1478 797 absolutio
1507 776 1592 808 quae
1621 773 1669 798 est
1700 777 1764 797 vox
1791 765 1960 807 Euangelij
1987 767 2157 797 remittens

1176 814 1316 848 peccata
1355 815 1385 840 et
1421 809 1601 840 consolans
1637 809 1878 849 conscientias,
1918 819 1982 840 non
2025 809 2158 849 requirit

1177 851 1465 892 cognitionemssf)
1512 852 1551 883 Et
1585 851 1758 884 ridiculum
1792 858 1843 882 est
1877 851 1942 882 huc
1971 852 2154 883 transferre

1177 893 1299 925 dictum
1323 893 1534 932 Salomonis,
1564 895 1750 937 Diligenter
1779 896 2002 934 cognosce-⁰¹⁵)
2035 893 2158 926 vultum

1176 937 1308 977 pecoris
1338 938 1393 968 tui.
1440 937 1527 968 Nihil
1564 939 1649 969 enim
1678 937 1756 969 dicit
1778 937 1937 968 Salomon
1962 938 2002 967 de
2025 936 2157 968 conses-

1177 980 1288 1016 sione,
1322 980 1381 1011 sed
1412 981 1508 1011 tradit
1538 981 1795 1012 Oeconomieum
1827 986 2040 1020 praeceptum
2073 980 2157 1020 patri

1176 1021 1335 1060 familias,
1366 1030 1399 1054 vt
1424 1029 1534 1056 vtatur
1555 1034 1634 1061 suo,
1659 1030 1691 1054 et.
1713 1023 1880 1054 abstineat
1903 1023 1945 1053 ab
1969 1021 2092 1057 alieno,
2126 1027 2159 1053 et

1176 1066 1263 1096 iubet
1297 1076 1371 1096 eum
1403 1076 1457 1097 res
1481 1077 1562 1098 suas
1592 1066 1768 1108 diligenter
1791 1075 1928 1103 curare,
1959 1065 2003 1096 ita
2035 1072 2156 1103 tamen,

1177 1117 1219 1138 ne
1246 1108 1355 1139 studio
1387 1109 1612 1150 augendarum
1636 1107 1846 1145 facultatum,
1877 1113 2061 1148 occupatus
2090 1108 2158 1138 ani-

1178 1161 1267 1185 mus,
1297 1151 1431 1192 abijciat
1456 1153 1605 1183 timorem
1629 1151 1709 1186 Dei,
1741 1158 1794 1182 aut
1821 1150 1934 1187 fidem,
1965 1157 2019 1181 aut
2045 1161 2157 1182 curam

1177 1194 1271 1224 verbi
1298 1193 1371 1225 Dei.
1424 1195 1491 1226 Sed
1525 1194 1708 1236 aduersarij
1743 1195 1846 1225 nostri
1883 1193 2020 1225 mirifica
2053 1192 2158 1224 Meta-

1176 1235 1348 1276 morphosi
1367 1236 1604 1269 transformant
1623 1239 1711 1269 dicta
1729 1237 1924 1277 scripturae,
1942 1237 1974 1266 in
1993 1234 2158 1277 quaslibet

1176 1279 1377 1311 sentencias.
1429 1280 1490 1312 Hic
1525 1290 1732 1322 cognoscere
1766 1279 1929 1321 significat
1965 1279 2014 1309 eis·
2043 1279 2158 1310 audire

1177 1321 1419 1354 confessiones.
1454 1322 1576 1355 Vultus
1596 1334 1662 1354 non
1675 1330 1843 1354 externam
1856 1322 2155 1360 conuersationem,

1174 1365 1235 1395 sed
1263 1375 1387 1396 arcana
1417 1367 1654 1398 conscientiae.
1700 1365 1852 1397 Pecudes
1882 1364 2070 1406 significant
2100 1364 2156 1396 ho-

1174 1408 1291 1439 mines.
1337 1408 1426 1440 Sane
1450 1408 1538 1441 bella
1561 1415 1610 1440 est
1631 1408 1874 1450 interpretati0‚
1904 1414 1936 1439 et
1960 1408 2058 1449 digna
2081 1407 2156 1439 istis

1174 1452 1457 1491 contemptoribus
1496 1453 1680 1483 studiorum
1721 1450 1938 1492 eloquentiae.
1989 1450 2086 1486 Quod
2126 1450 2156 1482 si

1172 1491 1252 1524 velit
1270 1492 1390 1534 aliquis
1412 1505 1468 1535 per
1481 1494 1723 1526 similitudinem
1741 1492 1925 1525 transferre
1942 1498 2156 1534 praeceptum

1172 1545 1193 1566 a
1217 1542 1311 1577 patre
1334 1536 1474 1568 familias
1498 1538 1540 1569 ad
1562 1543 1728 1579 pastorem
1752 1535 1941 1574 Ecclesiae,
1972 1542 2062 1567 certe
2085 1534 2155 1567 vul-

1173 1584 1242 1609 tum
1266 1579 1399 1611 debebit
1421 1581 1630 1621 interpretari
1659 1581 1700 1611 de
1724 1585 1861 1611 externa
1889 1579 2154 1610 conuersatione.

1171 1620 1263 1653 Haec
1292 1621 1470 1654 similitudo
1504 1624 1610 1665 magis
1645 1623 1835 1664 quadrabit,
1869 1622 1935 1654 Sed
1967 1622 2154 1653 omittamus

1172 1664 1246 1695 ista.
1280 1664 1468 1707 Aliquoties
1492 1665 1528 1697 fit
1549 1667 1581 1697 in
1603 1665 1747 1697 Psalmis
1771 1665 1894 1697 mentio
1919 1663 2154 1703 consessionis,

1171 1712 1218 1744 vt,
1240 1706 1329 1745 Dixi,
1353 1708 1539 1741 confitebor
1556 1710 1732 1740 aduersum
1756 1718 1808 1739 me
1826 1708 2024 1740 iniusticiam
2048 1717 2154 1738 meam

1170 1748 1335 1789 Domino,
1370 1757 1402 1782 et
1436 1758 1471 1783 tu
1500 1753 1654 1783 remisisti
1684 1751 1887 1792 iniquitatem
1921 1750 2051 1792 peccati
2079 1749 2153 1781 mei.

1170 1791 1262 1823 Talis
1284 1792 1454 1825 confessio
1477 1795 1616 1836 peccati,
1640 1804 1725 1836 quae
1744 1793 1817 1824 Deo
1842 1793 1888 1831 fit,
1911 1800 1963 1824 est
1982 1793 2054 1834 ipsa
2075 1803 2155 1824 con—

1171 1835 1276 1866 tricio.
1320 1835 1405 1867 Nam
1440 1848 1513 1869 cum
1547 1837 1622 1869 Deo
1655 1836 1690 1867 fit.
1727 1835 1914 1874 consessio,
1947 1835 2049 1867 corde
2082 1835 2154 1867 fieri

1169 1888 1312 1910 necesse
1334 1885 1398 1918 est,
1421 1890 1487 1911 non
1509 1879 1619 1912 solum
1642 1890 1738 1917 voce,
1761 1880 1846 1910 sic-ut
1867 1878 1901 1909 fit
1922 1879 1953 1909 in
1975 1878 2088 1909 scenis
2110 1879 2152 1909 ab

1170 1919 1398 1954 histrionibus,
1445 1922 1506 1954 Est
1530 1923 1631 1965 igitur
1655 1922 1730 1954 talis
1761 1920 1950 1957 confessio,
1982 1921 2153 1959 contricio,

1169 1964 1202 1994 in
1228 1975 1294 2005 qua
1316 1966 1506 1997 sencientes
1531 1966 1612 2000 iram
1632 1966 1706 2000 Dei,
1732 1965 1926 1997 confitemur
1940 1962 2047 1996 Deum
2068 1965 2154 1995 iuste

1170 2007 1283 2046 irasci,
1307 2018 1369 2039 nec
1392 2007 1518 2050 placari
1540 2019 1642 2051 posse
1661 2009 1787 2040 nostris
1800 2008 1969 2049 operibus,
1991 2006 2032 2038 Et
2044 2012 2153 2038 tamen

1170 2162 1217 2195 34)
1237 2163 1298 2194 quia
1316 2163 1487 2187 ministerium
1511 2163 1685 2188 absolutionis
1704 2175 1736 2180 -—
1756 2176 1788 2180 —
1808 2175 1840 2179 —
1860 2169 1913 2185 non
1935 2161 2044 2192 requirit
2063 2162 2152 2192 cogni-

1239 2197 1358 2228 tionem]
1384 2197 1465 2221 Editt.
1493 2198 1583 2222 2—4.:
1611 2198 1672 2229 quia
1698 2196 1838 2221 Absolutio
1866 2200 1904 2219 est
1929 2196 2049 2219 executio
2074 2195 2151 2219 alieni

1239 2231 1366 2263 beneficij,
1386 2239 1437 2255 non
1457 2237 1495 2255 est
1513 2233 1647 2256 iudicium.
1685 2230 1802 2256 Christus
1823 2230 1888 2253 enim
1915 2229 1985 2253 dedit
2003 2229 2151 2253 mandatnm

1240 2266 1387 2291 remittendi
1406 2271 1521 2298 peecata,
1540 2267 1570 2290 Id
1588 2266 1737 2290 mandatum
1757 2269 1919 2296 exequuntur
1937 2264 2055 2287 ministri.
2090 2263 2151 2288 Non

1239 2300 1334 2323 habent
1357 2301 1507 2325 mandatum
1533 2301 1565 2324 de
1594 2299 1783 2332 cognoscendis
1809 2299 1929 2328 occultis,
1956 2298 2015 2322 Hoc
2042 2298 2151 2329 intelligi

1240 2339 1327 2366 potest
1345 2343 1377 2358 ex
1397 2343 1437 2365 eo,
1456 2336 1516 2367 quia
1535 2335 1634 2359 infinita
1653 2338 1760 2366 peecata
1778 2333 1924 2362 remittunt,
1949 2339 2014 2364 quae
2038 2339 2085 2356 nec
2102 2339 2151 2356 nos

1238 2370 1287 2400 ipsi
1315 2370 1489 2399 meminimus,
1517 2370 1608 2401 quibus
1636 2370 1807 2392 remittuntur.
1850 2367 1883 2390 Et
1909 2368 1930 2390 si
1957 2366 2082 2398 penderet
2108 2373 2147 2390 re-

1238 2403 1326 2427 missio
1347 2412 1379 2427 cx
1399 2405 1562 2436 cognitione,
1582 2408 1637 2427 tota
1660 2411 1700 2426 res
1725 2405 1793 2425 esset
1818 2401 1925 2425 incerta.
1962 2400 2099 2425 Caeterum
2122 2401 2149 2424 in

1237 2437 1277 2462 his
1303 2438 1403 2462 delictis
1427 2446 1493 2470 quae
1518 2439 1619 2470 publice
1643 2441 1706 2460 nota
1731 2440 1803 2465 sunt,
1829 2435 1930 2466 qualem
1954 2434 2049 2458 babeat
2071 2435 2150 2459 Iuris-

1239 2472 1378 2496 dictionem
1396 2473 1523 2502 Ecclesia,
1541 2473 1567 2496 id
1586 2479 1637 2496 non
1657 2471 1769 2502 pertinet
1792 2470 1825 2494 ad
1848 2474 2008 2501 praesentem
2033 2469 2146 2500 disputa-

1238 2507 1348 2531 cionem.
1386 2507 1453 2532 Nam
1471 2508 1535 2531 haec
1554 2508 1614 2538 quia
1632 2510 1695 2529 nota
1712 2508 1787 2535 sunt,
1806 2505 1957 2528 nominatim
1982 2508 2144 2533 accusantur,

1237 2544 1262 2564 et
1286 2545 1376 2571 postea
1399 2542 1551 2566 nominatim
1574 2541 1752 2569 remittuntur,
1776 2539 1797 2563 si
1821 2542 1895 2562 antor
1919 2538 1984 2562 uelit
2007 2538 2088 2569 recipi
2112 2538 2144 2561 ab

1236 2573 1364 2600 Ecclesia.

1168 2615 1216 2649 35)
1236 2619 1378 2651 cognosce]
1397 2618 1446 2643 Ed.
1466 2619 1506 2641 4.:
1526 2622 1685 2648 cognoscere
