2366 2958
164 165 231 199 86⁷

167 259 244 300 ipsi,
266 268 333 290 non
355 259 574 290 iudicaremur
595 269 616 291 a
638 258 802 296 Domino,
832 259 971 290 verbum
998 258 1148 290 iudicare
1199 256 1315 290 sessio.

167 300 307 343 intelligi
331 301 431 333 debet
454 302 496 333 de
519 308 587 333 tota
606 301 832 343 poenitencia,
854 306 887 332 et
909 299 1071 332 fructibus
1093 301 1146 333 de-

169 344 264 382 bitis,
298 354 365 375 non
401 345 443 376 de
472 345 629 385 operibus
662 354 728 375 non
764 343 894 375 debitis.
950 343 1145 386 Aduersarij

611 163 726 198 Pila.
747 163 851 199 MEL.
875 162 1063 196 SCRIPTA
1084 162 1352 197 DOGMA'rtcA
1371 164 1430 196 ET
1446 162 1721 198 vaBoucA.

2112 167 2181 201 568

1359 256 1396 289 ln
1419 266 1520 300 opere
1548 263 1618 290 tota.
1638 257 1816 291 humilitas.
1861 258 1935 292 Hoc
1959 259 2041 292 nihil
2062 267 2181 293 contra

1199 310 1263 332 nos
1286 299 1382 337 facit,
1412 301 1533 332 debent
1562 301 1657 342 sequi
1685 302 1773 333 bona
1802 312 1904 344 opera
1927 303 2179 344 poenitenciam,

1200 344 1297 376 debet
1316 343 1525 385 poenitencia
1553 353 1651 382 esse,
1684 354 1751 376 non
1781 344 1965 384 simulatio,
1991 346 2052 378 sed
2080 347 2181 378 totius

167 387 274 418 nostri
299 386 376 418 dant
401 397 526 428 poenas
551 392 760 427 contemptae
784 386 1044 425 Grammatices,
1072 397 1147 419 cum
1199 387 1287 418 vitae
1310 387 1452 418 mutacio
1476 386 1508 417 in
1531 385 1659 418 melius.

170 428 358 471 intelligunt
381 430 541 467 iudicare,
564 430 649 460 idem
673 439 762 467 esse,
784 429 874 470 quod
898 427 1148 470 cataphractum
1171 440 1177 468 ξ

168 481 309 514 peregre
331 473 380 503 ire
403 473 446 503 ad
460 472 494 503 S.
507 472 673 506 Iacobum,
696 479 751 504 aut
775 470 893 503 similia
916 481 1028 513 opera.
1062 472 1146 504 ludi·
1172 474 1176 522 1
1201 472 1267 504 vita
1291 472 1347 503 fiat
1369 470 1424 502 illa
1446 458 1581 513 publica
1607 482 1668 504 seu
1697 470 1847 504 solennis
1875 474 2104 514 poenitencia,
2139 475 2182 507 de

170 524 248 546 care
276 515 443 557 significat
474 521 575 546 totam
605 515 865 555 poenitenciam,
900 514 1065 557 significat
1094 515 1147 546 da-
1173 529 1176 548 :
1200 525 1265 556 qua
1288 521 1364 546 sunt
1387 513 1467 546 facti
1487 514 1643 546 Canones
1667 513 1946 548 satisfactionum.
1987 516 2061 552 Qua
2083 527 2124 548 ex
2143 527 2180 549 re

169 567 283 589 mnare
295 563 445 598 peccata,
463 557 554 588 Haec
567 558 733 589 damnatio
745 567 826 590 vere
838 557 874 589 fit
886 559 918 589 in
930 558 1148 596 contricione,

169 606 202 631 et
239 601 424 632 mutacione
457 601 555 631 vitae.
599 599 685 631 Tota
715 601 940 642 poenitencia,
976 601 1148 639 contricio,

169 642 268 678 fides,
292 643 368 674 boni
392 641 539 681 fructus,
571 643 766 684 impetrant,
799 649 833 675 vt
857 645 1046 685 mitigentur
1069 653 1148 684 poe-

168 695 244 723 nae,
262 687 313 723 70)
344 692 376 717 et
400 684 605 717 calamitates
627 684 783 727 publicae
806 693 838 718 et
866 687 1032 728 priuatae,
1062 686 1149 717 sicut

168 728 287 760 Esaias
312 727 427 769 Capite
455 729 561 776 primo
591 729 699 760 docet.
748 729 898 760 Desinite
917 727 1002 760 male
1024 727 1149 767 facere,

170 778 200 802 et
225 770 342 802 discite
366 771 562 802 benefacere
574 777 638 802 etc.
673 771 709 803 Si
731 770 851 803 fuerint
873 778 1012 813 peccata
1024 777 1149 810 vestra,

169 820 205 845 vt
228 815 410 851 coccinum,
433 815 528 853 quasi
553 815 608 845 nix
633 813 877 846 dealbabuntur
911 814 945 845 Si
964 813 1149 853 volueritis,

170 863 203 888 et
227 857 395 888 audieritis
419 867 488 894 me,
513 858 599 888 bona
628 864 737 888 terrae
767 858 958 889 comedetis.
1004 857 1075 888 Nec
1099 863 1150 888 est

170 900 213 931 ad
237 898 483 930 satisfactiones
510 907 541 930 et
572 910 674 940 opera
697 901 908 931 traditionum
933 900 1149 930 humanarum

169 942 400 973 transferenda
429 943 626 984 grauissima
661 949 693 973 et
721 941 940 974 saluberrima
967 943 1150 981 sentencia,

170 995 189 1016 a
214 991 284 1016 tota
307 985 532 1026 poenitencia,
555 993 584 1016 et
611 986 766 1026 operibus
790 985 925 1019 debitis,
949 995 1009 1016 neu
1032 995 1051 1016 a
1075 985 1149 1017 Deo

170 1029 371 1069 praeceptis.
415 1027 455 1059 Et
480 1028 545 1059 hoc
568 1029 706 1069 prodest
729 1028 864 1066 docere,
887 1028 977 1069 quod
1000 1028 1149 1070 mitigen-

171 1077 224 1102 tur
247 1071 431 1102 communia
460 1070 546 1102 mala
574 1080 633 1111 per
663 1078 810 1102 nostram
841 1071 1094 1112 poenitenciam,
1119 1076 1150 1102 et

170 1123 231 1155 per
242 1123 342 1145 veros
362 1112 488 1145 fructus
502 1114 741 1154 poenitenciae,
764 1123 823 1154 per
836 1115 923 1145 bona
935 1124 1038 1155 opera
1061 1113 1150 1145 facta

170 1167 213 1188 ex
226 1156 302 1193 fide,
328 1167 393 1187 non
418 1162 452 1187 vt
475 1157 526 1187 isti
551 1155 593 1187 fin
645 1164 677 1187 nt
703 1154 792 1187 facta
810 1157 842 1187 in
855 1163 994 1197 peccato
1008 1156 1150 1188 mortali.

167 1200 209 1231 Et
231 1199 296 1230 huc
319 1200 460 1240 pertinet
479 1167 665 1240 exempffi'm
678 1199 907 1231 Niniuitarum.
931 1201 986 1241 qui
999 1210 1060 1231 sua
1072 1209 1150 1240 poe·-

167 1243 322 1279 nitencin,
346 1243 387 1273 de
405 1248 471 1273 tota
490 1241 665 1283 loquimur,
678 1244 690 1262 ⁷
703 1245 729 1280 ¹)
753 1241 956 1274 reconciliati
973 1249 1048 1275 sunt
1062 1241 1150 1280 Deo,

168 1291 199 1316 et
225 1286 493 1325 impetrauerunt,
516 1295 558 1316 ne
582 1284 751 1317 deleretur
774 1286 902 1317 ciuitas.

256 1328 352 1362 Quod
377 1334 485 1359 autent
511 1327 628 1359 Patres
652 1329 848 1360 mentionem
873 1327 997 1359 faciunt
1019 1326 1151 1360 satisfa-

169 1371 300 1408 ctionis,
323 1371 411 1412 quod
433 1369 572 1402 concilia
587 1369 738 1403 fecerunt
751 1370 916 1407 canones,
941 1372 1084 1404 diximus
1096 1382 1151 1404 su-

170 1424 230 1455 pra
243 1413 450 1454 disciplinam
463 1413 738 1445 Ecclesiasticam
756 1414 873 1453 fuisse,
891 1414 1035 1456 exempli
1048 1425 1152 1447 causa

170 1458 391 1488 constitutam.
436 1456 508 1488 Nec
530 1457 727 1489 senciebant
756 1457 843 1488 hanc
866 1456 1071 1499 disciplinam
1095 1467 1152 1490 ne-

169 1501 350 1531 cessariam
374 1509 467 1539 esse,
502 1498 555 1531 vel
578 1500 620 1531 ad
645 1499 779 1542 culpae,
807 1499 862 1532 vel
884 1501 927 1532 ad
949 1511 1078 1542 poenae
1101 1511 1151 1532 re-

171 1543 372 1575 missionem.
417 1542 501 1574 Nam
535 1543 564 1574 si
593 1544 649 1584 qui
677 1544 710 1574 in
735 1543 788 1574 his
810 1544 1008 1575 mentionem
1031 1553 1151 1585 purga-

172 1586 245 1627 torij
276 1584 443 1624 fecerunt,
478 1586 736 1628 interpretantur
759 1596 837 1617 esse
865 1596 932 1617 non
957 1597 1150 1628 compensa-

170 1629 294 1660 tionem
318 1635 474 1660 aeternae
505 1639 652 1671 poenae,
687 1639 753 1662 non
776 1629 1061 1668 satisfactionem,
1090 1630 1150 1663 sed

171 1673 399 1714 purgationem
433 1671 699 1712 imperfectorum
734 1672 934 1711 animarum,
964 1673 1056 1705 Sicut
1086 1673 1150 1705 Au-

172 1715 325 1758 gustinus
348 1716 394 1746 ait
416 1713 557 1746 venialia
579 1716 802 1752 concremari,
832 1714 897 1746 hoc
920 1722 989 1753 est,
1017 1716 1151 1747 mortifi-

174 1758 241 1789 cari
266 1754 481 1789 diffidentiam
505 1768 586 1799 erga
605 1757 724 1796 Deum,
747 1764 778 1789 et
799 1757 885 1790 alios
908 1758 1046 1790 affectus
1064 1759 1151 1792 sind·-

173 1798 236 1832 les.
284 1800 447 1832 interdum
472 1801 659 1842 Scriptores
688 1799 890 1833 transferunt
913 1800 1151 1834 satisfactionis

177 1842 373 1875 vocabulum
396 1845 437 1874 ab
462 1843 534 1884 ipso
559 1844 640 1882 ritu,
670 1854 730 1875 seu
757 1843 964 1885 spectaculo,
985 1845 1028 1875 nd
1051 1845 1151 1885 signi-

174 1886 340 1918 ficandam
371 1897 481 1918 veram
518 1886 819 1924 mortificationem,
853 1887 911 1919 Sic
940 1889 1151 1928 Augustinus

174 1929 228 1960 ait.
275 1929 362 1960 Vera
393 1927 578 1961 satisfactio
602 1936 653 1961 est
675 1936 888 1971 peccatorum
919 1940 1040 1964 causas
1064 1932 1151 1962 exci-

174 1973 265 2009 dere,
288 1972 352 2003 hoc
375 1979 424 2003 est
448 1973 645 2004 mortificare
674 1983 818 2004 carnem.
863 1973 942 2005 ltem
970 1972 1150 2006 cohercere

174 2025 306 2046 carnem
331 2026 396 2046 non
421 2022 453 2046 it
475 2023 731 2057 compensentur
751 2023 907 2048 aeternae
926 2027 1066 2058 poenae,
1089 2018 1149 2048 sed

172 2068 214 2089 ne
245 2068 322 2089 earo
353 2057 520 2098 pertrabat
551 2059 592 2089 ad
620 2059 837 2100 peccandum.
884 2059 933 2090 lta
963 2060 1150 2101 Gregorius

1173 891 1181 1334 ἒ

1175 1343 1181 1628 ι

171 2101 212 2132 de
235 2102 447 2133 restitut-ione
472 2099 627 2143 loquitur,
651 2101 768 2133 falsam
793 2113 869 2133 esse
896 2103 1149 2144 poenitenciam,
1173 2117 1178 2123 ¹

171 2145 198 2173 si
224 2155 287 2175 non
314 2144 452 2175 satisfiat
478 2143 543 2175 illis
567 2156 706 2186 quorum
727 2155 780 2176 res
793 2152 1147 2187 occupatastenemus.

171 2186 245 2218 Non
270 2188 353 2219 enim
380 2197 457 2218 tere
482 2186 569 2218 dolet
594 2199 630 2218 sc
654 2186 794 2219 furatum
819 2199 907 2226 esse,
927 2197 983 2220 aut
996 2190 1149 2230 rapuisse

171 2230 211 2267 is,
233 2231 285 2271 qui
310 2230 416 2261 adhuc
441 2230 577 2261 iuratur.
610 2229 786 2272 Tantisper
805 2231 890 2263 enim
915 2230 966 2263 fur
977 2239 1032 2263 aut
1046 2233 1148 2274 predo

170 2280 233 2311 cst,
257 2274 332 2305 dun·
358 2281 404 2303 est
431 2274 571 2305 iniustus
594 2284 777 2315 possessor
796 2273 924 2306 alienae
938 2276 995 2306 rei.
1033 2274 1148 2306 Ciuilis

172 2313 223 2347 itta
249 2315 433 2347 satisfacito
464 2317 654 2348 necessaria
685 2324 755 2354 est,
791 2318 865 2359 quin
895 2319 1054 2359 scriptum
1085 2326 1148 2357 est,

169 2361 221 2400 qui
249 2359 376 2391 furatus
402 2367 463 2394 est,
487 2359 646 2401 deinceps
669 2370 734 2391 non
758 2358 894 2392 furetur.
942 2360 1019 2392 ltem
1044 2361 1146 2403 Chry-

169 2408 337 2433 sustomus
363 2403 474 2440 inquit.
522 2403 555 2434 ln
584 2403 685 2435 corde
715 2403 893 2441 contricio,
929 2405 959 2435 in
991 2414 1049 2436 ore
1072 2415 1147 2436 con-

166 2547 214 2577 70)
233 2550 351 2579 pomam!
374 2550 418 2573 m,
441 2550 477 2572 st:
499 2557 580 2580 put-nn

166 2589 213 2618 71)
234 2599 405 2621 pavr-turneio,
427 2594 456 2615 ut«-
476 2597 531 2615 tota
551 2592 699 2626 Ιοιιηίπιητ,1
721 2593 768 2617 Ed.
789 2595 826 2616 ⁴.:
848 2595 1014 2624 potnit‘ncia
1034 2595 1145 2623 (domm

238 2628 378 2657 ἰ-ιμιιιιιιιτ)

1285 429 1364 461 Item
1388 429 1508 460 Patres
1537 429 1687 461 scribunt
1713 430 1796 461 satis
1824 440 1919 469 esse,
1953 432 1983 462 si
2015 431 2120 463 semel
2148 432 2180 463 in

1173 555 1176 574 ²
1200 557 1338 599 intelligi
1362 563 1485 598 potest,
1509 557 1598 599 quod
1622 558 1817 590 senciebant
1837 557 1913 590 illos
1926 559 2092 599 Canones,
2115 569 2182 592 non

1200 611 1277 632 esse
1300 601 1514 632 necessarios
1537 600 1578 631 ad
1602 601 1827 633 remissionem
1841 608 2064 643 peccatorum.
2096 602 2182 634 Nam

1223 650 1333 675 taeter
1355 642 1443 674 illam
1463 642 1635 674 solennem
1649 644 1901 685 poenitenciam,
1915 655 2018 686 saepe
2029 645 2114 676 alias
2125 655 2182 677 vo-

1199 654 1270 717 funt
1294 687 1531 727 poenitenciam
1556 687 1622 728 agi,
1646 687 1699 717 vbi
1723 697 1790 717 non
1808 687 2062 728 requirebantur
2074 687 2182 720 fano·

1201 739 1260 760 nes
1285 727 1560 760 satisfactionum.

1288 771 1471 803 Architecti
1495 769 1736 803 confutacionis
1762 773 1911 804 scribunt
1935 783 2001 804 non
2025 782 2103 804 esse
2133 780 2182 805 to-

1201 813 1384 851 lerandum,
1407 821 1442 844 vt
1465 814 1714 846 satisfactiones
1735 821 1852 847 contra
1865 825 2062 856 expressum
2075 815 2184 847 Euan-

1203 855 1323 899 gelium
1347 855 1552 888 aboleantur.
1589 857 1660 889 Nos
1684 858 1782 899 igitur
1799 858 1960 891 hactenus
1978 859 2186 891 ostendimus

1204 900 1394 930 canonicas
1424 897 1500 930 illas
1523 898 1788 938 satisfactiones,
1823 900 1887 932 hoc
1916 908 1965 932 est
1990 911 2093 942 opera
2116 912 2183 933 non

1204 943 1331 979 debita,
1362 939 1515 973 facienda
1544 949 1680 982 propter
1709 946 2012 985 compensationem
2043 954 2184 985 poenae,

1204 995 1270 1016 non
1300 984 1425 1015 habere
1458 985 1647 1016 mandatum
1676 984 1861 1028 Euangelij.
1915 986 1982 1018 Res
2014 988 2086 1029 ipsa
2117 987 2186 1019 hoc

1205 1028 1370 1063 ostendit,
1405 1027 1434 1058 si
1466 1037 1567 1067 opera
1598 1025 1861 1061 satisfactionum
1889 1036 1968 1061 sunt
1990 1040 2092 1071 opera
2115 1040 2183 1062 non

1204 1071 1327 1108 debita,
1347 1080 1449 1111 quare
1461 1069 1610 1112 allegant
1629 1081 1826 1110 expressum
1841 1071 2070 1114 Euangelium.
2101 1073 2184 1104 Nam

1204 1115 1230 1145 si
1255 1111 1474 1156 Ettangelium
1497 1113 1623 1145 iuberet
1648 1115 1856 1154 compensari
1878 1125 2005 1156 poenas
2024 1125 2084 1156 per
2105 1113 2185 1146 talia

1204 1167 1317 1198 opera,
1340 1157 1403 1187 iam
1428 1163 1539 1187 essent
1561 1157 1670 1187 debita
1695 1167 1808 1198 opera,
1831 1157 1898 1189 Sed
1921 1158 1971 1190 sic
1992 1155 2184 1199 loquuntur,

1204 1206 1239 1232 vt
1262 1198 1372 1231 sucum
1397 1198 1521 1230 faciant
1544 1199 1720 1241 imperitis,
1751 1207 1783 1232 et
1812 1199 1962 1242 allegant
1985 1201 2187 1239 testimonia,

1205 1252 1289 1285 quae
1318 1243 1360 1273 de
1389 1242 1509 1273 debitis
1544 1243 1700 1284 operibus
1725 1241 1920 1284 loquuntur,
1955 1254 2028 1275 cum
2058 1244 2122 1284 ipsi
2153 1243 2186 1274 in

1204 1286 1274 1317 suis
1298 1285 1582 1317 satisfactionibus
1605 1286 1838 1326 praescribant
1859 1296 1962 1328 opera
1985 1296 2050 1318 non
2064 1287 2185 1317 debita.

1205 1329 1272 1360 lnxo
1296 1328 1358 1369 ipsi
1378 1329 1564 1359 concedunt
1588 1329 1619 1359 in
1640 1327 1766 1359 scholis
1786 1330 1858 1361 sine
1879 1335 2019 1371 peccato
2038 1330 2186 1361 recusari

1205 1381 1306 1413 posse
1341 1370 1601 1403 satisfactiones.
1657 1370 1760 1403 Falso
1799 1373 1899 1415 igitur
1933 1373 1987 1405 hic
2021 1373 2186 1410 scribunt,

1205 1415 1295 1447 cuod
1329 1424 1492 1455 expresso
1520 1412 1706 1455 Euangelio
1740 1425 1780 1447 co
1807 1426 1900 1447 amur
1932 1415 2184 1447 satisfactiones

1203 1441 1280 1489 illas
1314 1456 1504 1488 Canonicas
1539 1458 1723 1498 suscipere.
1780 1460 1952 1490 [aeterum
1988 1469 2049 1490 nos
2083 1468 2187 1499 saepe

1204 1501 1266 1532 iam
1289 1500 1399 1531 testati
1423 1509 1554 1540 sumus,
1582 1500 1671 1541 ‘quod
1700 1501 1909 1542 poenitencia
1932 1501 2052 1533 debeat
2075 1501 2183 1533 bonos

1204 1541 1333 1575 fructus
1357 1552 1486 1584 parere,
1511 1548 1542 1574 et
1565 1543 1618 1584 qui
1642 1543 1707 1574 sint
1732 1544 1808 1575 boni
1821 1542 1948 1575 fructus
1962 1545 2083 1576 docent
2096 1554 2184 1575 man-

1205 1587 1292 1624 data,
1316 1584 1469 1617 videlicet
1492 1586 1670 1623 inuocatio,
1719 1587 1874 1618 ratierum
1892 1588 1990 1624 actio,
2014 1585 2186 1619 confessio

1205 1627 1391 1671 Euangelij‚
1415 1628 1539 1659 docere
1562 1627 1699 1670 Euange
1716 1630 1797 1667 ium,
1821 1630 1958 1661 obedire
1980 1630 2186 1672 parentibus,

1206 1679 1236 1704 et
1261 1672 1525 1712 magistratibuS,
1559 1673 1686 1702 seruire
1713 1673 1896 1709 vocationi,
1924 1682 1991 1704 non
2020 1672 2185 1711 occidere,

1206 1726 1270 1747 non
1290 1715 1433 1745 retinere
1457 1714 1544 1751 odia,
1568 1715 1627 1745 sed
1651 1725 1728 1746 esse
1751 1714 1960 1756 placabilem,
1983 1717 2062 1747 dare
2086 1726 2185 1758 egen·

1204 1759 1292 1790 tibus
1316 1763 1472 1800 quantum
1495 1767 1555 1798 pro
1569 1756 1780 1796 facultatibus
1801 1769 1991 1800 possumuS,
2014 1770 2079 1791 non
2092 1769 2184 1791 scor—

1205 1802 1279 1839 tari,
1303 1811 1367 1842 non
1387 1798 1568 1838 moechari,
1583 1800 1857 1843 'sed-'cohercerffi
1881 1810 1913 1833 et
1926 1800 2106 1840 refrenare,
2130 1812 2183 1833 ca-

1205 1845 1330 1886 stigare
1345 1853 1576 1880 carnetn‚.nun
1588 1846 1725 1885 propter
1738 1846 2040 1886 compensationem
2054 1852 2183 1886 poenae

1205 1894 1374 1925 aeternae,
1396 1887 1455 1918 sed
1475 1896 1517 1917 ne
1532 1887 1737 1928 obtemperet
1751 1886 1896 1920 diabolo.
1921 1898 1962 1919 ne
1975 1887 2184 1919 offendatwi

1204 1931 1352 1973 spiritum
1381 1937 1543 1960 sant-tum.
1595 1928 1673 1961 ltem
1710 1939 1789 1962 vera
1820 1931 1939 1961 dicere.
1989 1931 2026 1961 lii
2056 1928 2184 1963 fructus

1203 1973 1325 2005 habent
1356 1978 1531 2014 praccepta
1554 1969 1630 2009 Dei,
1653 1978 1683 2003 et
1707 1980 1844 2014 propter
1873 1972 2013 2016 gloriam
2038 1981 2070 2005 et
2094 1984 2183 2005 mnn-

1204 2018 1313 2048 dutum
1334 2014 1395 2048 Dei
1419 2014 1490 2047 fieri
1520 2015 1658 2051 debent,
1694 2015 1816 2047 hubent
1851 2023 1881 2047 et
1912 2017 2067 2059 praemia.
2115 2016 2183 2048 Sed

1203 2059 1290 2102 quod
1317 2069 1381 2090 non
1406 2059 1611 2090 remittantur
1636 2069 1762 2099 poenae
1775 2066 1943 2095 aeternae,
1967 2060 2027 2091 nisi
2047 2066 2184 2101 propter

1204 2103 1504 2144 compensationem
1520 2106 1682 2132 vertat-um
1698 2101 1908 2133 traditionum
1920 2109 1976 2135 aut
1989 2102 2184 2145 purgatorij,

1203 2145 1267 2176 hot·
1291 2156 1356 2177 non
1381 2145 1474 2176 docet
1501 2145 1676 2186 scriptura.
1702 2145 1952 2188 ‚indulgentiae
1983 2145 2059 2177 oliui
2089 2151 2183 2177 erant

1203 2188 1467 2221 condonationes
1496 2186 1703 2228 publicarunt
1735 2187 1864 2219 illarum
1897 2189 2181 2227 obseruationum,

1203 2243 1244 2264 ne
1267 2228 1400 2263 nimium
1425 2238 1647 2273 grauarentur
1672 2232 1831 2263 immines.
1872 2231 1968 2267 Quod
1989 2232 2015 2263 si
2040 2230 2182 2263 humana

1202 2275 1378 2307 autoritate
1391 2274 1508 2304 remitti
1522 2274 1772 2314 ,satisfactiones
1791 2282 1821 2306 et
1837 2283 1965 2315 poenae
1977 2275 2028 2313 ⁷⁸)
2045 2281 2181 2316 queunt,

1203 2329 1267 2349 non
1287 2318 1390 2360 'igitur
1414 2316 1486 2347 lure
1511 2317 1633 2349 diuino.
1659 2318 1848 2348 necessaria
1873 2324 1922 2349 ost
1946 2315 2002 2348 illu
2026 2327 2181 2359 compen-

1202 2362 1296 2392 sntio.
1342 2359 1424 2391 Nam
1456 2359 1508 2391 lus
1538 2360 1689 2392 diuinum'
1713 2371 1779 2403 non
1813 2358 1939 2392 tollitur
1963 2361 2103 2392 humanu
2127 2370 2181 2392 au-

1202 2405 1341 2435 toritate.
1397 2402 1501 2434 Porro
1538 2414 1611 2434 cuin
1648 2412 1734 2436 nunc
1777 2413 1824 2434 ier
1854 2413 1890 2434 st·
1915 2404 2105 2445 ntttiquntus
2139 2403 2185 2435 sit

1201 2457 1291 2479 mos.
1327 2454 1356 2477 vt
1394 2446 1523 2484 quidem
1559 2414 1844 2478 dissimulantibus
1874 2445 2067 2488 Epist-opis,
2102 2442 2187 2480 nihil.

1201 2586 1246 2614 72)
1267 2584 1389 2616 ‹sm-mint}
1411 2585 1457 2607 Fu.
1477 2585 1492 2608 8
1512 2595 1516 2606 z
1537 2584 1670 2609 offendant

1201 2630 1246 2655 71'.)
1268 2627 1377 2659 poentio}
1400 2626 1437 2650 Ed
1469 2626 1483 2648 Il
1502 2637 1504 2639 >
1526 2635 1606 2658 poeno·
