2366 2958
89 143 157 176 453
439 141 478 173 11.
521 139 754 173 APOLOGIA
775 139 1096 172 CONFESSIONIS

90 236 204 267 missio
228 241 454 277 peccatorum,
477 244 562 276 quae
584 234 776 266 reconciliet
797 244 860 265 nos
882 233 969 265 Deo.
1014 233 1068 265 De
1091 232 1098 310 Ι

89 289 211 320 magna
245 288 281 309 re
304 278 525 319 disputamus,
549 277 589 308 de
613 276 739 309 honore
763 276 902 315 Christi,
925 283 957 307 et
979 277 1068 307 vnde

89 326 205 362 petant
237 322 347 352 bonae
380 326 506 351 mentes
536 325 661 351 certam
697 326 730 351 et
757 320 883 351 firmam
913 317 1068 350 consola·

89 365 224 395 tionem.
270 363 389 394 Vtrum
412 362 533 394 fiducia
553 361 751 394 collocanda
774 363 816 393 sit
838 363 871 393 in
890 361 1068 399 Christum,

90 416 134 438 an
155 407 188 437 in
211 416 314 447 opera
336 411 461 436 nostra.
495 405 592 440 Quod
615 406 643 435 si
662 406 693 436 in
714 415 815 446 opera
833 410 949 435 nostra
968 403 1069 435 collo-

91 449 199 480 canda
221 449 300 486 erit,
329 446 511 479 detrahitur
529 447 663 479 Christo
692 447 800 479 honos
823 447 1013 478 mediatoris
1036 452 1069 477 et

90 491 332 532 propiciatoris.
388 490 430 521 Et
464 496 574 521 tamen
610 491 849 531 comperiemus
882 489 915 520 in
948 490 1068 520 iudicio

91 534 154 565 Dei
176 533 262 564 hanc
284 533 437 564 fiduciam
461 543 578 564 vanam
602 543 680 564 esse
701 538 734 564 et
753 532 974 563 conscientias
993 532 1070 562 inde

605 575 703 611 Quod
725 575 753 605 si
776 575 926 606 remissio
950 583 1069 615 pecca-

89 624 210 656 torum,
234 624 266 649 et
288 618 515 649 reconciliatio
538 628 605 649 non
629 617 791 659 contingit
813 617 915 658 gratis
935 623 1070 658 propter

90 586 188 607 ruere
217 576 250 606 in
280 576 555 616 desperationem.
1094 534 1099 649 ι

91 660 279 699 Christum,
307 661 366 692 sed
389 667 524 702 propter
545 665 692 691 nostram
716 660 941 697 dilectionem,
971 670 1069 690 nemo
1094 651 1099 902 Ι

89 703 263 735 habiturus
287 709 339 735 est
361 705 588 735 remissionem
611 708 834 743 peccatorum,
858 703 921 733 nisi
945 703 999 733 vbi
1022 707 1070 732 to-

89 750 157 777 tam
185 745 295 788 legem
328 745 461 784 fecerit,
491 746 566 787 quia
589 744 643 776 lex
665 755 731 776 non
754 744 928 783 iustificat,
962 745 1070 776 donec

90 798 154 820 nos
175 798 337 820 accusare
359 794 480 829 potest.
525 787 619 819 Patet
640 788 755 829 igitur,
783 798 859 819 cum
881 786 1070 819 iustificatio

90 832 135 862 sit
156 830 383 863 reconciliatio
412 836 548 872 propter
571 830 754 867 Christum,
786 831 874 871 quod
898 830 963 861 fide
982 830 1069 861 iusti-

91 873 245 912 ficemur,
271 874 349 916 quia
375 874 592 905 certissimum
616 878 668 904 est
690 872 766 904 sola
794 872 860 904 fide
887 873 997 914 accipi
1019 882 1071 903 re-

91 917 282 948 missionem
305 922 528 958 peccatorum.

176 975 274 1007 Nunc
290 976 388 1018 igitur
402 975 664 1016 respondeamus
678 975 720 1005 ad
738 973 827 1005 illam
839 975 1071 1012 obiecrionem,

90 1028 190 1060 quam
218 1027 319 1059 supra
346 1018 589 1059 proposuimus.
609 1019 660 1052 73)
711 1016 816 1048 Recte
844 1019 992 1059 cogitant
1015 1018 1070 1048 ad-

89 1062 233 1100 uersarij
264 1060 472 1092 dilectionem
496 1069 574 1091 esse
603 1058 687 1101 legis
711 1058 944 1100 impletionem,
962 1062 1013 1094 ⁷⁹)
1038 1066 1071 1091 et

92 1103 281 1134 obedientia
309 1114 391 1144 erga
417 1103 526 1144 legem
555 1108 647 1133 certe
670 1109 721 1133 est
750 1103 898 1140 iusticia,
922 1103 982 1133 sed
1005 1102 1072 1134 hoc

91 1143 177 1176 fallit
199 1155 259 1177 eos
282 1147 371 1187 quod
394 1151 508 1186 putant
530 1155 593 1175 nos
616 1155 657 1176 ex
679 1144 755 1187 lege
772 1144 952 1176 iustificari.
988 1144 1071 1176 Cum

91 1194 200 1219 autem
234 1198 299 1219 non
334 1188 548 1220 iustificemur
577 1198 617 1218 ex
641 1187 734 1229 lege,
761 1188 820 1218 sed
844 1188 1070 1219 remissionem

86 1231 305 1271 'peccatorum
352 1238 384 1262 et
428 1229 729 1262 reconciliationem
769 1231 970 1271 accipiamus
1007 1230 1072 1261 fide
1094 1236 1098 1273 Ι

90 1278 226 1314 propter
248 1272 434 1311 Christum,
465 1283 530 1304 non
560 1278 694 1314 propter
715 1271 923 1304 dilectionem
946 1279 1004 1304 aut
1025 1272 1072 1304 le-

115 1316 144 1345 ’s
167 1314 407 1355 impletionem,
433 1315 588 1357 Sequitur
609 1316 815 1352 necessario,
839 1316 928 1357 quod
950 1316 1017 1347 fide
1039 1317 1073 1347 in

120 1356 258 1389 hristum
278 1357 503 1390 iustificemur.

90 1519 138 1552 te)
156 1519 189 1544 ad
209 1520 281 1544 illam
300 1519 482 1549 obiecfionem,
501 1527 578 1550 quam
597 1527 674 1551 supra
699 1517 898 1551 proposuimus]
920 1518 1002 1543 Editt.
1020 1514 1073 1542 '2—

158 1554 201 1578 4.:
220 1555 253 1578 ad
272 1555 432 1585 questionem
451 1561 530 1585 supra
548 1555 717 1585 propositam,
736 1561 817 1585 quare
837 1553 943 1577 dilectio
962 1560 1015 1577 nou
1033 1553 1072 1576 iu-

161 1588 265 1611 stificet.

91 1629 139 1662 79)
159 1634 184 1654 et
196 1630 345 1654 obedientia
355 1637 417 1661 erga
427 1630 511 1660 legem
526 1634 594 1653 certe
608 1634 647 1653 est
660 1630 769 1658 iusticia,
778 1643 812 1647 —
821 1642 854 1647 —
864 1643 898 1647 —
915 1630 982 1653 sicut
994 1637 1072 1661 supra

161 1664 298 1695 aliquoties
308 1664 405 1688 dictum
416 1669 461 1688 est.
475 1664 516 1695 (p.
528 1663 614 1695 455.)]
630 1671 675 1695 pro
694 1662 731 1687 his
750 1662 829 1687 verbis
845 1663 975 1687 Editionis
996 1665 1018 1688 1.
1039 1665 1071 1689 le-

160 1702 252 1730 quntur
278 1698 304 1721 <a
331 1698 411 1721 Editt.
438 1699 513 1721 2—4.
539 1697 640 1722 haecce:
670 1697 703 1720 Et
731 1698 880 1721 obedientia
903 1705 965 1728 erga
988 1699 1071 1728 legem

161 1736 229 1756 esset
246 1732 362 1761 iusticia,
382 1733 403 1756 si
421 1733 505 1762 legem
530 1731 682 1755 faceremus.
718 1732 850 1755 Hactenus
874 1739 959 1756 autem
985 1737 1071 1756 osten-

161 1767 245 1790 dimus
263 1766 333 1797 quod
352 1766 411 1790 ideo
431 1767 507 1790 datae
526 1767 577 1789 sint
600 1766 802 1797 promissiones,
827 1767 886 1797 quia
909 1766 994 1797 legem
1014 1773 1072 1790 non

158 1801 288 1832 possimus
319 1800 412 1824 facere.
460 1801 579 1831 Eamque
606 1801 639 1824 ob
667 1807 771 1824 causam
797 1805 875 1831 negat
901 1800 997 1824 Paulus
1024 1808 1071 1825 nos

160 1833 221 1866 [Ed.
242 1836 266 1858 4.
291 1837 343 1866 typ.
363 1842 428 1858 ern:
452 1842 505 1858 non
525 1842 589 1867 pro:
615 1833 675 1865 nos]
699 1842 732 1857 ex
756 1835 814 1865 lege
839 1835 981 1859 iustificari.
1018 1835 1072 1859 Ad-

161 1869 268 1900 uersarij
287 1869 424 1898 falluntur,
447 1870 509 1899 quia
531 1870 557 1892 iu
576 1868 625 1892 hac
644 1872 698 1892 tota
716 1870 907 1898 controuersia,
931 1869 994 1893 nihil
1020 1870 1071 1893 nisi

161 1902 246 1933 legem
264 1903 405 1926 intuentur.
441 1902 532 1933 Neque
552 1903 619 1926 enim
644 1907 729 1933 potest
747 1903 822 1926 aliter
846 1902 906 1934 [Ed.
933 1904 972 1928 3.:
996 1904 1072 1927 aliter

161 1941 248 1967 potest
261 1944 320 1968 pro:
339 1941 423 1968 potest
449 1937 534 1967 aliter]
557 1937 672 1961 iudicare
697 1937 763 1960 ratio
787 1937 914 1967 humana,
937 1945 1013 1968 qnam
1039 1944 1072 1961 ex

162 1971 220 2001 lege
239 1971 412 2001 quaerendam
431 1978 487 1994 esse
505 1971 642 2001 iusticiam,
657 1971 719 2002 quia
737 1971 887 1995 obedientia
905 1979 969 2002 erga
986 1973 1071 2003 legem

161 2005 196 2028 sit
214 2005 325 2028 iusticia.
361 2004 416 2029 Sed
440 2004 614 2035 Euangelium
637 2010 744 2029 reuocat.
765 2013 812 2029 nos
837 2013 853 2029 a
875 2006 932 2036 lege
955 2007 989 2030 ad
1013 2014 1071 2038 pro-

162 2039 316 2067 missiones,
344 2043 370 2062 et
397 2039 487 2068 docet,
515 2040 587 2070 quod
614 2040 674 2063 iusti
702 2044 864 2071 reputemur,
887 2047 940 2063 non
967 2045 1072 2071 propter

163 2073 337 2097 obedientiam
357 2080 418 2103 erga
436 2073 528 2103 legem.
565 2072 626 2096 Non
645 2074 712 2097 enim
735 2074 908 2098 satisfacimus
931 2074 996 2104 legi,
1019 2074 1072 2099 Sed

162 2111 300 2138 propterea
319 2109 379 2138 quia
398 2107 509 2131 donatur
527 2107 602 2130 nobis
621 2108 798 2131 reconciliatio
815 2113 921 2140 propter
933 2108 1070 2139 Christum,

162 2141 198 2164 Et
221 2141 287 2165 hauc
311 2145 410 2164 tantum
437 2141 488 2164 fide
515 2142 662 2172 accipimus.
704 2142 856 2173 Priusquam
882 2143 961 2174 igitur
988 2143 1072 2174 legem

161 2175 282 2204 facimus,
313 2179 416 2206 oportet
439 2175 555 2206 accipere
579 2175 629 2199 fide
656 2176 834 2201 remissionem
857 2183 1022 2208 peccatorum
1046 2181 1073 2201 et

161 2210 408 2233 reconciliationem.
449 2208 523 2233 Bone
552 2209 638 2238 Dens,
665 2217 715 2240 quo
742 2218 788 2234 ore
815 2212 911 2235 audent
937 2213 1072 2235 nominare

162 2242 303 2273 Christum,
321 2251 371 2274 quo
390 2244 463 2267 uultu
482 2244 579 2267 audent
596 2244 711 2274 aspicere
734 2245 805 2275 ipsos
827 2245 966 2277 Euangelij
992 2246 1072 2270 libros

161 2277 203 2301 isti
222 2278 264 2308 qui
283 2282 381 2308 negant
398 2285 445 2302 nos
465 2279 523 2302 sola.
540 2278 592 2301 fide
611 2282 717 2309 propter
734 2278 865 2303 Christum
890 2287 1014 2311 consequi
1032 2288 1071 2304 re-

163 2312 315 2336 missionem
333 2313 515 2344 peccatorum?

197 2345 333 2376 Secundo,
358 2346 422 2371 haec
439 2348 496 2378 ipsa
513 2347 578 2376 legis
598 2346 715 2378 impletio
733 2354 800 2377 quae
824 2348 939 2378 sequitur
963 2355 1071 2372 renoua-
1095 2345 1098 2378 I

163 2379 271 2409 tionem,
289 2386 330 2405 est
347 2381 443 2411 exigua
462 2385 487 2404 et
504 2381 643 2405 immunda.
672 2380 827 2412 Quanquam
845 2383 912 2406 enim
932 2384 1070 2406 renouatio
1095 2385 1098 2404 Ι

162 2413 286 2438 inchoata
304 2419 350 2444 est,
369 2419 456 2439 tamen
474 2415 582 2438 haerent
600 2414 683 2438 adhuc
703 2415 729 2438 in
749 2420 841 2439 natura
864 2416 989 2447 reliquiae
1011 2424 1070 2448 pec·
1095 2406 1098 2433 3

163 2448 225 2477 cati,
243 2456 308 2478 quae
327 2456 427 2481 semper
444 2455 567 2472 accusant
585 2457 647 2478 nos,
670 2450 720 2472 nisi
746 2449 796 2473 fide
822 2450 847 2473 in
873 2450 1002 2474 Christum
1026 2459 1071 2482 ap-
1095 2450 1097 2471 l

163 2482 353 2513 prehendamus
376 2484 552 2507 remissionem
576 2487 753 2514 peccatorum,
778 2488 804 2507 et
826 2485 936 2509 sciamus
958 2492 1006 2509 nos
1025 2485 1071 2509 ha·

163 2516 225 2539 bere
244 2524 375 2541 accessum
393 2518 427 2541 ad
444 2518 545 2547 Deum,
564 2525 616 2542 non
636 2522 741 2549 propter
759 2522 872 2542 nostram
896 2519 1071 2550 impletionem

162 2550 242 2580 legis,
261 2551 307 2575 sed
331 2556 435 2583 propter
458 2552 598 2577 Christum.
633 2552 697 2576 Ideo
720 2552 765 2575 illa
786 2552 853 2583 legis
876 2553 991 2584 impletio
1017 2561 1071 2578 uon

163 2588 203 2608 est
221 2589 329 2616 accepta
346 2591 453 2617 propter
469 2587 593 2618 seipsam,
610 2587 656 2610 sed
673 2591 778 2619 propter
795 2586 881 2611 fidem.

1119 138 1432 174 AUGUSTANAE.
1476 140 1517 172 B.
1562 139 1749 173 ALTERA.
2034 141 2101 174 454

1204 232 1413 265 Deindeilla
1435 231 1519 276 legis
1541 232 1698 273 impletio,
1722 244 1782 265 seu
1805 234 1992 266 obedientia
2014 245 2099 276 erga.

1119 273 1240 316 legem,
1265 282 1315 307 est
1339 277 1468 318 quidem
1491 277 1620 308 iusticia
1644 286 1716 307 cum
1741 282 1791 309 est
1814 278 1957 318 integra,
1982 278 2042 309 sed
2065 279 2099 309 in

1119 318 1215 348 nobis
1249 325 1301 349 est
1336 320 1455 361 exigua
1489 325 1521 350 et
1549 319 1724 351 immunda.
1775 319 1852 350 ldeo
1886 329 1951 350 non
1985 320 2097 360 placet

1119 366 1255 401 propter
1277 362 1434 402 seipsam,
1463 372 1529 393 non
1553 368 1603 393 est
1625 367 1761 403 accepta
1784 367 1918 402 propter
1941 363 2099 403 seipsam.

1120 402 1315 444 Quanquam
1348 410 1456 434 autem
1490 415 1531 435 ex
1564 404 1615 435 his
1651 415 1735 445 quae
1768 414 1869 445 supra
1903 405 1990 435 dicta
2021 410 2099 436 sunt

1122 450 1252 476 constet
1275 446 1552 485 iivstiticationem,
1585 457 1651 477 non
1683 446 1790 478 solum
1813 448 1936 478 initium
1959 457 2100 478 renoua-

1120 488 1218 518 tionis
1248 488 1457 529 significare,
1485 490 1545 520 sed
1568 489 1889 527 reconciliationem,
1913 500 1978 531 qua
2000 490 2100 521 etiam

1120 537 1239 571 postea
1262 532 1393 571 accepti
1416 541 1541 562 sumus.
1586 531 1710 563 Tamen
1732 543 1820 563 nunc
1850 532 1951 563 multo
1976 532 2099 567 clarius

1120 573 1264 614 perspici
1291 573 1426 613 poterit,
1458 575 1546 614 quod
1574 573 1632 605 illa
1659 574 1814 606 inchoata
1839 574 1921 616 legis
1953 573 2100 616 impletio

1120 626 1186 647 no-ri
1206 616 1370 655 iustificet,
1387 617 1462 657 quia
1481 622 1605 647 tantum
1625 623 1676 648 est
1695 624 1832 659 accepta
1845 624 1978 658 propter
1990 617 2100 649 fldem.

1120 659 1191 689 Nec
1213 664 1263 689 est
1287 658 1533 696 confidendum,
1557 659 1645 700 quod
1667 661 1799 701 propria
1822 659 2043 701 perfectione,
2066 665 2101 691 et

1120 700 1308 742 impletione
1335 701 1437 743 legis,
1467 711 1580 732 coram
1610 701 1683 733 Deo
1711 704 1786 734 iusti
1815 708 2025 745 reputemur,
2058 712 2099 734 ac

1120 754 1188 775 non
1207 745 1318 784 potius
1340 750 1475 785 propter
1497 743 1673 775 Christum.

1209 786 1370 824 Primum,
1400 787 1475 828 quia
1504 785 1656 817 Christus
1685 797 1751 818 non
1778 788 1896 818 desinit
1929 797 2005 818 esse
2033 797 2101 819 me·

1123 829 1246 863 (flator,
1269 834 1457 870 postquam·
1472 830 1622 860 renouati
1644 839 1767 861 sumus.
1816 830 1933 861 Errant
1963 831 2016 871 qui
2040 829 2100 861 fin-

1122 878 1204 913 gunt
1234 882 1307 903 eum
1340 877 1466 902 tantum
1494 873 1630 912 primam
1665 873 1803 914 gratiam
1832 873 1981 904 meritum
2010 882 2100 911 esse,

1123 924 1185 945 nos
1207 920 1324 955 postea
1346 913 1481 955 placere
1503 921 1619 946 nostra
1640 913 1726 957 legis
1750 913 1956 956 impletione,
1980 922 2012 946 et
2034 925 2102 947 me·

1122 958 1187 987 reri
1209 957 1309 988 vitam
1333 963 1510 988 aeternam.
1554 957 1668 988 Manet
1691 958 1852 989 mediator
1875 957 2043 993 Christus,
2067 962 2102 989 et

1123 1009 1256 1041 semper
1279 1005 1427 1030 statuere
1450 999 1621 1037 debemus,
1645 1001 1733 1041 quod
1756 1006 1892 1041 propter
1912 1001 2020 1041 ipsum
2042 1000 2103 1031 ha·

1124 1043 1262 1073 beamus
1290 1041 1456 1082 placatum
1485 1041 1611 1080 Deum,
1639 1044 1737 1074 etiam
1767 1044 1795 1074 si
1823 1054 1886 1074 nos
1916 1044 2038 1085 indigni
2061 1043 2103 1073 si·

1123 1094 1207 1115 mus.
1254 1084 1347 1116 Sicut
1371 1083 1494 1116 Paulus
1521 1092 1635 1127 aperte
1665 1085 1778 1123 docet,
1809 1096 1883 1116 cum
1914 1087 1968 1116 ait.
2014 1083 2103 1116 Nihil

1123 1127 1201 1159 mihi
1233 1127 1390 1159 conscius
1425 1137 1515 1166 sum,
1547 1129 1608 1159 sed
1642 1129 1673 1158 in
1707 1128 1773 1158 hoc
1806 1139 1872 1159 non
1906 1128 2103 1160 iustificatus

1123 1180 1214 1208 sum,
1249 1170 1310 1200 sed
1343 1170 1442 1200 sentit
1473 1181 1511 1201 se
1545 1170 1610 1201 fide
1645 1172 1789 1211 reputari
1816 1171 1938 1202 iustum
1971 1177 2103 1212 propter

1124 1211 1302 1244 Christum.
1343 1212 1438 1243 quta
1458 1211 1551 1250 illud,
1574 1213 1668 1243 Beati
1691 1223 1829 1254 quorum
1848 1214 2007 1244 remissae
2026 1218 2103 1245 sunt

1123 1255 1321 1296 iniquitates.
1372 1254 1432 1285 llla
1465 1262 1574 1286 autem
1602 1256 1753 1287 remissio
1784 1266 1916 1296 semper
1943 1256 2103 1297 accipitur

1124 1297 1199 1329 fide.
1252 1297 1349 1335 ltem,
1379 1297 1558 1338 Imputacio
1591 1299 1743 1330 iusticiae
1774 1298 1948 1340 Euangelij
1980 1306 2031 1330 est
2062 1309 2103 1330 ex

1124 1340 1365 1382 promissione,
1393 1340 1494 1382 igitur
1523 1351 1655 1381 semper
1683 1341 1844 1381 accipitur
1867 1341 1948 1379 fide,
1971 1351 2103 1382 semper

1124 1383 1335 1414 statuendum
1368 1389 1438 1421 est,
1466 1384 1554 1424 quod
1579 1383 1643 1414 fide
1672 1390 1807 1424 propter
1829 1384 1997 1415 Christum
2026 1384 2104 1416 iusti

1123 1430 1326 1466 reputemur.
1377 1424 1414 1456 Si
1443 1427 1547 1457 renati
1579 1432 1697 1467 postea
1730 1427 1854 1457 sentire
1883 1427 2041 1458 deberent
2064 1436 2104 1459 se

1123 1473 1282 1508 acceptos
1315 1466 1389 1498 fore
1421 1474 1558 1509 propter
1585 1468 1807 1510 impletionem
1836 1468 1938 1511 legis,
1969 1470 2103 1511 quando

1124 1515 1215 1541 esset
1237 1510 1442 1541 conscientia
1465 1516 1573 1549 certa,
1597 1521 1635 1542 se
1657 1510 1791 1552 placere
1814 1511 1901 1550 Deo,
1926 1522 2000 1543 cum
2023 1522 2104 1543 nun-

1124 1563 1222 1594 quam
1244 1552 1312 1595 legi
1336 1551 1590 1585 satisfaciamus.
1636 1553 1714 1585 Ideo
1743 1564 1874 1596 semper
1897 1555 1939 1586 ad
1962 1555 2104 1596 promis·

1123 1596 1250 1627 sionem
1272 1596 1510 1627 recurrendum
1529 1603 1592 1634 est,
1616 1595 1679 1628 hac
1703 1597 1921 1629 sustentanda
1944 1603 1995 1628 est
2018 1597 2106 1629 infir-

1122 1639 1220 1669 mitas
1242 1644 1376 1677 nostra,
1407 1644 1439 1670 et
1460 1639 1671 1670 statuendum
1694 1650 1756 1671 nos
1779 1647 1915 1682 propter
1938 1639 2106 1672 Christum

1123 1681 1228 1712 iusto—'-
1262 1681 1421 1722 reputari‚
1455 1682 1511 1723 qui
1539 1682 1634 1713 sedet
1661 1683 1703 1714 ad
1732 1683 1880 1714 dextram
1910 1682 2039 1722 Patris,
2073 1687 2106 1714 et

1123 1729 1283 1764 perpetuo
1315 1723 1503 1764 interpellat
1536 1735 1596 1766 pro
1623 1726 1733 1756 nobis.
1782 1725 1879 1756 Hunc
1910 1725 2105 1758 Pontificem

1125 1765 1326 1797 contumelia
1358 1765 1477 1805 afficit,
1512 1768 1616 1808 siquis
1650 1769 1749 1799 sentit
1777 1777 1814 1798 se
1841 1769 1906 1799 iam
1928 1768 2049 1799 iustum
2073 1773 2107 1799 et:

1123 1815 1297 1850 acceptum
1325 1818 1420 1847 esse,
1451 1815 1586 1850 propter
1614 1811 1780 1851 propriam
1809 1809 2030 1851 impletionem
2058 1810 2105 1842 le-

1124 1852 1188 1893 gis,
1212 1862 1278 1883 non
1302 1857 1437 1892 propter
1460 1851 1548 1883 illius
1571 1853 1835 1894 promissionem.
1876 1853 1948 1884 Nec
1970 1852 2107 1895 intelligi

1123 1900 1234 1935 potest
1263 1895 1430 1935 quomodo
1458 1895 1537 1937 tingi
1562 1903 1663 1936 queat
1691 1896 1791 1927 homo
1818 1897 1924 1927 iustus
1948 1905 2027 1927 esse
2050 1907 2107 1928 co-

1122 1947 1193 1968 ram
1205 1935 1280 1968 Deo
1304 1936 1442 1968 excluso
1465 1938 1686 1979 propiciatore
1708 1945 1740 1969 et
1761 1939 1941 1970 mediatore
1960 1938 2107 1970 Christo.

1209 1979 1290 2010 ltem
1314 1980 1392 2022 quid
1415 1991 1499 2022 opus
1534 1986 1586 2012 est
1622 1980 1724 2023 longa
1758 1981 2001 2023 disputatione?
2043 1981 2108 2013 To-

1123 2027 1157 2053 ta
1187 2022 1376 2063 Scriptura,
1410 2029 1480 2054 tot·t
1503 2022 1656 2055 Ecclesia
1684 2024 1805 2055 clamat
1832 2023 1898 2066 legi
1920 2034 1986 2056 non
2010 2024 2107 2055 satis-

1123 2064 1202 2096 fieri.
1250 2065 1326 2096 Non
1354 2066 1454 2107 igitur
1481 2065 1593 2107 placet
1622 2065 1679 2098 illa
1706 2066 1861 2099 inchoata
1885 2066 1969 2109 legis
1993 2066 2106 2108 imple-

1124 2108 1190 2146 tio,
1221 2114 1359 2150 propter
1387 2109 1546 2149 seipsam,
1582 2110 1642 2140 sed
1668 2115 1807 2151 propter
1829 2109 1926 2141 fidem
1956 2110 1988 2140 in
2011 2110 2107 2141 Chri·

1124 2156 1222 2182 stum.
1270 2149 1403 2192 Alioqui
1425 2150 1479 2182 lex
1503 2161 1636 2193 semper
1658 2159 1798 2184 accusat
1821 2163 1901 2190 nos,
1924 2154 1997 2194 quis
2021 2154 2108 2185 enim

1124 2194 1205 2224 satis
1232 2192 1354 2235 diligit,
1383 2200 1439 2226 aut
1472 2196 1554 2225 satis
1583 2196 1673 2226 timet
1696 2194 1822 2229 Deum,
1852 2196 1925 2237 quis
1949 2196 2030 2226 satis
2052 2205 2108 2236 pa-

1125 2236 1250 2268 cienter
1279 2237 1422 2268 sustinet
1449 2236 1648 2269 afflictiones
1677 2249 1696 2269 a
1720 2238 1793 2269 Deo
1816 2239 2008 2278 impositas,
2031 2238 2108 2280 quis

1123 2289 1190 2310 non
1220 2289 1321 2320 saepe
1352 2280 1502 2311 dubitat?
1553 2280 1669 2312 Vtrum
1700 2280 1763 2311 Dei
1794 2280 1932 2312 consilio
1960 2291 2001 2312 an
2025 2291 2108 2312 casu

1096 2328 1281 2364 =regantur
1315 2332 1370 2353 res
1404 2322 1584 2362 humanae,
1614 2324 1687 2365 quis
1722 2334 1787 2354 non
1822 2333 1922 2365 saepe
1957 2323 2108 2355 dubitas}

1123 2363 1240 2396 Vtrum
1270 2375 1290 2396 a
1313 2364 1387 2396 Deo
1419 2366 1630 2404 exaudiatur,
1659 2367 1731 2408 quis
1761 2376 1827 2397 non
1859 2376 1961 2406 saepe
1984 2372 2108 2398 stoma-

1124 2407 1252 2446 chatur,
1281 2408 1371 2448 quod
1399 2408 1488 2450 impij
1517 2407 1649 2440 fortuna
1673 2407 1807 2439 meliore
1830 2415 1984 2447 Vtuntur,
2007 2419 2106 2450 quam

1122 2451 1178 2491 pij,
1202 2451 1290 2492 quod
1313 2451 1356 2492 pij
1381 2452 1422 2482 ab
1446 2452 1558 2493 impijs
1581 2451 1820 2492 opprimuntur,
1844 2453 1918 2493 quis
1941 2451 2106 2484 satisfacit

1122 2494 1289 2525 vocationi
1327 2503 1427 2533 suae,
1463 2494 1535 2535 quis
1571 2493 1674 2536 diligit
1713 2495 1895 2534 proximum
1929 2495 2014 2526 sicut
2052 2505 2106 2526 se·

1122 2536 1249 2577 ipsum,
1282 2537 1356 2578 quis
1388 2547 1454 2567 non
1485 2537 1630 2568 irritatur
1652 2547 1672 2568 a
1695 2537 1984 2579 concupiscentia?
2028 2537 2106 2569 ideo

1123 2577 1249 2610 Paulus
1278 2579 1400 2621 inquit,
1431 2579 1507 2610 Non
1530 2579 1618 2621 quod
1649 2578 1727 2611 volo
1750 2580 1892 2619 bonum,
1918 2579 1985 2613 hoc
2006 2578 2106 2617 facio.

1842 2640 1899 2665 29·
