2366 2958
581 159 813 192 APOLOGlA
837 158 1151 191 CONFESSIONIS

145 160 211 195 1189
496 161 534 193 ll.

148 256 314 288 cntionem
335 260 499 293 nostram,
521 259 589 292 aut,
612 260 646 285 vt
670 253 809 285 maxime
820 251 1016 296 intelligant,
1037 252 1127 294 quod

146 298 241 331 Deus
272 308 344 329 eam
374 298 546 339 approbet.
593 296 705 332 Quare
734 296 916 338 aduersarij
940 306 1006 328 non
1030 296 1128 326 debe-

146 343 228 373 bant
251 351 314 372 nos
337 340 378 372 ad
403 350 471 371 rem
491 340 649 371 incertam
673 349 806 381 cogere,
830 339 904 380 quia
927 339 1032 370 oratio
1057 338 1129 369 sine

148 384 214 416 fide
236 394 302 415 non
327 388 377 414 est
400 383 516 414 oratio.
561 382 644 413 Nam
673 382 761 423 quod
784 380 932 423 allegant
955 379 1128 412 Ecclesiae

1175 158 1491 191 AUGUSTANAE.
1536 158 1576 189 Β.
1621 157 1811 190 ALTERA.
2091 158 2157 191 590

1180 250 1301 290 filium,
1336 253 1423 284 sicut
1450 251 1671 284 honorificant
1702 251 1843 283 Patrem.
1897 251 1940 283 Et
1968 251 2091 283 Paulus
2116 253 2156 285 .l.

1179 294 1355 326 Thessalo.
1380 295 1413 335 ij.
1451 305 1550 327 orans
1586 295 1706 337 inquit,
1748 297 1820 335 ipse
1853 300 1962 326 autem
1995 295 2158 327 Dominus

1180 343 1295 368 noster
1316 337 1409 369 lesus
1432 337 1587 370 Christus
1611 343 1643 369 et
1665 337 1770 376 Deus,
1794 343 1825 368 et
1842 342 1937 378 pater
1955 343 2080 377 noster,
2105 348 2157 370 ex-

1180 379 1331 411 hortetur
1362 381 1465 412 corda
1496 387 1626 419 vestra,
1659 386 1691 412 et
1718 379 1892 411 confirmet
1920 391 1982 412 vos
2006 387 2069 412 etc.
2113 382 2159 412 At

148 425 346 468 exemplum,
369 430 501 456 constat
524 435 644 456 nouum
668 424 757 456 hunc
779 425 811 455 in
831 422 983 456 Ecclesia
1005 433 1128 455 morem
1152 422 1155 446 ¹
1181 423 1221 453 de
1244 429 1434 454 sanctorum
1458 424 1666 455 inuocatione
1694 423 1782 465 quod
1811 428 1952 464 possunt
1974 423 2157 463 aduersarij

149 480 241 504 esse,
276 469 360 500 Nam
395 474 527 499 veteres
551 469 718 499 orationes
747 467 809 498 etsi
834 467 1030 498 mentionem
1053 475 1128 496 san-

149 519 277 544 ctorum
290 511 425 548 faciunt,
448 521 514 542 non
534 518 642 542 tamen
659 511 816 541 inuocant
830 511 986 541 Sanctus.
1021 508 1129 543 Quan-

1180 472 1405 506 praeceptum,
1430 467 1517 507 quod
1541 465 1725 507 exemplum
1750 476 1791 497 ex
1814 466 1995 507 Scripturis
2018 466 2160 497 afferre?

1180 507 1334 539 Alterum
1369 514 1419 538 est
1452 509 1484 539 in
1519 510 1757 549 propiciatore,
1796 509 1885 551 quod
1919 509 2033 540 merita
2055 509 2159 549 ipsius

148 566 245 598 quam
269 555 365 586 etiam
389 553 445 584 illa
468 564 555 585 noua
578 554 743 585 inuocatio
774 554 805 584 in
826 551 1001 590 Ecclesia,
1034 551 1129 582 dissi·
1152 552 1155 580 Ι
1181 551 1352 592 proposita
1371 556 1458 588 sunt,
1482 558 1514 582 vt
1534 561 1618 593 quae
1635 562 1695 592 pro
1715 551 1789 592 alijs
1808 549 2052 589 satisfacerent,
2075 562 2161 593 quae

147 597 233 630 milis
256 603 307 628 est
329 597 528 628 inuocationi
549 595 765 638 singulorum.

232 640 362 671 Deinde
388 639 570 681 aduersarij
601 649 666 671 non
699 637 807 670 solum
830 638 1072 669 inuocationem
1096 636 1127 667 in

147 683 239 715 cultu
262 688 453 714 sanctorum
476 684 656 724 requirunt,
680 681 739 712 sed
763 681 859 712 etiam
878 679 1044 721 applicant
1063 689 1127 710 me-

147 728 210 758 rita
233 731 422 757 sanctorum
445 735 506 766 pro
529 724 618 765 alijs,
641 730 671 755 et
695 722 821 755 faciunt
839 732 879 754 ex
911 723 1037 754 sanctis
1061 732 1127 753 non

147 768 258 801 solum
288 769 543 809 deprecatores,
574 767 634 798 sed
665 767 762 797 etiam
792 765 1044 807 propiciatores.
1093 765 1127 796 ld

146 811 239 844 nullo
263 812 362 843 modo
387 810 556 842 ferendum
579 815 640 841 est.
674 809 759 840 Nam
782 808 836 840 liic
859 819 997 849 prorsus
1020 815 1127 840 trans-

145 853 250 886 fertur
272 855 303 885 in
327 860 464 885 sanctos
493 853 646 894 proprius
677 851 786 883 honor
810 850 942 883 Christi.
990 851 1127 883 Faciunt

147 898 230 930 enim
266 907 326 928 eos
360 895 580 933 mediatores,
614 901 646 926 et
679 895 935 936 propiciatores,
970 901 1002 925 et
1024 888 1156 940 quan-j

1150 952 1155 997 Ι

147 951 245 982 quam
292 939 494 980 distinguunt
524 939 564 970 de
605 938 841 969 mediatoribus
877 937 1127 968 intercessionis

146 990 180 1015 et
206 982 441 1014 mediatoribus
471 981 723 1023 redemptionis,
750 987 858 1011 tamen
881 979 980 1021 plane
1002 979 1128 1011 faciunt

147 1036 188 1058 ex
217 1025 342 1056 sanctis
372 1024 570 1056 mediatores
600 1023 845 1064 redemptionis.
892 1023 1002 1064 Atque
1030 1023 1127 1053 etiam

144 1067 225 1101 illud
258 1068 370 1098 dicunt
400 1068 470 1098 sine
499 1067 686 1098 testimonio
716 1067 920 1108 scripturae,
949 1065 1038 1107 quod
1062 1065 1127 1096 sint

144 1111 344 1143 mediatores
377 1110 645 1148 intercessionis,
675 1110 762 1150 quod
791 1115 825 1140 vt
848 1108 1129 1140 verecundissime

146 1154 294 1189 dicatur,
321 1160 430 1184 tamen
461 1154 617 1184 obscurat
645 1151 791 1183 osticium
814 1150 955 1192 Christi,
985 1158 1015 1182 et
1047 1150 1127 1181 fidu-

144 1197 228 1228 ciam
259 1196 504 1227 misericordiae
535 1196 676 1227 debitam
711 1195 864 1232 Christo,
903 1192 1061 1225 transfert
1095 1195 1127 1224 in

144 1245 292 1271 sanctos.
324 1238 464 1280 Fingunt
490 1239 574 1269 enim
598 1238 746 1270 homines
771 1237 937 1269 Christum
962 1237 1126 1268 duriorem

144 1292 237 1316 esse,
273 1288 305 1313 et
325 1290 462 1312 sanctos
493 1280 743 1322 placabiliores,
772 1288 805 1312 et
828 1281 933 1321 magis
958 1279 1128 1310 confidunt

143 1325 371 1357 misericordia
388 1326 440 1361 22)
464 1331 671 1362 sanctorum,
705 1334 801 1365 quam
831 1323 1057 1354 misericordia
1073 1324 1126 1360 ⁴²²)

144 1366 269 1398 Christi
296 1373 330 1398 et
363 1365 528 1408 fugientes
562 1367 749 1404 Christum,
784 1371 945 1407 quaerunt
978 1371 1125 1396 sanctos.

143 1409 192 1441 lta
214 1408 339 1441 faciunt
361 1420 401 1441 ex
425 1411 474 1440 eis
505 1410 617 1451 reipsa
646 1409 846 1440 mediatores
878 1408 1124 1449 redemptionis.

229 1451 344 1494 ltaque
367 1453 598 1490 ostendemus,
629 1453 716 1494 quod
740 1461 820 1483 vcre
841 1449 965 1482 faciant
989 1460 1028 1481 ex
1052 1461 1125 1481 san-

143 1495 208 1528 ctis
230 1505 296 1527 non
315 1500 440 1526 tantum
459 1496 696 1536 deprecatores
715 1494 774 1526 sed
786 1494 1040 1535 propiciatores,
1059 1492 1126 1524 hoc

143 1544 211 1577 est,
242 1538 443 1570 mediatores
470 1539 715 1580 redemptionis.
767 1537 920 1568 Nondum
947 1537 1124 1568 recitamus

142 1579 197 1612 hie
221 1579 312 1622 vulgi
335 1581 469 1612 abusus.
514 1580 568 1612 De
587 1581 759 1612 doctorum
782 1580 992 1620 opinionibus
1015 1578 1125 1610 adhuc

143 1623 316 1665 loquimur.
363 1621 502 1664 Reliqua
524 1624 619 1654 etiam
643 1623 782 1664 imperiti
804 1621 950 1654 iudicare
973 1627 1123 1662 possunt.

143 1666 179 1697 ln
213 1667 437 1707 propiciatore
474 1666 560 1697 haec
601 1666 666 1697 duo
701 1670 911 1698 concurrunt.
967 1665 1122 1702 Primum,

143 1714 276 1750 oportet
299 1714 411 1739 extare
435 1710 571 1740 verbum
595 1707 674 1747 Dei,
697 1719 738 1739 ex
762 1719 827 1750 quo
852 1714 944 1739 certo
967 1708 1124 1745 sciamus,

143 1753 233 1794 quod
263 1750 358 1783 Deus
387 1750 465 1782 velit
494 1752 643 1784 misereri
680 1757 713 1783 et
743 1751 900 1783 exaudire
928 1751 1123 1782 inuocantes

141 1805 203 1836 per
237 1793 324 1825 hunc
354 1795 620 1835 propiciatorem.
675 1793 765 1825 Talis
800 1799 888 1825 extat
917 1794 958 1825 de
987 1792 1123 1824 Christo

142 1838 340 1879 promissio,
375 1837 538 1878 Quidquid
572 1838 732 1878 petieritis
762 1837 893 1868 Patrem
926 1837 958 1867 in
993 1835 1123 1867 nomine

142 1890 228 1919 meo,
253 1881 343 1911 dabit
366 1880 474 1911 vebis.
508 1880 558 1911 De
582 1881 708 1911 sanctis
732 1878 823 1912 nulla
842 1886 931 1910 extat
952 1879 1029 1910 talis
1050 1888 1123 1919 pro-

142 1923 276 1961 missio,
305 1932 407 1963 quare
430 1923 653 1954 conscientiae
682 1933 747 1954 non
775 1929 915 1964 possunt
940 1928 1032 1953 certo
1056 1927 1122 1952 sta-

143 1971 253 2003 tuere,
282 1965 369 2006 quod
398 1976 457 2006 per
485 1972 675 1997 sanctorum
697 1966 939 1997 inuocationem
971 1965 1122 1995 exaudia-

143 2019 226 2039 mur.
274 2009 386 2049 ltaque
410 2009 575 2039 inuocatio
598 2007 655 2040 illa
674 2018 738 2040 non
764 2008 797 2039 fit
821 2019 860 2039 ex
884 2009 958 2039 tide.
992 2006 1123 2038 Deinde

142 2051 332 2082 mandatum
357 2051 455 2082 etiam
480 2050 660 2089 habemus,
685 2057 719 2082 vt
741 2052 932 2083 inuocemus
955 2050 1121 2081 Christum
1147 2085 1152 2089 ι

1150 592 1257 636 lalijs
1287 594 1451 624 donentur
1477 594 1695 635 imputacione
1723 595 1851 632 diuina,
1885 600 1920 625 vt
1953 604 2012 636 per
2040 595 2160 632 ea,²⁴)

1182 642 1336 678 tanquam
1369 637 1513 677 propi-ijs
1547 637 1670 668 meritis
1704 638 1780 668 iusti
1814 643 2024 678 reputentur,
2065 643 2099 668 vt
2131 638 2160 669 si

1180 680 1254 721 quis
1277 678 1403 710 amicus
1427 690 1487 720 pro
1511 680 1616 710 amico
1641 679 1740 711 soluit
1764 690 1822 711 aes
1845 679 2006 718 alienum,
2031 680 2160 711 debitor

1180 721 1288 753 alieno
1322 722 1438 753 merito
1466 727 1620 764 tanquam
1656 723 1789 764 proprio
1823 721 2060 760 liberatur.‘²·“)
2111 722 2160 754 lta

1182 764 1304 796 Christi
1331 765 1447 796 merita
1474 765 1571 796 nobis
1599 765 1778 803 donantur,
1809 771 1843 796 vt
1870 766 1947 796 iusti
1971 771 2160 807 reputemur

1181 808 1301 839 fidncia
1331 808 1519 839 meritorum
1549 806 1688 846 Christi,
1723 818 1796 839 cuin
1824 809 1856 839 in
1886 818 1958 839 eum
1982 809 2160 847 credimus,

1180 856 1335 892 tanquam
1357 851 1491 892 propria
1515 852 1629 882 merita
1652 851 1859 882 haberemus.

1267 893 1308 924 Et
1336 903 1377 924 ex
1400 900 1557 935 Vtroque,
1582 904 1699 934 nempe
1721 903 1762 924 ex
1784 894 2024 933 promissione,
2048 899 2081 925 et
2103 894 2159 926 do-

1180 937 1313 968 natione
1355 937 1560 974 merhorum,
1605 938 1708 968 oritur
1748 935 1869 968 fiducia
1902 937 2159 970 misericordiae.

1179 978 1269 1010 Talis
1292 979 1413 1010 fiducia
1434 979 1664 1020 promissionis
1694 979 1836 1017 diuinae,
1860 979 1940 1009 ltem
1972 980 2161 1011 meritorum

1180 1021 1302 1054 Christi
1327 1022 1424 1053 debet
1455 1021 1563 1053 afferri
1587 1023 1629 1054 ad
1659 1023 1829 1053 orandum.
1875 1021 1963 1052 Vere
1987 1022 2072 1053 enim
2095 1029 2161 1054 sta·

1179 1072 1273 1096 tuere
1308 1065 1484 1102 debemus,
1518 1070 1551 1095 et
1581 1065 1670 1107 quod
1702 1070 1838 1105 propter
1867 1063 2034 1096 Christum
2065 1076 2160 1097 exau-

1151 1112 1154 1133 ὲ
1179 1108 1316 1146 diamur,
1341 1113 1373 1138 et
1397 1108 1486 1148 quod
1508 1108 1614 1149 ipsius
1637 1108 1762 1140 meritis
1787 1107 1968 1139 habeamus
1992 1106 2160 1148 placatum

1178 1150 1320 1182 Patrem.
1376 1150 1438 1181 Hic
1461 1151 1644 1192 aduersarii
1684 1151 1822 1191 primum
1856 1151 1969 1181 iubent
2003 1151 2160 1183 inuocare

1178 1200 1327 1231 sanctos,
1352 1203 1426 1224 cum
1449 1203 1556 1234 neque
1575 1193 1827 1235 promissionem
1846 1192 1921 1231 Dei,
1944 1203 2053 1234 neque
2071 1204 2160 1225 man-

1178 1238 1308 1274 datum,
1342 1246 1449 1277 neque
1484 1235 1667 1277 exemplum
1702 1235 1892 1277 Scripturae
1920 1235 2074 1267 habeant.
2119 1236 2161 1268 Et

1178 1285 1286 1310 tamen
1315 1277 1458 1317 faciunt,
1486 1285 1521 1310 vt
1545 1279 1647 1310 maior
1671 1278 1790 1309 fiducia
1813 1279 2062 1310 misericordiae
2086 1289 2160 1311 san-

1179 1329 1307 1354 ctorum
1330 1322 1534 1362 concipiatur
1557 1332 1654 1363 quam
1678 1321 1812 1359 Christi,
1836 1332 1909 1353 cum
1934 1321 2086 1353 Christus
2116 1323 2159 1353 ad

1177 1375 1215 1396 se
1238 1365 1351 1396 venire
1372 1365 1517 1402 iusserit,
1540 1374 1606 1396 non
1629 1365 1672 1395 ad
1695 1370 1842 1396 sanctos.
1877 1363 2032 1396 Secundo
2056 1364 2160 1406 appli-

1178 1414 1255 1439 cant
1281 1407 1398 1438 merita
1429 1413 1619 1439 sanctorum
1647 1406 1741 1449 alijs,
1770 1408 1856 1439 sicut
1884 1408 2000 1438 merita
2023 1406 2158 1440 Christi.

1177 1450 1292 1482 lubent
1321 1450 1490 1482 confidere
1518 1451 1643 1482 meritis
1667 1456 1876 1488 sauctorum,
1908 1450 2003 1492 quasi
2026 1456 2158 1492 repute-

1177 1503 1250 1524 mur
1271 1493 1346 1524 iusti
1369 1499 1506 1534 propter
1528 1494 1642 1524 merita
1666 1500 1875 1531 sanctorum,
1904 1493 1990 1525 sieut
2012 1493 2089 1524 iusti
2111 1503 2159 1525 re·

1176 1542 1329 1577 putamur
1352 1536 1477 1567 meritis
1500 1535 1634 1567 Christi.
1679 1535 1768 1567 Nihil
1791 1536 1844 1567 hic
1863 1535 2030 1578 fingimus,
2053 1535 2087 1567 ln
2112 1537 2158 1568 in-

1177 1577 1358 1621 dulgentijs
1394 1579 1506 1611 dicunt
1536 1588 1574 1610 se
1608 1577 1777 1620 applicare
1810 1579 1924 1610 merita
1957 1584 2159 1617 sanctorum,

1176 1621 1219 1653 Et
1252 1621 1386 1653 Gabriel
1423 1623 1587 1662 interpres
1615 1622 1760 1653 Canonis
1794 1620 1920 1652 Missae
1953 1621 2159 1653 confidenter

1175 1664 1389 1706 pronunciat,
1418 1674 1482 1695 nos
1507 1665 1620 1696 ordine
1643 1665 1790 1696 instituto
1813 1674 1833 1695 a
1856 1663 1947 1703 Deo,
1971 1664 2096 1696 debere
2115 1664 2158 1696 ad

1175 1706 1296 1738 auxilia
1329 1713 1521 1739 sanctorum
1557 1705 1750 1749 confugere,
1779 1713 1815 1738 vt
1847 1706 2016 1738 saluemur
2044 1718 2158 1739 eorum

1175 1751 1300 1781 meritis
1329 1756 1362 1781 et
1396 1751 1494 1781 votis.
1540 1750 1632 1782 llaec
1667 1756 1744 1781 sunt
1773 1751 1874 1781 verba
1899 1748 2082 1789 Gabi-ielis,
2116 1749 2158 1781 Et

1175 1801 1284 1824 tamen
1308 1793 1431 1833 passim
1462 1793 1495 1823 in
1525 1792 1618 1824 libris
1648 1798 1680 1824 et
1711 1793 1927 1824 concionibus
1950 1793 2157 1825 aduersario-

1175 1846 1245 1866 rum
1274 1834 1428 1876 leguntur
1459 1836 1664 1868 absurdiora.
1725 1835 1810 1870 Quid
1840 1842 1891 1866 est
1915 1834 2027 1867 facere
2050 1837 2157 1877 propi-

1175 1879 1331 1916 ciatorcs,
1354 1878 1382 1909 si
1405 1878 1471 1910 hoc
1493 1889 1559 1910 non
1583 1878 1658 1909 est?
1698 1877 1843 1909 Prorsus
1863 1885 2045 1919 aequantur
2063 1878 2157 1910 Chri·

1173 1927 1243 1959 sto,
1266 1922 1293 1951 si
1318 1921 1486 1952 confidere
1510 1922 1686 1958 debemus,
1708 1921 1794 1962 quod
1820 1921 1942 1952 meritis
1966 1931 2078 1952 eorum
2092 1920 2157 1952 sal-

1174 1974 1299 1996 uemur.
1343 1964 1409 1995 Vbi
1439 1971 1546 1995 autem
1575 1964 1744 1997 institutus
1768 1971 1819 1996 est
1842 1962 1898 1995 ille
1922 1964 2004 1995 ordo
2027 1974 2046 1995 a
2071 1963 2156 2002 Deo,

1177 2017 1272 2048 quem
1297 2007 1374 2038 dicit
1397 2007 1472 2044 iste,
1496 2007 1584 2048 quod
1607 2007 1787 2038 debeamus
1810 2007 1852 2037 ad
1881 2005 2003 2038 auxilia
2024 2013 2156 2038 sancto-

1174 2061 1244 2082 rum
1276 2049 1480 2091 confugere?
1514 2048 1662 2090 proferat
1692 2049 1877 2090 exemplum
1907 2060 1946 2080 ex
1970 2050 2156 2090 Scripturis‚

142 2095 234 2125 itata
266 2092 362 2131 illud,
394 2093 513 2124 Venite
536 2094 576 2124 ad
607 2104 659 2125 me
686 2095 740 2135 qui
763 2093 924 2125 laboratis
947 2101 1009 2124 etc.
1034 2093 1122 2134 quod
1146 2103 1152 2147 Ι
1174 2099 1229 2124 aut
1251 2099 1476 2134 praeceptum.
1511 2093 1681 2124 fortassis
1705 2103 1744 2123 ex
1768 2091 1852 2124 aulis
1872 2092 2000 2134 Regum
2024 2098 2156 2123 sumunt

145 2143 236 2168 certe
261 2137 357 2167 nobis
375 2146 507 2177 quoque
528 2137 647 2168 dictum
671 2142 731 2167 est.
766 2136 807 2168 Et
825 2137 943 2168 Esaias
962 2137 1006 2168 ait
1018 2138 1122 2173 xi.²³)
1147 2151 1151 2170 ι
1174 2136 1262 2166 hunc
1286 2136 1451 2172 ordinem,
1481 2136 1535 2166 vbi
1559 2136 1672 2166 amicis
1696 2136 1976 2167 intercessoribus
2000 2136 2154 2167 viendum

145 2179 179 2210 ln
204 2180 256 2210 die
289 2177 363 2214 illa,
398 2180 498 2210 stabit
528 2180 621 2210 radix
648 2180 756 2217 lesse,
778 2181 810 2211 in
835 2181 964 2221 signum
987 2177 1123 2220 populo·
1147 2181 1149 2212 Ἰ

144 2233 234 2259 rum,
267 2222 373 2263 ipsum
397 2228 514 2263 gentes
546 2223 820 2262 deprecabuntur.
867 2223 905 2253 Et
930 2222 1018 2253 Psal.
1042 2221 1122 2261 xliij.
1148 2223 1149 2253 3

145 2264 280 2296 Vultum
311 2272 399 2296 tuum
429 2265 695 2306 deprecabuntur
723 2275 836 2296 omnes
865 2266 981 2297 diuites
1005 2263 1123 2306 plebis.
1148 2284 1149 2293 1

146 2307 186 2338 Et
222 2307 310 2339 Psal.
343 2306 418 2338 lxxi.
477 2307 515 2338 Et
554 2308 738 2339 adorabunt
770 2318 844 2339 eum
877 2319 992 2339 omnes
1026 2318 1124 2349 reges

148 2357 267 2382 terrae.
311 2350 353 2382 Et
383 2349 482 2391 paulo
508 2357 601 2390 post,
633 2351 773 2381 orabunt
797 2361 906 2382 coram
930 2361 970 2382 eo
994 2351 1124 2391 iugiter,

147 2392 187 2423 Et
211 2393 279 2425 loh.
301 2404 331 2424 v.
362 2394 465 2435 inquit
488 2392 660 2430 Christus,
689 2392 733 2424 Vt
763 2403 878 2424 omnes
907 2394 1125 2426 honorificent

149 2539 196 2567 22)
215 2538 405 2571 misericordia]
425 2539 473 2563 Ed.
493 2541 517 2563 4.
537 2542 640 2569 utroque
659 2539 724 2562 loco:
744 2539 937 2563 misericordiae

150 2582 197 2611 23)
217 2583 253 2605 ait
271 2582 318 2613 xi.]
340 2581 420 2606 Editt.
440 2582 464 2605 2.
485 2583 507 2606 4.
528 2583 602 2607 male:
623 2583 660 2606 ait
677 2581 702 2605 9.
723 2583 780 2606 item
798 2581 846 2605 Ed.
867 2581 905 2605 3.:
925 2588 996 2605 nono
1015 2582 1060 2611 ait,
1080 2582 1126 2612 (Ie-

219 2618 287 2647 9itur
306 2616 370 2639 locun
389 2617 479 2640 citat-u
497 2616 545 2640 les.
566 2618 607 2646 11,
627 2616 682 2646 10.)

1174 2186 1236 2210 est.
1281 2180 1326 2210 At
1354 2179 1381 2209 si
1407 2178 1477 2209 Rex
1500 2179 1707 2210 constituerit
1737 2184 1861 2209 certum
1886 2179 2155 2216 intercessorem,

1175 2232 1240 2253 non
1266 2220 1354 2252 volet
1377 2222 1419 2252 ad
1442 2231 1480 2252 se
1504 2231 1625 2253 causas
1648 2232 1707 2262 per
1729 2220 1813 2252 alios
1837 2218 1967 2252 deferri.
2013 2219 2060 2251 lta
2079 2231 2153 2252 cnm

1175 2264 1327 2295 Christus
1362 2265 1404 2295 sit
1444 2266 1643 2296 constitutus
1685 2265 1888 2295 intercessor
1921 2270 1950 2294 et
1988 2262 2153 2301 Pontifex,

1176 2318 1235 2339 cur
1257 2308 1443 2348 quaerimus
1463 2306 1567 2338 alios?
1602 2306 1729 2337 Passim
1751 2313 1927 2346 vsurpatur
1947 2306 2030 2337 haec
2048 2305 2153 2337 forma

1176 2349 1406 2381 absolutionis-
1463 2349 1579 2381 Passio
1608 2349 1740 2380 Domini
1781 2350 1886 2380 nostri
1915 2349 1988 2380 lesu
2019 2347 2152 2386 Christi,

1176 2394 1289 2424 merita
1314 2393 1525 2424 beatissimae
1548 2393 1684 2433 virginis
1704 2392 1840 2429 Mariae,
1865 2398 1894 2422 et
1915 2391 2056 2422 omnium
2076 2401 2151 2423 san-

1177 2442 1304 2467 ctorum
1327 2436 1391 2466 sint
1415 2436 1469 2467 tibi
1500 2437 1531 2466 in
1563 2436 1790 2466 remissionem
1820 2441 2044 2475 peccatorum.
2090 2434 2152 2465 Hic

1177 2574 1223 2605 24)
1242 2580 1287 2605 per
1307 2572 1358 2604 ea,]
1378 2572 1457 2596 Eam.
1477 2573 1566 2596 2···4.:
1587 2576 1688 2603 propter
1707 2579 1747 2601 en,

1178 2616 1224 2647 25)
1245 2616 1390 2645 liberatum]
1410 2615 1456 2638 Ed.
1477 2615 1515 2638 3.:
1534 2614 1664 2638 liberator.
