2366 2958
237 190 303 222 623

238 283 329 326 liquo
351 281 475 325 populo
498 281 629 314 exhibet
653 291 775 323 corpus
798 288 831 314 et
853 282 1048 324 sanguinem
1070 282 1222 327 Domini,—

681 188 796 222 PfflL.
818 187 924 220 MEL.
947 187 1134 220 SCRIPTA
1156 187 1425 221 DOGMA'HCA
1446 187 1502 219 ΕΤ
1524 187 1800 221 SYMBOLtcA.

2180 189 2245 224 624

1265 292 1339 314 men
1363 281 1468 313 Missa
1486 281 1645 313 Deutero.
1663 283 1729 313 xvi.
1765 283 1819 314 vbi
1842 283 2008 325 significat
2032 282 2243 323 collationes,

238 328 325 358 sicut
364 335 449 357 vnus
489 325 638 356 minister
672 325 798 356 docens
830 324 963 356 exhibet
996 323 1213 367 Euangelium
1265 335 1325 356 seu
1348 333 1486 356 munera
1504 323 1626 364 populi,
1648 335 1716 356 non
1734 324 1934 357 oblationem
1952 327 2148 358 sacerdotis.
2178 327 2243 359 De-

237 367 378 411 populo,
407 369 494 400 sicut
515 368 560 399 ait
584 365 716 398 Paulus.
751 367 809 399 Sic
832 377 894 399 nos
918 367 1080 399 existimet
1102 369 1213 406 homo,

238 418 393 453 tanquam
416 411 583 441 ministros
607 410 748 447 Christi,
771 417 803 441 et
826 410 876 440 dis
901 418 1076 442 ensatores
1100 421 1213 442 sacra·

238 460 421 486 mentorum
444 452 524 490 Dei,
559 452 622 484 hoc
646 459 708 485 est,
744 452 880 495 Euange
894 453 935 494 ij,
969 459 1001 484 et
1023 463 1212 485 sacramen-

237 503 356 528 torum.
396 495 436 526 Et
457 496 501 537 .ij.
520 494 667 526 Corinth.
689 506 718 526 v.
765 494 904 537 Propter
933 506 1065 527 causam
1089 495 1212 527 Christi

237 539 402 581 legatione
431 537 596 580 fungimur
625 543 781 579 tanquam
802 537 877 569 Deo
912 548 970 580 per
1004 548 1066 569 nos
1094 539 1214 570 adhor-

237 589 343 618 tante,
376 591 533 622 rogamus
561 579 684 612 Christi
712 591 833 619 causa,
867 580 1124 613 reconciliamini
1148 588 1211 612 etc.

237 624 284 655 lta
315 630 392 665 apte
421 624 560 665 quadrat
590 633 706 654 nomen
736 625 902 665 λειτουργία
925 625 966 655 ad
989 624 1212 655 ministerium.

235 666 295 698 Est
320 666 404 697 enim
434 668 528 697 vetus
557 667 693 697 verbum
721 674 912 708 vsurpatum
941 669 972 697 in
996 666 1138 708 publicis
1160 667 1214 697 mi-

236 709 383 750 nisterijs
408 708 571 746 ciuilibuS,
596 719 637 740 ac
661 708 828 751 significat
851 710 1009 747 Graecis,
1033 719 1133 740 onera
1157 719 1213 750 pu-

237 751 335 789 blica,
360 753 443 783 sicut
467 752 632 789 tributum,
655 759 819 792 sumptum
844 753 1056 783 instruendae
1080 750 1212 788 classis,

235 801 292 826 aut
314 793 441 829 similia,
464 800 499 824 vt
520 800 660 825 testatur
682 795 786 825 oratio
801 796 854 831 ³⁶)
879 794 1114 825 Demosthenis
1137 794 1215 834 πρὸς

236 841 402 874 Λεπτίνην,
431 847 516 878 quae
547 844 617 868 tota
639 838 842 868 consumitur
864 837 896 867 in
920 837 1151 878 disputacione
1173 837 1214 867 de

236 878 378 921 publicis
406 881 596 911 muneribus
625 887 658 910 et
680 879 948 917 immunitatibus,
976 875 1066 920 φήσει
1089 879 1120 909 δὲ
1144 878 1214 909 ἅνα-

236 926 314 961 ζίσυς
343 922 424 958 τινάς
452 918 636 963 ἀνθρώπους
664 922 835 962 εὑρομένους
869 921 1004 953 ἀτέλειαν
1032 921 1215 952 ἐκδεδυκέναι

236 965 287 1000 τὰς
310 967 510 1006 λειιουργίας,
534 966 566 996 id
590 972 656 999 est,
688 965 774 996 dicet
796 964 950 1006 indignos
973 965 1135 1006 quosdam
1157 963 1216 996 ho-

236 1010 341 1044 mines
364 1008 497 1038 inuenta
519 1008 721 1039 immunitate
745 1008 928 1039 detrectare
951 1006 1084 1048 publica
1103 1017 1215 1039 onera.

236 1050 277 1081 Et
298 1050 348 1081 sic
371 1049 528 1081 Romanis
553 1051 756 1090 temporibus
779 1048 879 1081 locuti
902 1056 990 1088 sunt,
1013 1055 1049 1081 vt
1071 1050 1217 1081 ostendit

237 1093 433 1134 rescriptum
467 1092 651 1124 Pertinacis
682 1092 726 1124 .ff.
761 1093 802 1123 de
830 1093 900 1124 iure
933 1092 1144 1124 immunitatis
1177 1092 1215 1123 L.

237 1135 386 1177 Semper.
402 1137 456 1168 ²¹⁷)
480 1137 507 1165 εἰ
528 1137 577 1165 καὶ
599 1134 640 1174 μή
661 1137 768 1166 πασῶν
791 1138 978 1177 λειτουργιῶν
1000 1135 1067 1171 τούς
1089 1139 1217 1176 πατέρας

236 1178 253 1209 ὁ
272 1179 329 1209 τῶν
352 1182 457 1208 τέκνων
486 1177 622 1219 α’ριθμός
644 1177 767 1210 ἀνεῖται.
815 1178 887 1210 Etsi
916 1188 982 1210 non
1017 1177 1137 1210 liberat
1160 1189 1216 1219 pa-

237 1228 349 1252 rentes
369 1221 520 1252 omnibus
545 1221 702 1252 oneribus
724 1220 865 1262 publicis
885 1231 1040 1252 numerus
1055 1227 1216 1252 natorum.

238 1263 279 1295 Et
323 1264 586 1295 Commentarius
620 1262 856 1295 Demosthenis
889 1265 1006 1296 scribit
1037 1267 1217 1304 λειτουργίαν

238 1317 343 1348 genus
366 1316 444 1337 esse
466 1307 674 1343 tributorum,
697 1313 851 1347 sumptus
879 1305 1043 1344 ludorum,
1066 1316 1138 1338 sum
1164 1313 1216 1338 tus

238 1349 503 1380 instruendarum
517 1350 659 1387 nauium,
671 1350 807 1381 curandi
820 1350 998 1391 gymnasij,
1017 1355 1049 1381 et
1063 1349 1135 1380 simi
1152 1350 1216 1380 ium

237 1390 442 1434 publicarum
470 1392 685 1423 curationum.
731 1391 772 1422 Et
793 1390 917 1423 Paulus
940 1403 1001 1434 pro
1038 1390 1216 1423 collatione

238 1435 410 1476 vsurpauit
428 1435 472 1465 .i’.
495 1433 642 1466 Corinth.
670 1436 712 1466 ix.
758 1434 914 1466 Officium
944 1435 1041 1467 huius
1070 1433 1216 1466 collatio-

238 1478 290 1509 nis
313 1488 378 1508 non
402 1487 440 1508 so
456 1488 508 1509 um
532 1477 663 1518 supplet
687 1488 726 1508 ea
749 1487 833 1519 quae
852 1478 971 1509 desunt
989 1479 1126 1515 sanctis,
1149 1477 1217 1509 Sed

236 1521 334 1552 etiam
358 1518 478 1558 efficit,
510 1526 543 1551 vt
566 1519 679 1561 piures
702 1519 777 1552 Deo
802 1521 943 1552 vbertim
965 1527 1067 1563 agant
1091 1521 1216 1562 gratias

237 1570 300 1594 etc.
355 1562 396 1594 Et
427 1561 658 1604 Philippenses
690 1563 733 1604 .ij.
775 1561 922 1605 appellat
955 1562 1217 1604 Epaphroditum

236 1605 402 1647 λειτουργὸν
436 1606 618 1637 ministrum
652 1606 865 1638 necessitatis
899 1615 998 1643 suae,
1037 1606 1093 1637 vbi
1129 1611 1218 1636 certe

236 1654 331 1680 non·
361 1655 448 1680 otest
481 1647 618 1691 intelligi
653 1647 873 1680 sacrificulus.
919 1648 987 1680 Sed
1021 1647 1100 1680 nihil
1132 1657 1217 1689 opus

237 1699 290 1723 est
317 1702 338 1732 p
354 1693 466 1723 uribus
497 1693 711 1731 testimonijs,
725 1690 816 1723 'cum
840 1689 992 1732 exempla
1015 1692 1137 1733 vbique
1159 1691 1217 1721 ob-

237 1735 291 1766 uia
320 1735 387 1765 siut
414 1733 603 1776 legentibus
633 1735 784 1766 Graecos
813 1735 1014 1775 scriptores,
1043 1734 1074 1764 in
1099 1734 1217 1775 quibus

239 1780 401 1817 λειτουργία
426 1784 603 1818 vsurpatur
626 1788 686 1818 pro
709 1775 848 1818 publicis
872 1777 1028 1808 oneribus
1052 1775 1217 1814 ciuilibus,

238 1830 296 1851 seu
322 1820 523 1860 ministerijs.
569 1819 609 1850 Et
633 1826 767 1861 propter
786 1819 1025 1861 diphthongum
1049 1818 1218 1850 Gramma-

238 1863 294 1894 tici
328 1873 393 1894 non
423 1863 587 1893 deducunt
617 1873 637 1893 a
665 1862 744 1900 λιιὴ,
778 1863 866 1904 quod
893 1862 1058 1904 significat
1088 1871 1218 1903 preces,

240 1906 306 1938 Sed
330 1916 350 1936 a
374 1904 514 1947 publicis
540 1905 653 1943 bonis,
708 1916 770 1937 uae
794 1912 915 1937 vocant
937 1908 1016 1936 λεΐῐα
1039 1911 1074 1936 vt
1096 1906 1139 1936 sit
1162 1907 1219 1935 λει-

237 1952 362 1990 ιουργὲω
386 1958 478 1986 cum,
505 1954 609 1979 tracto
633 1949 698 1989 pub
715 1949 766 1979 ica
789 1949 888 1979 bona.

324 1997 406 2030 lllud
430 2005 480 2030 est
511 1997 681 2030 ridiculum
701 1999 788 2041 quod
808 2006 1082 2041 argumentantur
1100 1998 1217 2030 altaris

238 2042 435 2074 mentionem
460 2042 529 2073 fieri
553 2043 583 2073 in
608 2043 713 2072 sacris
738 2042 859 2076 literis.
885 2052 987 2083 quare
1012 2052 1151 2073 necesse
1175 2043 1215 2072 sit
1240 2035 1245 2097 Ι

238 2084 376 2116 Missam
400 2095 476 2116 esse
500 2085 712 2121 sacrificium,
736 2095 809 2116 cum
832 2085 994 2126 parabola
1018 2084 1134 2115 altaris
1159 2095 1217 2126 per

238 2127 481 2159 similitudinem
504 2138 523 2158 a
547 2126 651 2158 Paulo
681 2128 808 2159 citetur.
860 2128 899 2159 Et
924 2128 1060 2159 Missam
1090 2128 1217 2169 tingunt

239 2172 357 2202 dictam
386 2172 427 2201 ab
456 2169 551 2201 altari
580 2177 692 2211 [7210.
739 2171 905 2206 Quorsum
937 2181 1020 2211 opus
1051 2178 1122 2202 erat
1151 2177 1216 2201 tam

238 2213 353 2255 procul
378 2223 552 2244 accersere
576 2212 822 2286 etymoloffiam,
846 2214 906 2244 nisi
931 2212 1088 2245 volebant
1107 2221 1217 2244 osten-

239 2264 310 2287 tare
340 2257 509 2287 scientiam
540 2255 699 2287 Ebraicae
746 2257 885 2297 inguae?
937 2256 1103 2291 Quorsum
1132 2266 1216 2297 opus

239 2306 289 2331 est
323 2298 438 2340 procul
469 2309 630 2341 quaerere
660 2298 916 2341 etymologiam?
949 2310 1021 2330 rum
1045 2306 1135 2331 extet
1159 2310 1216 2330 no-

241 2463 286 2493 BG)
307 2463 402 2493 oratio]
422 2463 468 2486 Ed.
490 2464 512 2486 3.
535 2462 608 2486 mule:
630 2464 694 2486 ratio

241 2506 286 2536 87)
307 2506 334 2529 L.
354 2504 481 2537 Semper]
501 2504 558 2528 haec
578 2506 617 2528 lu
639 2515 653 2527 η
674 2513 742 2529 rnre:
763 2505 868 2536 Semper
894 2506 1026 2536 incipiens,
1053 2514 1077 2527 m
1096 2514 1142 2536 qun
1161 2504 1215 2528 eub-
1241 2513 1244 2546 ί

310 2544 431 2571 uolnerum
451 2539 523 2563 wem
543 2547 635 2570 ymera
656 2544 817 2567 unt-emuntur.
837 2540 930 2571 leydlur
953 2547 978 2562 ιιι
1004 2539 1116 2567 tngo-1.-
1143 2538 1177 2567 (h.
1200 2540 1214 2563 Ι,

310 2579 335 2598 u!
354 2574 414 2597 alab-⁷
439 2575 501 2604 ιιφΙιι
527 2574 551 2597 il'⁴
577 2576 737 2606 atyn-fictum)
763 2573 790 2597 L.
813 2577 848 2598 tit.
871 2573 915 2597 Vl.
940 2575 1072 2605 inserimur:
1099 2573 1137 2596 Do
1162 2575 1216 2597 iuro

311 2610 493 2634 immunitam.
521 2616 574 2639 vap.
595 2609 618 2631 ὁ.
645 2608 733 2639 (stirp.
762 2617 809 2632 tur.
834 2609 905 2633 civit.
932 2608 970 2631 ed.
999 2608 1034 2632 ln,
1060 2608 1124 2633 Lud.
1148 2609 1215 2632 Guil.

312 2643 389 2666 Beck.
408 2644 479 2665 Tum.
503 2643 519 2665 l.
544 2643 570 2666 P.
592 2643 622 2665 ll.
644 2651 665 2673 p.
691 2644 750 2666 llll
774 2645 835 2674 nup).

1267 368 1389 399 bebant
1422 367 1507 397 enim
1550 366 1670 409 singuli
1710 369 1880 400 venientes
1913 369 1955 400 ad
1989 367 2242 401 celebrationem

1268 411 1395 441 Pascae
1428 408 1561 450 aliquod
1596 419 1732 448 manua,
1768 412 1862 452 quasi
1891 411 2078 453 symbolam
2111 412 2242 444 afferre.

1266 453 1361 484 Hunc
1383 461 1506 483 morem
1529 453 1619 483 initio
1642 453 1844 485 retinuerunt
1867 461 1899 485 et
1921 453 2109 485 Christiani.
2155 453 2243 486 Con·

1265 495 1435 527 uenientes
1464 494 1645 526 afferebant
1673 505 1796 536 panes,
1827 498 1956 534 vinum,
1980 502 2011 528 et
2035 496 2115 535 alia,
2138 504 2172 527 vt
2195 504 2243 528 te-

1265 543 1394 569 stantur
1433 536 1588 569 Canones
1626 537 1872 579 Apostolorum.
1936 539 2014 570 lnde
2053 541 2245 572 sumebatur

1265 591 1343 622 pars
1366 590 1451 622 quae
1475 587 1739 613 consecraretur.
1786 580 1957 624 Reliquum
1986 582 2244 614 distribuebatur

1265 624 1482 665 pauperibus,
1512 622 1594 654 Cum
1625 623 1689 655 hoc
1716 633 1808 655 more
1835 625 2036 656 retinuerunt
2068 631 2101 655 et
2123 635 2243 656 nomen

1266 664 1498 703 collationum,
1529 665 1642 697 Missa.
1694 665 1735 697 Et
1763 673 1898 707 propter
1927 668 2014 698 tales
2043 666 2244 699 collationes

1266 715 1402 749 apparet
1424 709 1520 740 etiam
1543 708 1663 740 alicubi
1694 708 1831 740 Missam
1861 710 1981 740 dictam
2006 719 2084 741 esse
2112 709 2244 749 ἀγάπην,

1265 751 1328 781 nisi
1352 751 1426 792 quis
1450 750 1574 783 mauult
1604 753 1648 782 ita
1672 752 1791 783 dictam
1815 761 1892 784 esse
1914 759 2050 794 propter
2072 763 2244 785 commune

1266 794 1469 828 conuiuium,
1499 794 1558 825 sed
1587 795 1776 825 omittamus
1804 794 1866 826 has
1895 804 2014 837 nugaS.
2062 794 2245 827 Ridiculum

1266 842 1315 866 est
1345 836 1430 867 enim
1459 837 1670 868 aduersarios
1693 837 1724 868 in
1750 847 1785 868 re
1807 844 1915 875 tanta,
1943 838 2026 869 adeo
2050 836 2143 870 leues
2165 848 2244 869 con·

1266 879 1410 909 iecturas
1431 878 1562 911 afferre.
1608 879 1692 910 Nam
1716 880 1811 911 etiam
1835 881 1862 911 ai
1883 880 1987 911 Missa
2011 881 2130 912 dicitur
2153 879 2245 912 obla-

1266 921 1327 959 tio,
1357 921 1435 962 quid
1459 919 1539 952 facit
1560 921 1758 954 vocabulum
1781 923 1822 954 ad
1851 922 1907 954 illa
1929 924 2057 954 somnia
2081 925 2122 955 de
2144 933 2245 965 opere

1267 969 1404 1004 operato
1433 969 1467 994 et
1501 962 1719 1005 applicatione
1748 976 1845 1007 quam
1869 966 1997 1008 fingunt
2023 964 2097 1006 alijs
2126 966 2245 998 mereri

1267 1006 1492 1037 remissionem
1521 1008 1754 1047 peccatorum?
1807 1007 1849 1039 Et
1876 1014 1985 1049 potest
2015 1008 2140 1040 oblatio
2169 1009 2246 1048 dici,

1268 1056 1445 1090 propterea
1473 1049 1550 1090 quia
1579 1050 1622 1080 ibi
1646 1049 1828 1081 offeruntur
1850 1052 2036 1089 orationes,
2065 1052 2246 1093 gratiarum

1266 1092 1413 1123 actiones
1438 1097 1471 1123 et
1492 1097 1582 1123 totus
1605 1091 1660 1124 ille
1684 1091 1812 1130 cultus,
1837 1093 1923 1124 sicut
1945 1099 1978 1124 et
2000 1094 2176 1134 εὐχαριστία
2200 1094 2246 1125 di·

1268 1135 1371 1172 citur,
1402 1133 1525 1166 Verum
1560 1145 1667 1177 neque
1690 1135 1916 1173 ceremoniae,
1947 1145 2056 1177 neque
2078 1137 2246 1168 orationes

1268 1186 1308 1208 ex
1345 1187 1446 1218 opere
1481 1184 1619 1218 operato
1650 1178 1722 1209 sine
1752 1177 1816 1209 fide
1845 1184 1995 1219 prosunt.
2051 1178 2248 1219 Quanquam

1267 1229 1330 1251 nos
1353 1219 1407 1251 hic
1430 1229 1495 1251 non
1518 1220 1560 1251 de
1588 1221 1809 1259 orationibus,
1839 1221 1900 1252 sed
1922 1222 2054 1263 proprie
2077 1221 2119 1252 de
2141 1230 2248 1253 coena

1268 1261 1400 1294 Domini
1423 1263 1641 1304 disputamus.
2260 1274 2263 1280 “

1355 1304 1505 1337 Graecus
1525 1304 1641 1337 Canon
1662 1306 1758 1337 etiam
1777 1305 1879 1337 multa
1897 1307 1985 1344 dicit,
2008 1307 2049 1338 de
2057 1305 2247 1345 -oblatione,

1267 1348 1328 1379 sed
1358 1347 1466 1389 palam
1495 1349 1639 1380 ostendit
1672 1359 1710 1380 se
1742 1358 1808 1380 non
1837 1347 1926 1390 loqui
1955 1349 2089 1391 proprie
2111 1349 2154 1380 de
2176 1358 2249 1381 cor·

1267 1400 1349 1432 pore
1382 1396 1415 1422 et
1444 1391 1606 1433 sanguine
1633 1390 1782 1428 Domini,
1813 1392 1873 1423 sed
1902 1392 1942 1423 de
1972 1398 2041 1424 toto
2070 1391 2178 1429 cultu,
2207 1393 2249 1424 de

1268 1434 1422 1475 precibus
1455 1440 1487 1465 et
1521 1435 1699 1475 gratiarum
1732 1434 1931 1466 actionibus.
1994 1434 2052 1466 Sic
2084 1435 2170 1466 enim
2203 1436 2250 1466 ait

1267 1479 1318 1506 καὶ
1352 1481 1477 1514 ποίησον
1505 1476 1582 1515 ἡμᾶς
1615 1477 1717 1516 ἀξίους
1745 1480 1886 1515 γενέσθαι
1912 1479 1966 1508 τοῦ
1989 1481 2166 1518 προςφέρειν
2199 1489 2249 1508 σοι

1268 1518 1384 1557 δεήσεις
1417 1521 1468 1549 καὶ
1500 1521 1693 1555 instat-³³⁷¹)
1726 1521 1776 1549 καὶ
1806 1523 1918 1556 θυσίας
1945 1518 2143 1558 ἀναιμάκτους
2172 1519 2248 1562 ὑπὲρ

1267 1561 1378 1597 παντὸς
1390 1563 1476 1599 λαοῦ,
1489 1560 1577 1592 Nihil
1590 1561 1725 1593 offendit
1736 1568 1825 1592 recte
1838 1561 2052 1593 intellectum.
2071 1562 2155 1593 Orat
2163 1564 2249 1594 enim

1269 1614 1331 1634 nos
1352 1605 1472 1645 dignos
1494 1603 1594 1641 effici,
1617 1605 1660 1635 ad
1678 1604 1864 1635 offerendas
1884 1614 2015 1645 preceS,
2034 1610 2066 1636 et
2086 1603 2248 1646 supplica-

1269 1647 1377 1678 tiones
1401 1654 1432 1678 et
1457 1646 1586 1678 hostias
1600 1647 1791 1678 incruentas
1814 1657 1875 1688 pro
1891 1645 2026 1689 populo.
2057 1647 2142 1679 Nam
2155 1648 2249 1689 ipsae

1269 1699 1387 1729 preces
1421 1695 1521 1721 vocat
1553 1689 1682 1721 hostias
1711 1690 1914 1721 incruentas.
1968 1690 2060 1722 Sicut
2087 1697 2120 1721 et
2148 1689 2248 1731 paulo

1270 1738 1346 1772 post
1375 1733 1418 1763 ἔτι
1445 1736 1647 1774 προςφέρομέν
1677 1743 1725 1763 σοι
1750 1732 1801 1770 τήν
1823 1732 1941 1771 λογικῆν
1962 1733 2069 1771 ταύτην
2091 1735 2142 1763 καὶ
2165 1732 2250 1764 ἀναί-

1268 1787 1377 1814 μακτον
1405 1778 1550 1816 λατρείαν.
1596 1774 1771 1807 Offerimus
1800 1775 1901 1817 inquit
1924 1775 2013 1807 hunc
2041 1774 2249 1814 rationalem,

1268 1824 1301 1848 et
1331 1819 1536 1850 incruentum
1564 1816 1699 1850 cultum.
1746 1819 1858 1859 lnepte
1888 1818 1972 1849 enim
2000 1825 2170 1858 exponunt
2193 1819 2248 1859 qui

1268 1859 1322 1892 hic
1341 1859 1534 1892 rationalem
1552 1860 1695 1893 hostiam
1713 1859 1839 1892 malunt
1857 1862 2076 1902 interpretari.
2095 1867 2127 1892 et
2142 1868 2248 1892 trans·

1269 1903 1378 1935 serunt
1400 1904 1444 1935 ad
1466 1904 1573 1944 ipsum
1596 1914 1718 1945 corpus
1742 1902 1876 1941 Christi,
1899 1913 1973 1935 cum
1995 1903 2110 1935 Canon
2133 1902 2248 1945 loqua-

1269 1952 1321 1977 tur
1355 1947 1396 1977 de
1428 1952 1497 1977 toto
1531 1944 1637 1984 cultu,
1671 1952 1702 1977 et
1718 1947 1787 1979 ³⁷⁶)
1819 1946 1918 1985 λογικὴ
1948 1948 2069 1987 λατρεία
2099 1956 2119 1977 a
2143 1945 2247 1978 Paulo

1269 1990 1357 2021 dicta
1379 1990 1435 2027 sit,
1458 1995 1575 2021 contra
1598 1998 1683 2029 opus
1706 1994 1888 2028 operatum.
1913 1987 2076 2026 videlicet,
2099 1989 2140 2020 de
2158 1987 2249 2021 cultu

1268 2033 1397 2071 mentis,
1422 2033 1462 2063 de
1485 2033 1613 2069 timore,
1637 2031 1678 2062 de
1701 2030 1776 2068 fide,
1802 2032 1843 2062 de
1865 2032 2088 2070 inuocatione,
2111 2031 2152 2063 de
2174 2041 2246 2074 gra-

1270 2075 1386 2106 tiarum
1410 2075 1540 2106 actione
1559 2081 1623 2106 etc.

1354 2117 1451 2152 Quod
1481 2127 1560 2148 vero
1584 2115 1764 2148 defendunt
1793 2117 1980 2156 aduersarij
2012 2117 2117 2148 nostrl
2145 2115 2248 2158 appll-

1268 2160 1431 2192 cationem
1461 2161 1667 2192 ceremoniae
1698 2170 1757 2200 pro
1789 2157 1968 2191 liberandis
1995 2160 2170 2192 animabus
2192 2159 2247 2191 de-

1270 2202 1473 2240 functorum,
1503 2213 1567 2244 qua
1595 2213 1636 2234 ex
1665 2212 1701 2233 re
1729 2209 1901 2243 quaestum
1930 2202 2088 2234 infinitum
2111 2201 2247 2241 faciunt,

1269 2244 1360 2277 nulla
1383 2245 1504 2277 habent
1526 2246 1723 2282 testimonia,
1748 2243 1871 2276 nullum
1893 2246 2080 2277 mandatum
2104 2256 2145 2277 ex
2165 2246 2247 2276 scri·

1269 2289 1380 2330 pruris.
1429 2289 1543 2330 Neque
1566 2299 1645 2320 vero
1669 2296 1720 2319 est
1744 2287 1816 2319 leue
1840 2295 2011 2329 peccatum
2032 2286 2117 2319 tales
2137 2286 2247 2320 cultus

1268 2333 1341 2363 sine
1362 2333 1516 2363 mandato
1541 2331 1615 2369 Dei,
1637 2332 1708 2363 sine
1732 2330 1881 2372 exemplo
1906 2331 2108 2372 scripturae.
2129 2332 2160 2362 in
2186 2330 2247 2362 Ec-

1269 2373 1371 2405 clesia
1394 2376 1582 2410 instituere,
1617 2380 1649 2406 et
1679 2384 1814 2405 cot-nam
1841 2373 1971 2404 Domini
2001 2375 2182 2405 institutam
2204 2373 2247 2405 ad

1269 2419 1530 2449 recordationem
1554 2424 1585 2449 et
1609 2417 1885 2459 praedicationem
1909 2417 1991 2447 inter
2011 2418 2117 2454 vinos,
2139 2424 2247 2448 uane-

1269 2459 1355 2491 serre
1377 2461 1420 2491 ad
1444 2468 1603 2492 mortuos.
1652 2461 1722 2491 lloc
1745 2465 1796 2491 est
1819 2459 1908 2490 abuti
1933 2460 2063 2491 nomine
2080 2459 2143 2491 Dei
2167 2469 2246 2491 con·

1270 2599 1331 2627 8721)
1351 2598 1463 2629 Inois-<l
1486 2599 1534 2622 Ed.
1554 2599 1577 2621 t.
1598 2603 1647 2629 [γρ.
1669 2606 1729 2622 orn:
1750 2596 1851 2626 ἐτη-οἰκ

1270 2643 1333 2670 ΒῗΙι)
1353 2643 1388 2673 et]
1408 2650 1432 2664 m
1454 2642 1499 2665 Ed.
1522 2642 1545 2664 4.
1567 2641 1640 2665 deod.
