2366 2958
82 131 147 164 29⁷
446 131 485 162 ΙΙ.

83 225 176 256 diora
209 224 385 265 poterunt?

83 266 364 299 Communionem.
1031 297 1034 303 ,

168 309 210 340 Et
234 309 352 341 Canon
363 310 437 351 ipse
460 314 600 341 testatur
615 308 730 351 plures
743 320 783 341 ex
801 309 897 341 altari
916 320 1057 341 sumere.

81 352 176 384 Haec
200 362 274 384 cum
297 362 364 384 non
387 352 549 393 quadrent
572 352 614 382 ad
637 353 783 393 priuatas
814 353 951 391 missas,
982 353 1058 384 sub-

80 394 245 434 indicant,
278 405 400 427 nouum
434 404 511 426 esse
539 404 664 426 morem
688 395 835 436 priuatas
862 394 982 426 missas
1006 405 1059 426 ce-

81 436 244 470 lebrandi.

169 480 236 512 Sed
255 479 340 511 haec
363 486 455 510 tanta
477 489 580 511 causa
608 490 675 511 non
699 486 750 511 est
778 480 953 511 iudicanda
983 489 1060 510 con-

81 523 229 554 iecturis.
276 522 392 563 Neque
414 522 455 553 de
476 523 607 556 nomine
632 523 702 554 rixa
725 528 787 553 est.
827 523 957 553 Scimus
981 522 1059 552 Mis-

81 574 152 596 sam
174 575 193 596 a
215 565 384 596 veteribus
413 567 527 596 vocari
562 565 776 601 sacrificium,
811 566 885 606 quia
921 566 960 595 sit
995 575 1060 596 me-

81 608 185 639 moria
209 606 364 648 sacrificij
389 606 524 646 Christi,
547 614 582 638 vt
605 607 760 640 irenaeus
783 607 838 638 ait.
879 607 951 638 Nec
970 608 1058 639 inuiti

82 651 296 682 concedimus
330 651 455 681 sanctis
490 651 639 691 patribus
673 648 927 691 appellationem
962 651 1061 681 sacr?-

81 692 158 735 ficij.
204 693 279 723 Non
305 693 388 724 enim
413 692 581 735 litigamus
605 703 676 724 cum
700 691 777 723 illis.
824 693 891 724 Sed
916 703 988 723 cum
1012 703 1060 724 re-

82 736 306 773 centioribus,
342 736 396 777 qui
425 735 511 767 male
544 734 714 767 intellecto
744 737 876 767 nomine
903 735 1059 777 sacrificij

80 778 277 809 inuexerunt
302 779 472 819 opiniones
493 783 525 809 et
549 777 658 810 cultus
683 778 761 818 (fol.
792 778 862 813 35¹¹)
886 779 918 809 in
944 776 1060 809 Eccle-

81 820 163 852 siam
187 821 327 852 maxime
344 827 530 862 pugnantes
555 831 628 852 cum
652 820 846 862 Euangelio.

167 862 220 895 De
240 865 288 899 ¹⁵)
312 863 532 904 applicatione
555 862 734 906 litigamuS,
753 870 859 894 vtrum
879 862 991 895 Coena
1010 866 1059 899 ¹⁶)

81 906 125 936 sit
147 916 243 947 opus,
267 906 356 947 quod
384 911 548 937 mereatur
575 908 623 937 eis
642 908 691 944 ¹⁷)
721 907 860 948 gratiam
890 916 930 937 ex
959 916 1061 947 opere

81 954 230 989 operato.
250 950 301 986 ¹5)
357 948 410 979 De
442 948 506 980 hac
539 959 576 980 re
600 951 649 988 ¹⁹)
684 960 758 981 cum
791 950 1061 981 aduersariorum

80 989 155 1022 libri
178 990 266 1032 pleni
290 991 366 1025 sint,
389 990 515 1023 nullum
540 997 649 1023 tamen
678 999 787 1033 potest
819 1003 858 1023 ex
882 991 949 1023 vllo
980 992 1061 1023 scri-

78 1039 175 1075 ptore
219 1032 456 1065 Ecclesiastico
501 1035 606 1065 veteri
649 1034 788 1075 proferri
831 1035 1062 1072 testimonium,

79 1077 168 1118 quod
191 1075 296 1108 Missa
321 1087 363 1107 ex
385 1087 487 1117 opere
519 1084 656 1117 operato
686 1086 853 1108 mereatur
880 1076 955 1119 alijs
986 1087 1061 1119 gra-

79 1120 167 1150 tiam.
201 1119 285 1150 Nam
309 1119 371 1150 hae
394 1120 607 1161 prodigiosae
629 1121 803 1161 opimones
826 1127 857 1151 et
880 1119 964 1151 haec
987 1130 1061 1162 pro-

80 1161 211 1203 digiosa
234 1160 398 1193 vocabula
423 1163 568 1193 recentia
591 1169 668 1193 sunt
692 1168 722 1194 et
742 1164 931 1205 excogitata
955 1173 974 1194 a
992 1173 1061 1194 mo-

78 1203 213 1241 nachis,
246 1205 302 1245 qui
335 1203 473 1236 Missam
502 1205 543 1236 ad
573 1204 775 1247 sacrilegum
808 1212 981 1247 quaestum
1009 1215 1060 1236 re-

78 1245 232 1278 tulerunt.
249 1248 301 1281 2⁰)

167 1287 264 1323 Quod
298 1295 408 1320 autem
443 1289 548 1320 Missa
579 1289 747 1331 applicata
774 1301 836 1331 pro
877 1290 952 1332 alijs
994 1300 1059 1321 non

439 223 593 256 Ecclesia
625 231 725 256 vocat
758 224 926 268 Synaxin,
959 231 1058 257 vocat

80 1336 245 1362 mereatur
268 1331 317 1362 eis
337 1332 494 1373 gratiam,
515 1333 598 1363 satis
621 1338 673 1363 est
702 1339 852 1373 repetere
883 1344 981 1364 mam
1009 1343 1061 1364 ra·
1082 1337 1089 1362 θ
1111 1324 1211 1374 mint·
1715 1368 1722 1375 ‚

1083 1365 1087 1417 l
1111 1372 1213 1397 menti
1235 1366 1382 1398 assuefit.
1427 1367 1524 1408 Apud
1552 1368 1764 1399 aduersarios
1794 1370 1962 1402 rarissime
1989 1371 2090 1402 vtitur

78 1373 212 1405 tionem.
268 1372 433 1406 Doctrina
466 1373 696 1415 applicationis
729 1374 902 1406 manifeste
935 1381 1061 1417 pugnat

78 1425 152 1448 cum
185 1415 370 1458 Euangelio
405 1421 438 1447 et
470 1417 600 1448 iusticia
633 1417 720 1448 fidei.
775 1417 858 1449 Nam
894 1419 1059 1459 scriptura

77 1459 195 1498 docet,
216 1468 281 1490 nos
303 1458 476 1491 iustificari
500 1459 578 1498 fide,
600 1470 670 1491 non
700 1470 761 1501 per
786 1470 900 1501 opera.
944 1461 1012 1493 Sed
1031 1461 1059 1492 si

98 1501 183 1533 lissa
205 1507 349 1534 meretur
371 1501 466 1534 alteri
490 1503 647 1544 gratiam,
676 1503 807 1534 iusticia
836 1510 888 1535 est
917 1514 958 1535 ex
980 1513 1059 1545 ope-

75 1545 188 1583 ribus,
210 1555 277 1576 non
300 1554 341 1576 ex
364 1544 448 1583 fide,
483 1545 558 1585 (fol,
583 1546 652 1583 37³)
686 1553 766 1577 tunc
798 1545 952 1578 videlicet
984 1556 1059 1579 sen-

78 1587 168 1619 ciunt
190 1586 330 1619 alterum
352 1588 544 1619 necessario
573 1589 735 1630 consequi
759 1589 900 1631 gratiam
923 1596 1059 1632 propter

78 1639 163 1671 opus
182 1628 333 1669 alterius,
356 1631 455 1663 modo
478 1640 546 1662 non
564 1637 666 1672 ponat
689 1631 828 1663 obicem.
845 1633 898 1673 21)

78 1775 124 1806 15)
141 1775 194 1808 De]
221 1779 275 1808 pou
299 1775 360 1800 hanc
389 1783 470 1801 vocem
496 1775 692 1800 Melanthea
716 1777 740 1800 in
763 1766 870 1801 duelf.
901 1778 926 1802 ιἰι
949 1779 1059 1809 maryt'ne

146 1810 256 1834 addidit:
274 1811 369 1834 merito
389 1815 428 1840 et,
448 1811 529 1842 iraque
547 1810 666 1835 Onold.
693 1814 715 1836 et
739 1810 848 1842 Chytr.
874 1812 899 1835 «ἠ
923 1815 992 1836 textu
1015 1811 1058 1836 ha-

148 1844 214 1869 bent:
233 1845 275 1869 De
293 1845 386 1868 merito
406 1849 431 1868 et
448 1845 623 1876 applicatione

78 1886 125 1920 16)
143 1886 243 1919 Coena]
258 1890 315 1920 post
331 1886 394 1912 lianc
410 1895 490 1912 vocem
514 1887 714 1911 Melanthon
739 1887 801 1912 ibid.
828 1889 853 1911 in
878 1890 991 1920 marqine
1013 1889 1057 1913 ad-

146 1921 259 1953 script-⁴8:
278 1921 395 1952 Domini,
413 1922 488 1946 simui
506 1923 579 1947 etiam
596 1923 622 1945 in
641 1921 758 1946 Onold.
780 1926 802 1946 et
820 1921 933 1953 Chytr.
954 1924 1057 1954 lequur:

146 1962 229 1979 coena
247 1956 346 1980 domini

79 1998 125 2030 17)
145 1998 193 2030 eis]
220 1997 264 2022 hoc
287 2006 359 2031 pron.
388 1998 581 2023 Melanthon
608 1999 634 2022 in
663 1998 806 2031 apoqrapho
835 1998 934 2032 Spalat.
961 2000 1057 2030 delerit,

146 2036 296 2065 quapropter
313 2040 390 2065 neque
406 2034 432 2057 t'n
450 2033 585 2063 Onold.,
604 2041 681 2065 neque
697 2034 723 2056 in
742 2033 853 2065 Chytr.
874 2035 1004 2059 invenitur.

79 2074 125 2106 18)
144 2075 274 2107 operato]
288 2079 345 2108 post
363 2074 424 2100 banc
443 2084 522 2100 vocem
545 2076 739 2100 Melanthon
764 2077 789 2100 ιἰι
813 2076 923 2101 Guelf.
951 2078 974 2100 in
993 2086 1057 2101 mar—

146 2110 203 2142 qu'ne
220 2109 335 2134 addidit:
353 2109 418 2134 Item
444 2111 513 2142 quod
537 2111 692 2142 applicatum
715 2118 762 2142 pro
788 2111 845 2143 alijs
871 2116 982 2135 meretur
1007 2112 1058 2136 illis
1082 2126 1087 2164 Ι

146 2145 262 2175 graciam
288 2151 320 2168 ex
343 2152 421 2176 opere
446 2149 564 2176 operato.
605 2144 675 2170 Haec
698 2144 773 2169 verba
797 2146 869 2170 etiam
892 2147 918 2169 in
942 2146 1056 2171 Onoid⁴

146 2183 168 2203 et
187 2178 297 2210 Chytr.
318 2182 430 2209 exuant,
449 2179 494 2204 sed
505 2179 634 2212 paululum
658 2182 767 2209 mndata,
786 2187 836 2211 pro
860 2185 972 2205 meretur
996 2181 1058 2205 em'm

146 2213 171 2236 t'n
191 2217 290 2245 utroque
309 2213 412 2245 leqitur:
432 2218 577 2244 mereatur,
601 2218 624 2238 α
642 2221 688 2237 voa:
713 2213 765 2237 inis
787 2215 813 2237 in
837 2214 948 2246 Chytr.
967 2216 1058 2240 omina

78 2289 124 2322 19)
143 2289 192 2314 hac
209 2289 249 2323 re]
268 2289 314 2314 has
331 2297 401 2315 voces
418 2290 614 2314 Melanthon
632 2292 658 2314 in
676 2289 784 2315 Gueli'.
809 2290 911 2321 delevit,
937 2297 959 2317 α
981 2301 1058 2325 nupt-a

145 2332 189 2383 coa:
205 2324 380 2383 ἰοίέΐξιείὶξωίιίε
394 2325 460 2355 reb„
478 2328 626 2358 quapropter
645 2323 762 2349 Onold.
781 2328 804 2350 et
822 2325 936 2357 chytr.
955 2325 1058 2352 habent:

78 2401 124 2433 20)
144 2401 311 2433 retulerunt]
334 2402 360 2425 in
383 2401 428 2426 hoc
451 2401 524 2427 verbo
554 2401 748 2426 Melanthea
774 2401 892 2433 tyllabam
915 2410 943 2427 re
967 2403 1056 2429 delevit

146 2439 169 2460 et
186 2443 215 2460 w
247 2445 263 2460 α
281 2443 333 2460 ema
351 2437 464 2469 ner-nm:
488 2443 552 2467 con,
578 2435 730 2469 quomobrem
754 2435 872 2461 Onold.
898 2441 920 2462 et
945 2437 1055 2470 Chytr.

146 2469 203 2494 exhi
221 2473 273 2495 ent:
293 2470 464 2495 contulerunt.
1080 2499 1085 2506 ¹

77 2513 124 2545 21)
144 2511 223 2542 Quod
241 2517 327 2537 autem
344 2513 429 2538 Missa
451 2514 582 2546 applicata
600 2527 632 2532 -
652 2527 684 2531 —
702 2527 736 2531 —
754 2520 807 2537 non
830 2518 912 2545 ponat
933 2515 1055 2548 obicem]

144 2546 207 2572 hunc
225 2547 302 2571 Iocum
318 2546 515 2573 Melanthea
532 2549 559 2573 in
577 2547 718 2582 apoqrapko
735 2546 832 2580 spalat.
852 2548 940 2574 delevit
965 2553 988 2574 α
1007 2558 1056 2582 pro

147 2588 174 2606 eo
197 2582 224 2605 in
237 2581 305 2614 solio
323 2580 371 2606 ³6·
393 2581 471 2614 (inter
486 2583 538 2618 sol²
556 2583 598 2608 35.
623 2586 645 2608 ά
669 2582 711 2608 37.
734 2582 841 2615 immo)
866 2581 926 2608 haee
948 2585 1055 2617 cripui,

527 130 759 163 APOLOGIA
781 130 1102 164 CONFESSIONIS
1123 130 1436 165 AUGUSTANAE.
1482 131 1523 162 A.
1568 130 1713 163 PRIOR.

2024 134 2090 167 298

1196 225 1347 256 Meritum
1371 224 1494 256 Christi
1518 224 1583 255 fide
1607 227 1850 267 consequimur.
1888 227 1930 257 At
1955 226 1999 258 illi
2023 239 2085 259 me-

1110 267 1206 298 ritum
1230 268 1352 298 missae
1374 273 1562 300 mutuantur
1585 266 1660 309 alijs
1685 270 1789 300 eciam
1818 270 1889 300 sine
1920 269 1995 301 fide.
2040 270 2087 303 lta

1110 307 1213 349 pluris
1255 309 1379 341 faciunt
1421 311 1570 342 meritum
1612 309 1755 350 Missae,
1798 322 1895 353 quam
1938 313 2087 345 meritum

1111 350 1246 383 Christi.

1198 402 1268 434 Hae
1306 402 1478 443 opiniones
1522 411 1716 445 serpserunt
1751 406 1782 436 iu
1816 404 2000 437 Ecclesiam
2035 417 2088 438 ex-

1113 445 1215 477 tincta
1238 446 1388 477 doctrina
1413 447 1453 476 de
1475 446 1603 478 iusticia
1626 447 1709 479 fidei.
1755 447 1827 479 Nec
1856 455 1965 490 potest
1989 459 2088 481 verus

1111 498 1193 519 vsus
1217 494 1502 519 sacramentorum
1525 495 1555 520 et
1580 491 1840 522 ceremoniarum
1869 492 2002 522 retineri
2026 493 2089 523 nisi

1113 530 1245 571 cognita
1269 531 1395 562 iusticia
1419 530 1508 572 fidej.

1198 581 1424 622 lmprobanms
1437 582 1534 623 igitur
1545 582 1630 613 hanc
1644 585 1656 602 ²
1668 586 1695 620 ³)
1707 583 1979 625 applicacionem,
1994 585 2089 617 sum—

1112 634 1177 666 que
1205 625 1353 665 prinatae
1381 625 1501 655 missae
1526 624 1590 656 hac
1617 626 1769 666 opinione
1805 626 1914 658 sactae
1943 629 2020 664 sint,
2037 630 2089 666 ²¹³)

1111 677 1178 697 non
1203 676 1380 707 possumus
1403 667 1578 698 restituere
1603 677 1672 705 eas.
1696 675 1749 699 aut
1773 671 1926 700 assentiri
1948 670 2009 706 his,
2034 671 2089 711 qui

1113 708 1292 741 defendant
1315 719 1385 740 eas.
1432 709 1497 740 Sed
1522 720 1587 740 vna
1615 712 1795 742 communis
1826 712 1929 743 Missa
1953 713 2006 750 fn,
2035 713 2089 744 vbi

1112 753 1293 794 porrigitur
1315 758 1557 783 sacramentum
1580 753 1643 790 his,
1668 754 1722 794 qui
1743 755 1785 784 vti
1811 754 1923 786 volunt
1945 756 1986 786 ad
2012 765 2089 786 con-

1113 794 1272 826 solandas
1296 796 1435 835 pauidas
1459 796 1694 827 conscientias.
1729 796 1811 827 Nam
1824 799 1865 828 ad
1883 797 1970 829 hunc
1984 808 2090 836 vsum,

1113 844 1148 868 vt
1178 838 1209 868 in
1240 836 1452 869 confessione
1481 839 1712 879 exposuimus,
1747 840 1926 871 institutum
1961 848 2011 871 est
2038 852 2090 872 sa-

1113 886 1327 911 cramentum.
1368 880 1409 911 Et
1429 881 1470 911 de
1493 881 1559 911 hoc
1580 891 1642 912 vsu
1667 884 1864 913 sacramenti
1889 881 1989 914 multa
2009 884 2089 914 scri-

1111 930 1250 964 pserunt
1273 922 1347 961 (fol.
1371 922 1440 960 370)
1463 922 1693 955 Ecclesiastici
1715 932 1836 964 patres.
1855 928 1859 932 '
1883 925 1953 956 Nec
1975 936 2089 957 sumus

1112 966 1244 997 Arriani
1267 966 1442 1003 iudicandi,
1468 967 1542 1008 quia
1567 976 1631 998 non
1661 967 1841 1007 probamus
1871 967 1959 999 illam
1987 967 2088 1009 appli-

1112 1009 1274 1040 cationem
1299 1015 1414 1040 contra
1436 1008 1654 1050 Euangelium
1678 1011 1908 1052 excogitatam.

1199 1058 1299 1090 Falsa
1323 1066 1355 1090 ct
1378 1059 1461 1091 haec
1475 1058 1637 1091 calumnia
1651 1067 1713 1098 est,
1726 1062 1814 1102 quod
1828 1060 2021 1093 aboleamus
2037 1065 2089 1099 ΔΗ)

1112 1102 1324 1133 sacrificium.
1370 1102 1453 1133 Nam
1476 1110 1511 1133 vt
1534 1104 1661 1134 interim
1685 1103 1880 1145 largiamur,
1900 1105 1988 1145 quod
2012 1104 2090 1135 Mis-

1113 1155 1152 1176 sa
1174 1146 1215 1175 sit.
1246 1144 1432 1186 significata
1463 1156 1521 1185 pei·
1546 1146 1622 1187 iuge
1656 1147 1870 1185 sacrificium,
1902 1154 1991 1178 certe
2024 1158 2090 1179 non
2140 1158 2145 1161 ⁵

1112 1186 1284 1218 abolemus
1308 1187 1456 1222 Missam,
1480 1189 1538 1219 scd
1564 1189 1705 1220 abusum
1728 1190 1935 1231 corrigimus.

1199 1237 1389 1270 Retinemus
1410 1248 1534 1270 morem
1557 1238 1730 1271 Ecclesiae
1760 1241 1893 1272 veteris.
1941 1241 1992 1272 Ab
2024 1253 2089 1273 vno

1085 1269 1087 1305 Ῐ
1111 1288 1245 1313 sumunt
1272 1281 1322 1319 hi,
1351 1282 1405 1322 qui
1433 1287 1547 1322 petunt
1578 1292 1700 1323 corpus
1734 1289 1765 1313 et
1800 1285 1992 1326 sanguinem
2022 1284 2091 1316 Do-

1251 1322 1399 1365 Populus
1427 1325 1468 1355 ad
1500 1325 1760 1356 communionem
1792 1332 1824 1357 et
1855 1337 1946 1358 vsum
1978 1337 2090 1359 sacra-

1112 1414 1323 1440 sacramento
1347 1409 1505 1451 populus,
1527 1416 1651 1441 tantum
1670 1412 1767 1452 pauci
1782 1412 1980 1454 conducticij
1994 1419 2089 1444 vtun-

1112 1457 1174 1482 tur.
1221 1452 1269 1482 lta
1287 1461 1351 1482 nos
1374 1453 1480 1494 magis
1499 1453 1677 1484 retinemus
1708 1463 1801 1485 vsum
1829 1456 2027 1487 sacramenti
2049 1465 2091 1487 ac

1111 1494 1188 1536 iuge
1211 1493 1421 1531 sacrificium,
1441 1501 1474 1525 vt
1497 1496 1560 1535 ipsi
1579 1494 1757 1536 appellant,
1777 1507 1874 1537 quam
1894 1499 2090 1540 aduersarij.

1199 1545 1264 1577 Sed
1297 1545 1373 1586 quia
1403 1546 1585 1587 aduersarij
1617 1545 1781 1578 hostiliter
1810 1549 1976 1590 exagitant
2003 1549 2092 1581 hanc

1111 1588 1260 1629 priuatae
1292 1587 1419 1621 Missae
1452 1590 1665 1621 mutationem
1699 1596 1732 1621 et
1765 1591 1976 1623 criminantur
2016 1603 2090 1632 nos,

1111 1631 1212 1673 quod,
1230 1630 1319 1663 velut
1343 1631 1539 1671 Antiochus,
1563 1631 1761 1664 aboleamus
1784 1634 1860 1676 iuge
1878 1636 2090 1674 sacrificium,

1111 1672 1278 1716 aliquanto
1301 1673 1397 1715 plura
1427 1675 1469 1707 de
1491 1674 1557 1707 hoc
1579 1674 1656 1707 loco
1680 1676 1820 1707 dicenda
1844 1684 1932 1710 sunt.

1180 1845 1243 1870 quae
1260 1838 1317 1861 irem
1336 1838 1361 1860 in
1379 1836 1498 1862 Onold.
1519 1841 1542 1862 et
1561 1837 1672 1868 Chytr.
1692 1837 1731 1862 hic
1755 1839 1878 1871 quuntur:
1904 1840 2032 1865 Doctrina
2057 1841 2090 1865 de

1180 1879 1258 1903 opere
1276 1875 1387 1903 operato
1407 1876 1431 1895 et
1449 1871 1628 1903 applicacione
1647 1872 1783 1896 manifeste
1807 1879 1903 1904 pugnat
1928 1883 1984 1898 cum
2003 1875 2089 1899 Euan-

1180 1907 1250 1937 gelio
1271 1910 1296 1929 et
1315 1906 1419 1930 iusticia
1437 1905 1507 1929 fidei.
1545 1906 1612 1929 Nam
1632 1908 1760 1937 scriptura
1785 1908 1859 1931 docet
1885 1917 1931 1932 nos
1956 1909 2089 1934 iustificari

1181 1941 1241 1969 fide,
1261 1947 1313 1963 non
1332 1948 1377 1971 per
1395 1947 1483 1972 opera.
1520 1941 1556 1963 At
1574 1941 1594 1963 si
1619 1942 1698 1965 missa
1716 1948 1748 1965 ex
1772 1949 1851 1972 opere
1875 1948 1982 1974 operato
2007 1951 2088 1968 mere-

1179 1980 1221 1998 tm·
1239 1975 1363 2005 graciam,
1381 1981 1486 1998 necesse
1507 1979 1544 1997 est
1562 1975 1649 2005 sequi,
1669 1976 1738 2005 qnod
1762 1977 1865 2000 iusticia
1888 1978 1921 2001 sit
1947 1985 1979 2001 ex
2004 1979 2088 2009 operi-

1179 2010 1227 2033 bus
1246 2010 1302 2033 sinc
1320 2009 1380 2032 fide.
1417 2008 1509 2040 Neque
1528 2008 1691 2033 dissimulant
1709 2010 1867 2043 aduersfflj,
1893 2019 1922 2035 se
1940 2011 1991 2035 hoe
2010 2013 2088 2036 modo

1179 2045 1284 2068 sentire.
1321 2043 1410 2067 Palam
1439 2044 1610 2074 scripserunt,
1635 2051 1686 2068 non
1711 2045 1794 2068 solum
1817 2045 1850 2069 dc
1875 2052 1957 2070 coena
1981 2047 2089 2076 domini,

1179 2078 1225 2102 sed
1243 2079 1270 2101 in
1288 2083 1385 2108 genere
1405 2077 1436 2101 de
1454 2077 1644 2107 Sacramentis,
1667 2079 1737 2109 quod
1760 2079 1793 2102 ad
1812 2081 2011 2111 ·suscepcionem
2030 2087 2088 2111 gra-

1180 2113 1236 2136 ciae
1255 2119 1300 2144 per
1319 2115 1506 2136 sacramentum
1525 2119 1578 2135 non
1601 2113 1746 2143 requiratur
1770 2113 1863 2145 aliquis
1887 2115 1971 2138 bonus
1994 2120 2088 2139 motus.

1177 2146 1211 2170 Et
1230 2154 1281 2170 non
1300 2147 1383 2170 sotum
1401 2146 1501 2177 fingunt
1520 2146 1654 2171 iustificari
1672 2147 1823 2178 facientem,
1849 2149 1894 2172 sed
1918 2150 2000 2172 eciam
2019 2149 2088 2179 illos,

1178 2189 1226 2213 pro
1252 2181 1343 2212 quibus
1367 2181 1517 2212 applicatur.
1554 2180 1623 2211 Hos,
1648 2181 1735 2211 aiunt,
1760 2189 1812 2205 non
1837 2188 1961 2213 ponentes
1986 2183 2088 2208 obicem

1178 2216 1327 2239 necessario
1355 2215 1478 2245 consequi
1503 2216 1626 2245 graciam.
1662 2216 1705 2239 An
1730 2222 1783 2239 non
1805 2221 1921 2248 pugnant
1942 2217 2005 2241 haec
2031 2225 2088 2242 cum

1178 2250 1300 2274 doctrina
1318 2249 1397 2282 fidej?
1433 2249 1468 2273 Ee
1484 2249 1533 2273 hac
1552 2257 1604 2273 vna
1628 2250 1735 2274 racione
1758 2250 1807 2274 hoc
1826 2251 1852 2274 in
1876 2251 1950 2280 loco,
1973 2259 2031 2276 cum
2054 2253 2089 2276 sit

1178 2284 1331 2316 planissima
1349 2289 1375 2307 et
1391 2283 1545 2314 firmissima,
1564 2285 1678 2308 contenti
1697 2285 1799 2308 erimus.
1837 2285 1902 2317 (sol.
1923 2285 1970 2309 361³
1990 2286 2088 2317 υηοατ.)

1109 2327 1156 2360 22)
1175 2325 1253 2360 hanc]
1276 2326 1321 2351 lwc
1339 2334 1412 2359 pron.
1437 2326 1635 2351 Meianthon
1658 2328 1684 2350 in
1708 2326 1850 2359 apoyraplto
1867 2327 1965 2359 δμωαί.
1990 2327 2087 2358 delet-it,

1179 2366 1201 2387 α
1220 2369 1268 2394 pro
1291 2369 1318 2386 eo
1341 2362 1367 2384 in
1390 2361 1502 2392 mar-qim
1527 2361 1639 2393 scripsit:
1667 2362 1784 2385 meritum
1812 2363 1897 2393 operis
1925 2364 2027 2393 operati
2054 2368 2087 2392 et,

1178 2399 1327 2429 quapropter
1345 2395 1462 2420 Onold.
1488 2398 1509 2420 et
1536 2395 1648 2426 Chytr.
1672 2395 1695 2420 Ιι.
1721 2395 1736 2420 l.
1761 2395 1886 2420 exhibent:
1910 2396 2087 2428 Improbamus

1177 2431 1257 2462 igitur
1275 2431 1394 2454 meritum
1414 2430 1500 2462 operis
1519 2431 1619 2461 operati
1640 2435 1665 2453 et
1684 2430 1897 2461 applicacionem.
2066 2429 2070 2434 ’

1108 2473 1155 2506 23)
1174 2473 1246 2506 sing]
1275 2474 1312 2498 tic
1340 2473 1413 2497 etiam
1440 2471 1562 2503 Guels.,
1591 2480 1734 2505 quamquam
1760 2472 1884 2498 Foerst.
1912 2474 1937 2497 in
1967 2481 2013 2498 συα
2037 2473 2086 2499 Ed.

1177 2507 1249 2532 huius
1268 2507 1327 2533 eod.
1347 2506 1434 2532 habet:
1453 2510 1521 2536 sunt,

1108 2550 1155 2583 24)
1174 2549 1334 2591 aboleamus]
1362 2553 1416 2583 pou
1445 2548 1487 2574 hoc
1516 2548 1614 2574 verbum
1641 2549 1754 2574 Onold.
1785 2554 1806 2575 et
1835 2550 1947 2582 Chytr.
1978 2550 2083 2576 ‹add-mr:

1177 2592 1238 2616 inge
