<?xml version="1.0" encoding="UTF-8"?>
<!DOCTYPE html PUBLIC "-//W3C//DTD XHTML 1.0 Transitional//EN"
    "http://www.w3.org/TR/xhtml1/DTD/xhtml1-transitional.dtd">
<html xmlns="http://www.w3.org/1999/xhtml" xml:lang="en" lang="en">
 <head>
  <title>
</title>
<meta http-equiv="Content-Type" content="text/html;charset=utf-8" />
  <meta name='ocr-system' content='tesseract 3.04.00' />
  <meta name='ocr-capabilities' content='ocr_page ocr_carea ocr_par ocr_line ocrx_word'/>
</head>
<body>
  <div class='ocr_page' id='page_1' title='image "./operaquaesupersu27melauoft_0233.png"; bbox 0 0 2366 2958; ppageno 0'>
   <div class='ocr_carea' id='block_1_1' title="bbox 104 145 485 181">
    <p class='ocr_par' dir='ltr' id='par_1_1' title="bbox 104 145 485 181">
     <span class='ocr_line' id='line_1_1' title="bbox 104 145 485 181; baseline -0.01 0"><span class='ocrx_word' id='word_1_1' title='bbox 104 149 166 181; x_wconf 77' lang='lat'><strong>43⁷</strong></span> <span class='ocrx_word' id='word_1_2' title='bbox 449 145 485 177; x_wconf 89' lang='lat' dir='ltr'><strong>ll.</strong></span> 
     </span>
    </p>
   </div>
   <div class='ocr_carea' id='block_1_2' title="bbox 100 239 1107 1255">
    <p class='ocr_par' dir='ltr' id='par_1_2' title="bbox 100 239 1078 401">
     <span class='ocr_line' id='line_1_2' title="bbox 102 239 1077 280; baseline -0.003 -8"><span class='ocrx_word' id='word_1_3' title='bbox 102 239 360 275; x_wconf 84' lang='lat' dir='ltr'><strong>misericordiam</strong></span> <span class='ocrx_word' id='word_1_4' title='bbox 381 239 589 280; x_wconf 81' lang='lat' dir='ltr'><strong>promissam.</strong></span> <span class='ocrx_word' id='word_1_5' title='bbox 606 240 672 277; x_wconf 69' lang='lat'><strong>⁴⁴⁶)</strong></span> <span class='ocrx_word' id='word_1_6' title='bbox 705 239 789 271; x_wconf 87' lang='lat' dir='ltr'><strong>Nam</strong></span> <span class='ocrx_word' id='word_1_7' title='bbox 812 239 896 270; x_wconf 86' lang='lat' dir='ltr'><strong>fides</strong></span> <span class='ocrx_word' id='word_1_8' title='bbox 915 249 982 270; x_wconf 93' lang='lat' dir='ltr'><strong>non</strong></span> <span class='ocrx_word' id='word_1_9' title='bbox 1002 239 1077 270; x_wconf 89' lang='lat' dir='ltr'><strong>ideo</strong></span> 
     </span>
     <span class='ocr_line' id='line_1_3' title="bbox 101 281 1078 322; baseline -0.003 -7"><span class='ocrx_word' id='word_1_10' title='bbox 101 282 273 321; x_wconf 84' lang='lat' dir='ltr'><strong>iustificat,</strong></span> <span class='ocrx_word' id='word_1_11' title='bbox 301 288 358 313; x_wconf 91' lang='lat' dir='ltr'><strong>aut</strong></span> <span class='ocrx_word' id='word_1_12' title='bbox 386 281 511 319; x_wconf 84' lang='lat' dir='ltr'><strong>saluat,</strong></span> <span class='ocrx_word' id='word_1_13' title='bbox 539 282 616 322; x_wconf 89' lang='lat' dir='ltr'><strong>quia</strong></span> <span class='ocrx_word' id='word_1_14' title='bbox 642 282 716 322; x_wconf 89' lang='lat' dir='ltr'><strong>ipsa</strong></span> <span class='ocrx_word' id='word_1_15' title='bbox 739 283 781 313; x_wconf 87' lang='lat' dir='ltr'><strong>sit</strong></span> <span class='ocrx_word' id='word_1_16' title='bbox 813 291 897 322; x_wconf 89' lang='lat' dir='ltr'><strong>opus</strong></span> <span class='ocrx_word' id='word_1_17' title='bbox 919 291 979 322; x_wconf 86' lang='lat' dir='ltr'><strong>per</strong></span> <span class='ocrx_word' id='word_1_18' title='bbox 1001 290 1078 312; x_wconf 88' lang='lat' dir='ltr'><strong>sese</strong></span> 
     </span>
     <span class='ocr_line' id='line_1_4' title="bbox 102 324 1078 368; baseline -0.004 -10"><span class='ocrx_word' id='word_1_19' title='bbox 102 326 250 368; x_wconf 83' lang='lat' dir='ltr'><strong>(lignum,</strong></span> <span class='ocrx_word' id='word_1_20' title='bbox 272 325 334 356; x_wconf 90' lang='lat' dir='ltr'><strong>sed</strong></span> <span class='ocrx_word' id='word_1_21' title='bbox 356 330 481 356; x_wconf 83' lang='lat' dir='ltr'><strong>tantum</strong></span> <span class='ocrx_word' id='word_1_22' title='bbox 503 324 580 365; x_wconf 88' lang='lat' dir='ltr'><strong>quia</strong></span> <span class='ocrx_word' id='word_1_23' title='bbox 601 325 720 365; x_wconf 86' lang='lat' dir='ltr'><strong>accipit</strong></span> <span class='ocrx_word' id='word_1_24' title='bbox 732 325 992 356; x_wconf 83' lang='lat' dir='ltr'><strong>misericordiam</strong></span> <span class='ocrx_word' id='word_1_25' title='bbox 1004 333 1078 364; x_wconf 88' lang='lat' dir='ltr'><strong>pro-</strong></span> 
     </span>
     <span class='ocr_line' id='line_1_5' title="bbox 100 378 248 401; baseline -0.02 0"><span class='ocrx_word' id='word_1_26' title='bbox 100 378 248 401; x_wconf 83' lang='lat' dir='ltr'><strong>missam.</strong></span> 
     </span>
    </p>

    <p class='ocr_par' dir='ltr' id='par_1_3' title="bbox 101 407 1107 1255">
     <span class='ocr_line' id='line_1_6' title="bbox 189 407 1080 450; baseline -0.003 -9"><span class='ocrx_word' id='word_1_27' title='bbox 189 409 231 441; x_wconf 90' lang='lat' dir='ltr'><strong>Et</strong></span> <span class='ocrx_word' id='word_1_28' title='bbox 251 409 305 441; x_wconf 89' lang='lat' dir='ltr'><strong>hic</strong></span> <span class='ocrx_word' id='word_1_29' title='bbox 327 407 455 446; x_wconf 85' lang='lat' dir='ltr'><strong>cultus,</strong></span> <span class='ocrx_word' id='word_1_30' title='bbox 478 407 562 440; x_wconf 85' lang='lat' dir='ltr'><strong>haec</strong></span> <span class='ocrx_word' id='word_1_31' title='bbox 584 411 704 450; x_wconf 79' lang='grc' dir='ltr'><strong><em>λατρεία</em></strong></span> <span class='ocrx_word' id='word_1_32' title='bbox 719 411 771 447; x_wconf 77' lang='lat'><strong>⁴⁵)</strong></span> <span class='ocrx_word' id='word_1_33' title='bbox 793 409 826 440; x_wconf 91' lang='lat' dir='ltr'><strong>in</strong></span> <span class='ocrx_word' id='word_1_34' title='bbox 851 407 1026 448; x_wconf 79' lang='lat' dir='ltr'><strong>Prophetis</strong></span> <span class='ocrx_word' id='word_1_35' title='bbox 1048 413 1080 438; x_wconf 92' lang='lat' dir='ltr'><strong>et</strong></span> 
     </span>
     <span class='ocr_line' id='line_1_7' title="bbox 103 448 1080 493; baseline -0.004 -9"><span class='ocrx_word' id='word_1_36' title='bbox 103 451 246 484; x_wconf 80' lang='lat' dir='ltr'><strong>Psalmis</strong></span> <span class='ocrx_word' id='word_1_37' title='bbox 268 451 395 493; x_wconf 83' lang='lat' dir='ltr'><strong>passim</strong></span> <span class='ocrx_word' id='word_1_38' title='bbox 417 451 595 492; x_wconf 82' lang='lat' dir='ltr'><strong>praecipue</strong></span> <span class='ocrx_word' id='word_1_39' title='bbox 616 450 779 489; x_wconf 86' lang='lat' dir='ltr'><strong>laudatur,</strong></span> <span class='ocrx_word' id='word_1_40' title='bbox 804 461 879 482; x_wconf 87' lang='lat' dir='ltr'><strong>cum</strong></span> <span class='ocrx_word' id='word_1_41' title='bbox 897 457 1006 481; x_wconf 85' lang='lat' dir='ltr'><strong>tamen</strong></span> <span class='ocrx_word' id='word_1_42' title='bbox 1025 448 1080 481; x_wconf 86' lang='lat' dir='ltr'><strong>lex</strong></span> 
     </span>
     <span class='ocr_line' id='line_1_8' title="bbox 102 493 1079 535; baseline -0.004 -9"><span class='ocrx_word' id='word_1_43' title='bbox 102 505 170 527; x_wconf 90' lang='lat' dir='ltr'><strong>non</strong></span> <span class='ocrx_word' id='word_1_44' title='bbox 210 495 330 526; x_wconf 80' lang='lat' dir='ltr'><strong>doceat</strong></span> <span class='ocrx_word' id='word_1_45' title='bbox 369 493 546 535; x_wconf 84' lang='lat' dir='ltr'><strong>gratuitam</strong></span> <span class='ocrx_word' id='word_1_46' title='bbox 586 494 813 525; x_wconf 83' lang='lat' dir='ltr'><strong>remissionem</strong></span> <span class='ocrx_word' id='word_1_47' title='bbox 828 495 881 526; x_wconf 70' lang='lat'><strong>⁴⁶)</strong></span> <span class='ocrx_word' id='word_1_48' title='bbox 926 498 1079 532; x_wconf 64' lang='lat' dir='ltr'><strong>peccato-</strong></span> 
     </span>
     <span class='ocr_line' id='line_1_9' title="bbox 103 535 1078 576; baseline -0.004 -7"><span class='ocrx_word' id='word_1_49' title='bbox 103 547 187 569; x_wconf 87' lang='lat' dir='ltr'><strong>rum.</strong></span> <span class='ocrx_word' id='word_1_50' title='bbox 205 539 270 574; x_wconf 62' lang='lat'><strong>⁴⁶2)</strong></span> <span class='ocrx_word' id='word_1_51' title='bbox 336 535 404 567; x_wconf 83' lang='lat' dir='ltr'><strong>Sed</strong></span> <span class='ocrx_word' id='word_1_52' title='bbox 439 535 555 566; x_wconf 87' lang='lat' dir='ltr'><strong>Patres</strong></span> <span class='ocrx_word' id='word_1_53' title='bbox 593 543 713 567; x_wconf 84' lang='lat' dir='ltr'><strong>norant</strong></span> <span class='ocrx_word' id='word_1_54' title='bbox 751 535 1004 576; x_wconf 84' lang='lat' dir='ltr'><strong>promissionem</strong></span> <span class='ocrx_word' id='word_1_55' title='bbox 1037 535 1078 566; x_wconf 90' lang='lat' dir='ltr'><strong>de</strong></span> 
     </span>
     <span class='ocr_line' id='line_1_10' title="bbox 103 576 1078 619; baseline -0.003 -9"><span class='ocrx_word' id='word_1_56' title='bbox 103 578 254 613; x_wconf 79' lang='lat' dir='ltr'><strong>Christo,</strong></span> <span class='ocrx_word' id='word_1_57' title='bbox 288 578 378 619; x_wconf 88' lang='lat' dir='ltr'><strong>quod</strong></span> <span class='ocrx_word' id='word_1_58' title='bbox 406 577 498 609; x_wconf 88' lang='lat' dir='ltr'><strong>Deus</strong></span> <span class='ocrx_word' id='word_1_59' title='bbox 532 586 668 619; x_wconf 88' lang='lat' dir='ltr'><strong>propter</strong></span> <span class='ocrx_word' id='word_1_60' title='bbox 698 577 866 609; x_wconf 81' lang='lat' dir='ltr'><strong>Christum</strong></span> <span class='ocrx_word' id='word_1_61' title='bbox 899 576 1000 608; x_wconf 87' lang='lat' dir='ltr'><strong>vellet</strong></span> <span class='ocrx_word' id='word_1_62' title='bbox 1029 587 1078 608; x_wconf 88' lang='lat' dir='ltr'><strong>re-</strong></span> 
     </span>
     <span class='ocr_line' id='line_1_11' title="bbox 101 619 1078 662; baseline -0.003 -9"><span class='ocrx_word' id='word_1_63' title='bbox 101 621 231 653; x_wconf 82' lang='lat' dir='ltr'><strong>mittere</strong></span> <span class='ocrx_word' id='word_1_64' title='bbox 252 627 402 662; x_wconf 85' lang='lat' dir='ltr'><strong>peccata.</strong></span> <span class='ocrx_word' id='word_1_65' title='bbox 448 620 549 662; x_wconf 89' lang='lat' dir='ltr'><strong>lgitur</strong></span> <span class='ocrx_word' id='word_1_66' title='bbox 572 631 646 652; x_wconf 85' lang='lat' dir='ltr'><strong>cum</strong></span> <span class='ocrx_word' id='word_1_67' title='bbox 663 619 887 662; x_wconf 78' lang='lat' dir='ltr'><strong>intelligerent</strong></span> <span class='ocrx_word' id='word_1_68' title='bbox 909 619 1078 651; x_wconf 87' lang='lat' dir='ltr'><strong>Christum</strong></span> 
     </span>
     <span class='ocr_line' id='line_1_12' title="bbox 101 657 1107 711; baseline -0.002 -16"><span class='ocrx_word' id='word_1_69' title='bbox 101 663 176 695; x_wconf 80' lang='lat' dir='ltr'><strong>fore</strong></span> <span class='ocrx_word' id='word_1_70' title='bbox 198 664 342 705; x_wconf 82' lang='lat' dir='ltr'><strong>precium</strong></span> <span class='ocrx_word' id='word_1_71' title='bbox 371 673 432 704; x_wconf 90' lang='lat' dir='ltr'><strong>pro</strong></span> <span class='ocrx_word' id='word_1_72' title='bbox 462 664 587 694; x_wconf 89' lang='lat' dir='ltr'><strong>nostris</strong></span> <span class='ocrx_word' id='word_1_73' title='bbox 610 663 775 703; x_wconf 79' lang='lat' dir='ltr'><strong>peccatis,</strong></span> <span class='ocrx_word' id='word_1_74' title='bbox 803 663 953 694; x_wconf 82' lang='lat' dir='ltr'><strong>sciebant</strong></span> <span class='ocrx_word' id='word_1_75' title='bbox 976 672 1078 703; x_wconf 88' lang='lat' dir='ltr'><strong>opera</strong></span> <span class='ocrx_word' id='word_1_76' title='bbox 1102 657 1107 711; x_wconf 71' lang='grc' dir='ltr'>Ι</span> 
     </span>
     <span class='ocr_line' id='line_1_13' title="bbox 102 704 1078 747; baseline -0.003 -9"><span class='ocrx_word' id='word_1_77' title='bbox 102 713 220 738; x_wconf 85' lang='lat' dir='ltr'><strong>nostra</strong></span> <span class='ocrx_word' id='word_1_78' title='bbox 243 716 309 737; x_wconf 91' lang='lat' dir='ltr'><strong>non</strong></span> <span class='ocrx_word' id='word_1_79' title='bbox 332 716 409 736; x_wconf 85' lang='lat' dir='ltr'><strong>esse</strong></span> <span class='ocrx_word' id='word_1_80' title='bbox 431 706 576 746; x_wconf 82' lang='lat' dir='ltr'><strong>precium</strong></span> <span class='ocrx_word' id='word_1_81' title='bbox 592 706 639 736; x_wconf 89' lang='lat' dir='ltr'><strong>rei</strong></span> <span class='ocrx_word' id='word_1_82' title='bbox 656 710 777 736; x_wconf 83' lang='lat' dir='ltr'><strong>tantae.</strong></span> <span class='ocrx_word' id='word_1_83' title='bbox 807 704 884 736; x_wconf 90' lang='lat' dir='ltr'><strong>ldeo</strong></span> <span class='ocrx_word' id='word_1_84' title='bbox 901 706 1078 747; x_wconf 75' lang='lat' dir='ltr'><strong>gratuitam</strong></span> 
     </span>
     <span class='ocr_line' id='line_1_14' title="bbox 102 748 1079 788; baseline -0.002 -8"><span class='ocrx_word' id='word_1_85' title='bbox 102 748 362 780; x_wconf 82' lang='lat' dir='ltr'><strong>misericordiam</strong></span> <span class='ocrx_word' id='word_1_86' title='bbox 385 753 418 779; x_wconf 91' lang='lat' dir='ltr'><strong>et</strong></span> <span class='ocrx_word' id='word_1_87' title='bbox 447 748 674 779; x_wconf 86' lang='lat' dir='ltr'><strong>remissionem</strong></span> <span class='ocrx_word' id='word_1_88' title='bbox 702 753 915 788; x_wconf 87' lang='lat' dir='ltr'><strong>peccatorum</strong></span> <span class='ocrx_word' id='word_1_89' title='bbox 938 748 1002 778; x_wconf 87' lang='lat' dir='ltr'><strong>fide</strong></span> <span class='ocrx_word' id='word_1_90' title='bbox 1024 757 1079 778; x_wconf 90' lang='lat' dir='ltr'><strong>ac-</strong></span> 
     </span>
     <span class='ocr_line' id='line_1_15' title="bbox 103 790 1078 832; baseline -0.002 -9"><span class='ocrx_word' id='word_1_91' title='bbox 103 791 288 832; x_wconf 88' lang='lat' dir='ltr'><strong>cipiebant,</strong></span> <span class='ocrx_word' id='word_1_92' title='bbox 317 791 403 821; x_wconf 87' lang='lat' dir='ltr'><strong>sicut</strong></span> <span class='ocrx_word' id='word_1_93' title='bbox 430 791 535 821; x_wconf 84' lang='lat' dir='ltr'><strong>sancti</strong></span> <span class='ocrx_word' id='word_1_94' title='bbox 567 791 599 821; x_wconf 92' lang='lat' dir='ltr'><strong>in</strong></span> <span class='ocrx_word' id='word_1_95' title='bbox 627 799 714 820; x_wconf 91' lang='lat' dir='ltr'><strong>nouo</strong></span> <span class='ocrx_word' id='word_1_96' title='bbox 744 795 951 822; x_wconf 85' lang='lat' dir='ltr'><strong>testamento.</strong></span> <span class='ocrx_word' id='word_1_97' title='bbox 1005 790 1078 821; x_wconf 83' lang='lat' dir='ltr'><strong>Huc</strong></span> 
     </span>
     <span class='ocr_line' id='line_1_16' title="bbox 102 831 1079 875; baseline -0.003 -10"><span class='ocrx_word' id='word_1_98' title='bbox 102 834 267 875; x_wconf 86' lang='lat' dir='ltr'><strong>pertinent</strong></span> <span class='ocrx_word' id='word_1_99' title='bbox 299 831 375 864; x_wconf 86' lang='lat' dir='ltr'><strong>illac</strong></span> <span class='ocrx_word' id='word_1_100' title='bbox 409 833 546 863; x_wconf 80' lang='lat' dir='ltr'><strong>crebrae</strong></span> <span class='ocrx_word' id='word_1_101' title='bbox 577 832 798 872; x_wconf 89' lang='lat' dir='ltr'><strong>repeticiones</strong></span> <span class='ocrx_word' id='word_1_102' title='bbox 832 832 1079 864; x_wconf 80' lang='lat' dir='ltr'><strong>misericordiae</strong></span> 
     </span>
     <span class='ocr_line' id='line_1_17' title="bbox 103 873 1078 916; baseline -0.002 -8"><span class='ocrx_word' id='word_1_103' title='bbox 103 883 137 908; x_wconf 90' lang='lat' dir='ltr'><strong>et</strong></span> <span class='ocrx_word' id='word_1_104' title='bbox 158 876 234 907; x_wconf 86' lang='lat' dir='ltr'><strong>fidei</strong></span> <span class='ocrx_word' id='word_1_105' title='bbox 257 877 290 906; x_wconf 91' lang='lat' dir='ltr'><strong>in</strong></span> <span class='ocrx_word' id='word_1_106' title='bbox 314 873 454 906; x_wconf 82' lang='lat' dir='ltr'><strong>Psalmis</strong></span> <span class='ocrx_word' id='word_1_107' title='bbox 477 880 510 905; x_wconf 81' lang='lat' dir='ltr'><strong>et</strong></span> <span class='ocrx_word' id='word_1_108' title='bbox 531 874 720 916; x_wconf 83' lang='lat' dir='ltr'><strong>ProphetiS,</strong></span> <span class='ocrx_word' id='word_1_109' title='bbox 744 881 778 906; x_wconf 82' lang='lat' dir='ltr'><strong>vt</strong></span> <span class='ocrx_word' id='word_1_110' title='bbox 801 875 866 906; x_wconf 88' lang='lat' dir='ltr'><strong>hic.</strong></span> <span class='ocrx_word' id='word_1_111' title='bbox 905 875 940 906; x_wconf 92' lang='lat' dir='ltr'><strong>Si</strong></span> <span class='ocrx_word' id='word_1_112' title='bbox 964 875 1078 916; x_wconf 89' lang='lat' dir='ltr'><strong>iniqui·</strong></span> 
     </span>
     <span class='ocr_line' id='line_1_18' title="bbox 103 916 1080 958; baseline -0.002 -8"><span class='ocrx_word' id='word_1_113' title='bbox 103 924 190 950; x_wconf 86' lang='lat' dir='ltr'><strong>tates</strong></span> <span class='ocrx_word' id='word_1_114' title='bbox 208 917 442 950; x_wconf 87' lang='lat' dir='ltr'><strong>obseruaueris</strong></span> <span class='ocrx_word' id='word_1_115' title='bbox 459 916 612 955; x_wconf 84' lang='lat' dir='ltr'><strong>Domine,</strong></span> <span class='ocrx_word' id='word_1_116' title='bbox 635 916 777 948; x_wconf 85' lang='lat' dir='ltr'><strong>Domine</strong></span> <span class='ocrx_word' id='word_1_117' title='bbox 795 918 868 958; x_wconf 89' lang='lat' dir='ltr'><strong>quis</strong></span> <span class='ocrx_word' id='word_1_118' title='bbox 885 917 1080 949; x_wconf 69' lang='lat' dir='ltr'><strong>sustinebit?</strong></span> 
     </span>
     <span class='ocr_line' id='line_1_19' title="bbox 102 959 1078 1001; baseline -0.003 -9"><span class='ocrx_word' id='word_1_119' title='bbox 102 960 166 992; x_wconf 84' lang='lat' dir='ltr'><strong>Hic</strong></span> <span class='ocrx_word' id='word_1_120' title='bbox 189 960 365 992; x_wconf 88' lang='lat' dir='ltr'><strong>confitetur</strong></span> <span class='ocrx_word' id='word_1_121' title='bbox 388 966 538 1000; x_wconf 84' lang='lat' dir='ltr'><strong>peccata,</strong></span> <span class='ocrx_word' id='word_1_122' title='bbox 560 969 623 991; x_wconf 87' lang='lat' dir='ltr'><strong>nec</strong></span> <span class='ocrx_word' id='word_1_123' title='bbox 644 959 770 1001; x_wconf 83' lang='lat' dir='ltr'><strong>allegat</strong></span> <span class='ocrx_word' id='word_1_124' title='bbox 784 962 836 997; x_wconf 73' lang='lat'><strong>⁴⁷)</strong></span> <span class='ocrx_word' id='word_1_125' title='bbox 869 960 985 991; x_wconf 88' lang='lat' dir='ltr'><strong>merita</strong></span> <span class='ocrx_word' id='word_1_126' title='bbox 1007 970 1078 991; x_wconf 79' lang='lat' dir='ltr'><strong>sua.</strong></span> 
     </span>
     <span class='ocr_line' id='line_1_20' title="bbox 103 1001 1080 1043; baseline -0.002 -8"><span class='ocrx_word' id='word_1_127' title='bbox 103 1003 217 1041; x_wconf 84' lang='lat' dir='ltr'><strong>Addit,</strong></span> <span class='ocrx_word' id='word_1_128' title='bbox 233 1004 300 1039; x_wconf 73' lang='lat'><strong>⁴⁷⁸)</strong></span> <span class='ocrx_word' id='word_1_129' title='bbox 329 1001 415 1037; x_wconf 85' lang='lat' dir='ltr'><strong>Quia</strong></span> <span class='ocrx_word' id='word_1_130' title='bbox 438 1002 525 1042; x_wconf 86' lang='lat' dir='ltr'><strong>apud</strong></span> <span class='ocrx_word' id='word_1_131' title='bbox 554 1008 586 1033; x_wconf 87' lang='lat' dir='ltr'><strong>te</strong></span> <span class='ocrx_word' id='word_1_132' title='bbox 609 1002 803 1043; x_wconf 81' lang='lat' dir='ltr'><strong>propiciatio</strong></span> <span class='ocrx_word' id='word_1_133' title='bbox 827 1009 887 1033; x_wconf 85' lang='lat' dir='ltr'><strong>est.</strong></span> <span class='ocrx_word' id='word_1_134' title='bbox 934 1003 996 1034; x_wconf 87' lang='lat' dir='ltr'><strong>Hic</strong></span> <span class='ocrx_word' id='word_1_135' title='bbox 1018 1003 1080 1033; x_wconf 88' lang='lat' dir='ltr'><strong>eri-</strong></span> 
     </span>
     <span class='ocr_line' id='line_1_21' title="bbox 103 1044 1107 1088; baseline -0.001 -11"><span class='ocrx_word' id='word_1_136' title='bbox 103 1047 152 1088; x_wconf 85' lang='lat' dir='ltr'><strong>git</strong></span> <span class='ocrx_word' id='word_1_137' title='bbox 176 1055 216 1077; x_wconf 69' lang='grc' dir='ltr'><strong>δε</strong></span> <span class='ocrx_word' id='word_1_138' title='bbox 237 1044 359 1076; x_wconf 87' lang='lat' dir='ltr'><strong>fiducia</strong></span> <span class='ocrx_word' id='word_1_139' title='bbox 382 1045 626 1076; x_wconf 88' lang='lat' dir='ltr'><strong>misericordiae</strong></span> <span class='ocrx_word' id='word_1_140' title='bbox 648 1044 722 1076; x_wconf 90' lang='lat' dir='ltr'><strong>Dei.</strong></span> <span class='ocrx_word' id='word_1_141' title='bbox 772 1044 814 1075; x_wconf 88' lang='lat' dir='ltr'><strong>Et</strong></span> <span class='ocrx_word' id='word_1_142' title='bbox 843 1046 920 1076; x_wconf 87' lang='lat' dir='ltr'><strong>citat</strong></span> <span class='ocrx_word' id='word_1_143' title='bbox 942 1045 1080 1086; x_wconf 87' lang='lat' dir='ltr'><strong>promis·</strong></span> <span class='ocrx_word' id='word_1_144' title='bbox 1104 1061 1107 1085; x_wconf 62' lang='lat' dir='ltr'>g</span> 
     </span>
     <span class='ocr_line' id='line_1_22' title="bbox 103 1086 1106 1128; baseline -0.002 -8"><span class='ocrx_word' id='word_1_145' title='bbox 103 1089 241 1120; x_wconf 89' lang='lat' dir='ltr'><strong>sionem.</strong></span> <span class='ocrx_word' id='word_1_146' title='bbox 286 1086 448 1118; x_wconf 87' lang='lat' dir='ltr'><strong>Sustinuit</strong></span> <span class='ocrx_word' id='word_1_147' title='bbox 477 1088 586 1118; x_wconf 87' lang='lat' dir='ltr'><strong>anima</strong></span> <span class='ocrx_word' id='word_1_148' title='bbox 604 1097 677 1118; x_wconf 89' lang='lat' dir='ltr'><strong>mea</strong></span> <span class='ocrx_word' id='word_1_149' title='bbox 699 1088 731 1118; x_wconf 91' lang='lat' dir='ltr'><strong>in</strong></span> <span class='ocrx_word' id='word_1_150' title='bbox 755 1089 859 1119; x_wconf 83' lang='lat' dir='ltr'><strong>verbo</strong></span> <span class='ocrx_word' id='word_1_151' title='bbox 882 1088 964 1119; x_wconf 89' lang='lat' dir='ltr'><strong>eius.</strong></span> <span class='ocrx_word' id='word_1_152' title='bbox 1000 1087 1080 1128; x_wconf 91' lang='lat' dir='ltr'><strong>Spe·</strong></span> <span class='ocrx_word' id='word_1_153' title='bbox 1104 1105 1106 1128; x_wconf 75' lang='lat'>3</span> 
     </span>
     <span class='ocr_line' id='line_1_23' title="bbox 104 1128 1107 1171; baseline -0.001 -10"><span class='ocrx_word' id='word_1_154' title='bbox 104 1131 191 1162; x_wconf 88' lang='lat' dir='ltr'><strong>rauit</strong></span> <span class='ocrx_word' id='word_1_155' title='bbox 212 1129 321 1161; x_wconf 85' lang='lat' dir='ltr'><strong>anima</strong></span> <span class='ocrx_word' id='word_1_156' title='bbox 343 1138 416 1160; x_wconf 87' lang='lat' dir='ltr'><strong>mea</strong></span> <span class='ocrx_word' id='word_1_157' title='bbox 438 1129 470 1160; x_wconf 88' lang='lat' dir='ltr'><strong>in</strong></span> <span class='ocrx_word' id='word_1_158' title='bbox 486 1128 640 1166; x_wconf 88' lang='lat' dir='ltr'><strong>Domino,</strong></span> <span class='ocrx_word' id='word_1_159' title='bbox 662 1130 695 1160; x_wconf 88' lang='lat' dir='ltr'><strong>id</strong></span> <span class='ocrx_word' id='word_1_160' title='bbox 718 1136 782 1167; x_wconf 90' lang='lat' dir='ltr'><strong>est,</strong></span> <span class='ocrx_word' id='word_1_161' title='bbox 805 1131 882 1171; x_wconf 89' lang='lat' dir='ltr'><strong>quia</strong></span> <span class='ocrx_word' id='word_1_162' title='bbox 904 1130 1082 1170; x_wconf 81' lang='lat' dir='ltr'><strong>promisisti</strong></span> <span class='ocrx_word' id='word_1_163' title='bbox 1104 1148 1107 1161; x_wconf 78' lang='lat'>.</span> 
     </span>
     <span class='ocr_line' id='line_1_24' title="bbox 103 1170 1106 1213; baseline -0.001 -9"><span class='ocrx_word' id='word_1_164' title='bbox 103 1173 329 1204; x_wconf 81' lang='lat' dir='ltr'><strong>remissionem</strong></span> <span class='ocrx_word' id='word_1_165' title='bbox 351 1177 578 1211; x_wconf 85' lang='lat' dir='ltr'><strong>peccatorum,</strong></span> <span class='ocrx_word' id='word_1_166' title='bbox 601 1171 666 1204; x_wconf 89' lang='lat' dir='ltr'><strong>hac</strong></span> <span class='ocrx_word' id='word_1_167' title='bbox 687 1178 743 1203; x_wconf 82' lang='lat' dir='ltr'><strong>tua</strong></span> <span class='ocrx_word' id='word_1_168' title='bbox 765 1170 984 1213; x_wconf 80' lang='lat' dir='ltr'><strong>promissione</strong></span> <span class='ocrx_word' id='word_1_169' title='bbox 1007 1182 1080 1204; x_wconf 80' lang='lat' dir='ltr'><strong>sus·</strong></span> <span class='ocrx_word' id='word_1_170' title='bbox 1103 1177 1106 1208; x_wconf 64' lang='grc' dir='ltr'>ζ</span> 
     </span>
     <span class='ocr_line' id='line_1_25' title="bbox 102 1213 1107 1255; baseline -0.002 -8"><span class='ocrx_word' id='word_1_171' title='bbox 102 1221 223 1247; x_wconf 89' lang='lat' dir='ltr'><strong>tentor.</strong></span> <span class='ocrx_word' id='word_1_172' title='bbox 240 1216 293 1251; x_wconf 79' lang='lat'><strong>⁴⁸)</strong></span> <span class='ocrx_word' id='word_1_173' title='bbox 351 1213 465 1255; x_wconf 89' lang='lat' dir='ltr'><strong>ltaque</strong></span> <span class='ocrx_word' id='word_1_174' title='bbox 492 1221 526 1246; x_wconf 88' lang='lat' dir='ltr'><strong>et</strong></span> <span class='ocrx_word' id='word_1_175' title='bbox 559 1214 675 1246; x_wconf 88' lang='lat' dir='ltr'><strong>Patres</strong></span> <span class='ocrx_word' id='word_1_176' title='bbox 697 1214 976 1253; x_wconf 77' lang='lat' dir='ltr'><strong>iustificabamur,</strong></span> <span class='ocrx_word' id='word_1_177' title='bbox 1013 1225 1079 1246; x_wconf 90' lang='lat' dir='ltr'><strong>non</strong></span> <span class='ocrx_word' id='word_1_178' title='bbox 1104 1238 1107 1254; x_wconf 65' lang='lat' dir='ltr'>r</span> 
     </span>
    </p>
   </div>
   <div class='ocr_carea' id='block_1_3' title="bbox 100 1374 1108 2616">
    <p class='ocr_par' dir='ltr' id='par_1_4' title="bbox 100 1374 752 1407">
     <span class='ocr_line' id='line_1_26' title="bbox 100 1374 752 1407; baseline -0.002 -7"><span class='ocrx_word' id='word_1_179' title='bbox 100 1375 167 1407; x_wconf 69' lang='lat'>4412)</span> <span class='ocrx_word' id='word_1_180' title='bbox 186 1374 360 1407; x_wconf 63' lang='lat' dir='ltr'><strong>promissam]</strong></span> <span class='ocrx_word' id='word_1_181' title='bbox 378 1374 460 1399; x_wconf 84' lang='lat' dir='ltr'><strong>Editt.</strong></span> <span class='ocrx_word' id='word_1_182' title='bbox 479 1375 569 1399; x_wconf 81' lang='lat'><strong>2—4.:</strong></span> <span class='ocrx_word' id='word_1_183' title='bbox 588 1375 752 1406; x_wconf 81' lang='lat' dir='ltr'><strong>promissam,</strong></span> 
     </span>
    </p>

    <p class='ocr_par' dir='ltr' id='par_1_5' title="bbox 103 1414 962 1451">
     <span class='ocr_line' id='line_1_27' title="bbox 103 1414 962 1451; baseline 0 -9"><span class='ocrx_word' id='word_1_184' title='bbox 103 1418 151 1451; x_wconf 79' lang='lat'><strong>45)</strong></span> <span class='ocrx_word' id='word_1_185' title='bbox 170 1417 268 1447; x_wconf 79' lang='lat' dir='ltr'><strong>cultus,</strong></span> <span class='ocrx_word' id='word_1_186' title='bbox 285 1416 349 1441; x_wconf 81' lang='lat' dir='ltr'><strong>haec</strong></span> <span class='ocrx_word' id='word_1_187' title='bbox 367 1414 486 1450; x_wconf 69' lang='grc' dir='ltr'><strong>λατρεία]</strong></span> <span class='ocrx_word' id='word_1_188' title='bbox 509 1417 556 1441; x_wconf 90' lang='lat' dir='ltr'><strong>Ed.</strong></span> <span class='ocrx_word' id='word_1_189' title='bbox 575 1418 617 1441; x_wconf 83' lang='lat'><strong>4.:</strong></span> <span class='ocrx_word' id='word_1_190' title='bbox 637 1418 766 1447; x_wconf 82' lang='lat' dir='ltr'><strong>articulus,</strong></span> <span class='ocrx_word' id='word_1_191' title='bbox 785 1417 850 1441; x_wconf 81' lang='lat' dir='ltr'><strong>haec</strong></span> <span class='ocrx_word' id='word_1_192' title='bbox 868 1416 962 1451; x_wconf 68' lang='grc' dir='ltr'><strong><em>λατρία</em></strong></span> 
     </span>
    </p>

    <p class='ocr_par' dir='ltr' id='par_1_6' title="bbox 103 1458 839 1492">
     <span class='ocr_line' id='line_1_28' title="bbox 103 1458 839 1492; baseline 0 -8"><span class='ocrx_word' id='word_1_193' title='bbox 103 1460 151 1492; x_wconf 75' lang='grc'><strong>46)</strong></span> <span class='ocrx_word' id='word_1_194' title='bbox 169 1459 358 1491; x_wconf 79' lang='lat' dir='ltr'><strong>remissionem]</strong></span> <span class='ocrx_word' id='word_1_195' title='bbox 376 1458 426 1483; x_wconf 82' lang='lat' dir='ltr'><strong>Ed.</strong></span> <span class='ocrx_word' id='word_1_196' title='bbox 446 1459 470 1484; x_wconf 81' lang='lat'><strong>4.</strong></span> <span class='ocrx_word' id='word_1_197' title='bbox 490 1463 542 1492; x_wconf 77' lang='lat' dir='ltr'><strong>typ.</strong></span> <span class='ocrx_word' id='word_1_198' title='bbox 561 1468 626 1485; x_wconf 65' lang='lat' dir='ltr'><strong>ern:</strong></span> <span class='ocrx_word' id='word_1_199' title='bbox 645 1461 839 1491; x_wconf 84' lang='lat' dir='ltr'><strong>promisiicuem</strong></span> 
     </span>
    </p>

    <p class='ocr_par' dir='ltr' id='par_1_7' title="bbox 103 1501 777 1535">
     <span class='ocr_line' id='line_1_29' title="bbox 103 1501 777 1535; baseline 0 -8"><span class='ocrx_word' id='word_1_200' title='bbox 103 1502 166 1535; x_wconf 65' lang='lat'><strong>46³)</strong></span> <span class='ocrx_word' id='word_1_201' title='bbox 186 1501 372 1534; x_wconf 79' lang='lat' dir='ltr'><strong>peccatorum-J</strong></span> <span class='ocrx_word' id='word_1_202' title='bbox 391 1502 473 1526; x_wconf 85' lang='lat' dir='ltr'><strong>Editt.</strong></span> <span class='ocrx_word' id='word_1_203' title='bbox 493 1503 583 1526; x_wconf 78' lang='lat'><strong>2—4.:</strong></span> <span class='ocrx_word' id='word_1_204' title='bbox 601 1507 777 1534; x_wconf 85' lang='lat' dir='ltr'><strong>peccatorum,</strong></span> 
     </span>
    </p>

    <p class='ocr_par' dir='ltr' id='par_1_8' title="bbox 103 1544 516 1578">
     <span class='ocr_line' id='line_1_30' title="bbox 103 1544 516 1578; baseline -0.002 -9"><span class='ocrx_word' id='word_1_205' title='bbox 103 1545 150 1578; x_wconf 77' lang='lat'><strong>47)</strong></span> <span class='ocrx_word' id='word_1_206' title='bbox 170 1545 278 1577; x_wconf 80' lang='lat' dir='ltr'><strong>allegat]</strong></span> <span class='ocrx_word' id='word_1_207' title='bbox 299 1544 348 1568; x_wconf 84' lang='lat' dir='ltr'><strong>Ed.</strong></span> <span class='ocrx_word' id='word_1_208' title='bbox 367 1545 404 1569; x_wconf 81' lang='lat'><strong>3.:</strong></span> <span class='ocrx_word' id='word_1_209' title='bbox 423 1545 516 1575; x_wconf 81' lang='lat' dir='ltr'><strong>alligat</strong></span> 
     </span>
    </p>

    <p class='ocr_par' dir='ltr' id='par_1_9' title="bbox 102 1582 611 1619">
     <span class='ocr_line' id='line_1_31' title="bbox 102 1582 611 1619; baseline -0.004 -7"><span class='ocrx_word' id='word_1_210' title='bbox 102 1587 167 1619; x_wconf 67' lang='lat'><strong>472)</strong></span> <span class='ocrx_word' id='word_1_211' title='bbox 187 1587 290 1619; x_wconf 69' lang='lat' dir='ltr'><strong>Addit]</strong></span> <span class='ocrx_word' id='word_1_212' title='bbox 308 1587 390 1611; x_wconf 84' lang='lat' dir='ltr'><strong>Editt.</strong></span> <span class='ocrx_word' id='word_1_213' title='bbox 410 1587 501 1610; x_wconf 77' lang='lat'><strong>2-4,:</strong></span> <span class='ocrx_word' id='word_1_214' title='bbox 520 1582 611 1616; x_wconf 78' lang='lat' dir='ltr'><strong>Addit,</strong></span> 
     </span>
    </p>

    <p class='ocr_par' dir='ltr' id='par_1_10' title="bbox 104 1628 1108 2616">
     <span class='ocr_line' id='line_1_32' title="bbox 104 1628 1079 1663; baseline 0.002 -9"><span class='ocrx_word' id='word_1_215' title='bbox 104 1630 152 1661; x_wconf 78' lang='lat'><strong>48)</strong></span> <span class='ocrx_word' id='word_1_216' title='bbox 171 1629 221 1654; x_wconf 86' lang='lat' dir='ltr'><strong>hac</strong></span> <span class='ocrx_word' id='word_1_217' title='bbox 249 1633 292 1653; x_wconf 88' lang='lat' dir='ltr'><strong>tua</strong></span> <span class='ocrx_word' id='word_1_218' title='bbox 315 1630 485 1660; x_wconf 86' lang='lat' dir='ltr'><strong>promissione</strong></span> <span class='ocrx_word' id='word_1_219' title='bbox 509 1628 660 1662; x_wconf 66' lang='lat' dir='ltr'><strong>sustentor]</strong></span> <span class='ocrx_word' id='word_1_220' title='bbox 690 1630 716 1653; x_wconf 71' lang='lat' dir='ltr'><strong>in</strong></span> <span class='ocrx_word' id='word_1_221' title='bbox 739 1630 821 1654; x_wconf 85' lang='lat' dir='ltr'><strong>Editt.</strong></span> <span class='ocrx_word' id='word_1_222' title='bbox 846 1631 922 1654; x_wconf 79' lang='lat'><strong>2—4.</strong></span> <span class='ocrx_word' id='word_1_223' title='bbox 942 1634 999 1663; x_wconf 68' lang='lat' dir='ltr'><strong>post</strong></span> <span class='ocrx_word' id='word_1_224' title='bbox 1020 1629 1079 1656; x_wconf 76' lang='lat' dir='ltr'><strong>haec</strong></span> 
     </span>
     <span class='ocr_line' id='line_1_33' title="bbox 172 1662 1078 1689; baseline 0.001 -2"><span class='ocrx_word' id='word_1_225' title='bbox 172 1663 249 1688; x_wconf 79' lang='lat' dir='ltr'><strong>verba</strong></span> <span class='ocrx_word' id='word_1_226' title='bbox 267 1663 358 1687; x_wconf 72' lang='lat' dir='ltr'><strong>addiza</strong></span> <span class='ocrx_word' id='word_1_227' title='bbox 375 1667 430 1687; x_wconf 67' lang='lat' dir='ltr'><strong>sunt</strong></span> <span class='ocrx_word' id='word_1_228' title='bbox 448 1663 547 1688; x_wconf 79' lang='lat' dir='ltr'><strong>haecce:</strong></span> <span class='ocrx_word' id='word_1_229' title='bbox 566 1662 600 1686; x_wconf 84' lang='lat' dir='ltr'><strong>Et</strong></span> <span class='ocrx_word' id='word_1_230' title='bbox 618 1663 712 1687; x_wconf 84' lang='lat' dir='ltr'><strong>Paulus</strong></span> <span class='ocrx_word' id='word_1_231' title='bbox 731 1664 794 1688; x_wconf 78' lang='lat' dir='ltr'><strong>citat</strong></span> <span class='ocrx_word' id='word_1_232' title='bbox 812 1665 843 1689; x_wconf 88' lang='lat' dir='ltr'><strong>de</strong></span> <span class='ocrx_word' id='word_1_233' title='bbox 855 1665 995 1689; x_wconf 83' lang='lat' dir='ltr'><strong>Abraham.</strong></span> <span class='ocrx_word' id='word_1_234' title='bbox 1016 1666 1078 1689; x_wconf 85' lang='lat' dir='ltr'><strong>Cre-</strong></span> 
     </span>
     <span class='ocr_line' id='line_1_34' title="bbox 179 1697 1079 1729; baseline 0.003 -9"><span class='ocrx_word' id='word_1_235' title='bbox 179 1698 247 1721; x_wconf 83' lang='lat' dir='ltr'><strong>didit</strong></span> <span class='ocrx_word' id='word_1_236' title='bbox 264 1697 395 1721; x_wconf 84' lang='lat' dir='ltr'><strong>Abraham</strong></span> <span class='ocrx_word' id='word_1_237' title='bbox 412 1697 486 1727; x_wconf 90' lang='lat' dir='ltr'><strong>Deo,</strong></span> <span class='ocrx_word' id='word_1_238' title='bbox 506 1701 531 1720; x_wconf 86' lang='lat' dir='ltr'><strong>et</strong></span> <span class='ocrx_word' id='word_1_239' title='bbox 550 1701 693 1729; x_wconf 80' lang='lat' dir='ltr'><strong>reputatum</strong></span> <span class='ocrx_word' id='word_1_240' title='bbox 713 1702 752 1722; x_wconf 86' lang='lat' dir='ltr'><strong>est</strong></span> <span class='ocrx_word' id='word_1_241' title='bbox 769 1699 792 1722; x_wconf 93' lang='lat' dir='ltr'><strong>ei</strong></span> <span class='ocrx_word' id='word_1_242' title='bbox 811 1699 843 1722; x_wconf 83' lang='lat' dir='ltr'><strong>ad</strong></span> <span class='ocrx_word' id='word_1_243' title='bbox 868 1700 1009 1728; x_wconf 83' lang='lat' dir='ltr'><strong>iusticiam,</strong></span> <span class='ocrx_word' id='word_1_244' title='bbox 1028 1699 1079 1723; x_wconf 88' lang='lat' dir='ltr'><strong>hoc</strong></span> 
     </span>
     <span class='ocr_line' id='line_1_35' title="bbox 174 1731 1079 1764; baseline 0.003 -10"><span class='ocrx_word' id='word_1_245' title='bbox 174 1735 226 1761; x_wconf 84' lang='lat' dir='ltr'><strong>est,</strong></span> <span class='ocrx_word' id='word_1_246' title='bbox 257 1732 388 1755; x_wconf 84' lang='lat' dir='ltr'><strong>Abraham</strong></span> <span class='ocrx_word' id='word_1_247' title='bbox 415 1732 495 1755; x_wconf 85' lang='lat' dir='ltr'><strong>sensit</strong></span> <span class='ocrx_word' id='word_1_248' title='bbox 521 1739 548 1755; x_wconf 84' lang='lat' dir='ltr'><strong>se</strong></span> <span class='ocrx_word' id='word_1_249' title='bbox 577 1731 672 1755; x_wconf 87' lang='lat' dir='ltr'><strong>habere</strong></span> <span class='ocrx_word' id='word_1_250' title='bbox 695 1731 779 1756; x_wconf 88' lang='lat' dir='ltr'><strong>Deum</strong></span> <span class='ocrx_word' id='word_1_251' title='bbox 803 1733 959 1764; x_wconf 89' lang='lat' dir='ltr'><strong>propicium,</strong></span> <span class='ocrx_word' id='word_1_252' title='bbox 982 1738 1079 1758; x_wconf 84' lang='lat' dir='ltr'><strong>tantum</strong></span> 
     </span>
     <span class='ocr_line' id='line_1_36' title="bbox 173 1766 1078 1799; baseline 0.004 -11"><span class='ocrx_word' id='word_1_253' title='bbox 173 1769 282 1796; x_wconf 83' lang='lat' dir='ltr'><strong>propter</strong></span> <span class='ocrx_word' id='word_1_254' title='bbox 301 1766 380 1796; x_wconf 73' lang='lat' dir='ltr'><strong>ipsius</strong></span> <span class='ocrx_word' id='word_1_255' title='bbox 400 1766 606 1797; x_wconf 85' lang='lat' dir='ltr'><strong>promissionem.</strong></span> <span class='ocrx_word' id='word_1_256' title='bbox 633 1767 760 1790; x_wconf 82' lang='lat' dir='ltr'><strong>Assensus</strong></span> <span class='ocrx_word' id='word_1_257' title='bbox 779 1771 817 1790; x_wconf 77' lang='lat' dir='ltr'><strong>est</strong></span> <span class='ocrx_word' id='word_1_258' title='bbox 835 1768 1001 1799; x_wconf 83' lang='lat' dir='ltr'><strong>promissioni</strong></span> <span class='ocrx_word' id='word_1_259' title='bbox 1020 1769 1078 1798; x_wconf 85' lang='lat' dir='ltr'><strong>Dei,</strong></span> 
     </span>
     <span class='ocr_line' id='line_1_37' title="bbox 172 1800 1078 1830; baseline 0.004 -8"><span class='ocrx_word' id='word_1_260' title='bbox 172 1806 221 1823; x_wconf 85' lang='lat' dir='ltr'><strong>nec</strong></span> <span class='ocrx_word' id='word_1_261' title='bbox 238 1807 328 1830; x_wconf 82' lang='lat' dir='ltr'><strong>passus</strong></span> <span class='ocrx_word' id='word_1_262' title='bbox 351 1804 390 1823; x_wconf 87' lang='lat' dir='ltr'><strong>est</strong></span> <span class='ocrx_word' id='word_1_263' title='bbox 413 1807 441 1822; x_wconf 88' lang='lat' dir='ltr'><strong>se</strong></span> <span class='ocrx_word' id='word_1_264' title='bbox 459 1800 491 1823; x_wconf 86' lang='lat' dir='ltr'><strong>ab</strong></span> <span class='ocrx_word' id='word_1_265' title='bbox 511 1807 541 1823; x_wconf 79' lang='lat' dir='ltr'><strong>ca</strong></span> <span class='ocrx_word' id='word_1_266' title='bbox 559 1800 687 1830; x_wconf 79' lang='lat' dir='ltr'><strong>abstrahi,</strong></span> <span class='ocrx_word' id='word_1_267' title='bbox 709 1801 787 1824; x_wconf 88' lang='lat' dir='ltr'><strong>etiam</strong></span> <span class='ocrx_word' id='word_1_268' title='bbox 812 1802 833 1825; x_wconf 85' lang='lat' dir='ltr'><strong>si</strong></span> <span class='ocrx_word' id='word_1_269' title='bbox 852 1802 957 1826; x_wconf 82' lang='lat' dir='ltr'><strong>videbat</strong></span> <span class='ocrx_word' id='word_1_270' title='bbox 979 1809 1005 1825; x_wconf 88' lang='lat' dir='ltr'><strong>se</strong></span> <span class='ocrx_word' id='word_1_271' title='bbox 1033 1803 1078 1826; x_wconf 89' lang='lat' dir='ltr'><strong>im-</strong></span> 
     </span>
     <span class='ocr_line' id='line_1_38' title="bbox 172 1833 1078 1867; baseline 0.004 -11"><span class='ocrx_word' id='word_1_272' title='bbox 172 1833 296 1857; x_wconf 86' lang='lat' dir='ltr'><strong>mundum</strong></span> <span class='ocrx_word' id='word_1_273' title='bbox 322 1838 399 1865; x_wconf 79' lang='lat' dir='ltr'><strong>atque</strong></span> <span class='ocrx_word' id='word_1_274' title='bbox 423 1834 558 1864; x_wconf 86' lang='lat' dir='ltr'><strong>indignum</strong></span> <span class='ocrx_word' id='word_1_275' title='bbox 581 1841 645 1858; x_wconf 84' lang='lat' dir='ltr'><strong>esse.</strong></span> <span class='ocrx_word' id='word_1_276' title='bbox 682 1834 822 1859; x_wconf 79' lang='lat' dir='ltr'><strong>Senciebat</strong></span> <span class='ocrx_word' id='word_1_277' title='bbox 845 1836 930 1859; x_wconf 88' lang='lat' dir='ltr'><strong>Deum</strong></span> <span class='ocrx_word' id='word_1_278' title='bbox 949 1840 1078 1867; x_wconf 82' lang='lat' dir='ltr'><strong>praestare</strong></span> 
     </span>
     <span class='ocr_line' id='line_1_39' title="bbox 174 1868 1080 1901; baseline 0.004 -11"><span class='ocrx_word' id='word_1_279' title='bbox 174 1868 329 1899; x_wconf 85' lang='lat' dir='ltr'><strong>promissum</strong></span> <span class='ocrx_word' id='word_1_280' title='bbox 347 1871 452 1899; x_wconf 83' lang='lat' dir='ltr'><strong>propter</strong></span> <span class='ocrx_word' id='word_1_281' title='bbox 469 1869 604 1891; x_wconf 82' lang='lat' dir='ltr'><strong>ueritatem</strong></span> <span class='ocrx_word' id='word_1_282' title='bbox 624 1876 710 1898; x_wconf 82' lang='lat' dir='ltr'><strong>suam,</strong></span> <span class='ocrx_word' id='word_1_283' title='bbox 731 1876 782 1892; x_wconf 91' lang='lat' dir='ltr'><strong>non</strong></span> <span class='ocrx_word' id='word_1_284' title='bbox 805 1874 912 1901; x_wconf 82' lang='lat' dir='ltr'><strong>propter</strong></span> <span class='ocrx_word' id='word_1_285' title='bbox 935 1877 1015 1901; x_wconf 84' lang='lat' dir='ltr'><strong>opera</strong></span> <span class='ocrx_word' id='word_1_286' title='bbox 1036 1875 1080 1894; x_wconf 86' lang='lat' dir='ltr'><strong>aut</strong></span> 
     </span>
     <span class='ocr_line' id='line_1_40' title="bbox 173 1901 1078 1934; baseline 0.004 -10"><span class='ocrx_word' id='word_1_287' title='bbox 173 1902 265 1924; x_wconf 86' lang='lat' dir='ltr'><strong>merita</strong></span> <span class='ocrx_word' id='word_1_288' title='bbox 284 1905 381 1925; x_wconf 76' lang='lat' dir='ltr'><strong>nostra.</strong></span> <span class='ocrx_word' id='word_1_289' title='bbox 408 1901 464 1925; x_wconf 87' lang='lat' dir='ltr'><strong>Nec</strong></span> <span class='ocrx_word' id='word_1_290' title='bbox 483 1907 590 1933; x_wconf 79' lang='lat' dir='ltr'><strong>possunt</strong></span> <span class='ocrx_word' id='word_1_291' title='bbox 608 1903 774 1933; x_wconf 78' lang='lat' dir='ltr'><strong>acquiescere</strong></span> <span class='ocrx_word' id='word_1_292' title='bbox 792 1904 976 1933; x_wconf 79' lang='lat' dir='ltr'><strong>perterrefacta</strong></span> <span class='ocrx_word' id='word_1_293' title='bbox 991 1906 1078 1934; x_wconf 84' lang='lat' dir='ltr'><strong>corda,</strong></span> 
     </span>
     <span class='ocr_line' id='line_1_41' title="bbox 174 1935 1079 1970; baseline 0.006 -12"><span class='ocrx_word' id='word_1_294' title='bbox 174 1936 196 1958; x_wconf 80' lang='lat' dir='ltr'><strong>si</strong></span> <span class='ocrx_word' id='word_1_295' title='bbox 214 1936 309 1958; x_wconf 83' lang='lat' dir='ltr'><strong>sentire</strong></span> <span class='ocrx_word' id='word_1_296' title='bbox 327 1935 436 1965; x_wconf 85' lang='lat' dir='ltr'><strong>debent,</strong></span> <span class='ocrx_word' id='word_1_297' title='bbox 461 1943 489 1960; x_wconf 83' lang='lat' dir='ltr'><strong>se</strong></span> <span class='ocrx_word' id='word_1_298' title='bbox 512 1940 615 1967; x_wconf 89' lang='lat' dir='ltr'><strong>propter</strong></span> <span class='ocrx_word' id='word_1_299' title='bbox 637 1943 716 1967; x_wconf 80' lang='lat' dir='ltr'><strong>opera</strong></span> <span class='ocrx_word' id='word_1_300' title='bbox 742 1939 859 1968; x_wconf 85' lang='lat' dir='ltr'><strong>propria,</strong></span> <span class='ocrx_word' id='word_1_301' title='bbox 882 1942 927 1962; x_wconf 88' lang='lat' dir='ltr'><strong>aut</strong></span> <span class='ocrx_word' id='word_1_302' title='bbox 948 1941 1079 1970; x_wconf 86' lang='lat' dir='ltr'><strong>propriam</strong></span> 
     </span>
     <span class='ocr_line' id='line_1_42' title="bbox 174 1969 1078 2003; baseline 0.006 -11"><span class='ocrx_word' id='word_1_303' title='bbox 174 1969 349 1998; x_wconf 81' lang='lat' dir='ltr'><strong>dilectionem,</strong></span> <span class='ocrx_word' id='word_1_304' title='bbox 367 1974 412 1994; x_wconf 81' lang='lat' dir='ltr'><strong>aut</strong></span> <span class='ocrx_word' id='word_1_305' title='bbox 428 1970 494 2000; x_wconf 85' lang='lat' dir='ltr'><strong>legis</strong></span> <span class='ocrx_word' id='word_1_306' title='bbox 513 1971 688 2001; x_wconf 83' lang='lat' dir='ltr'><strong>impletionem</strong></span> <span class='ocrx_word' id='word_1_307' title='bbox 712 1971 827 2002; x_wconf 79' lang='lat' dir='ltr'><strong>plac-ere,</strong></span> <span class='ocrx_word' id='word_1_308' title='bbox 853 1973 914 2003; x_wconf 82' lang='lat' dir='ltr'><strong>quia</strong></span> <span class='ocrx_word' id='word_1_309' title='bbox 937 1973 1028 1997; x_wconf 84' lang='lat' dir='ltr'><strong>haeret</strong></span> <span class='ocrx_word' id='word_1_310' title='bbox 1052 1975 1078 1997; x_wconf 95' lang='lat' dir='ltr'><strong>in</strong></span> 
     </span>
     <span class='ocr_line' id='line_1_43' title="bbox 175 2004 1079 2036; baseline 0.008 -11"><span class='ocrx_word' id='word_1_311' title='bbox 175 2010 252 2026; x_wconf 85' lang='lat' dir='ltr'><strong>carne</strong></span> <span class='ocrx_word' id='word_1_312' title='bbox 277 2006 426 2034; x_wconf 84' lang='lat' dir='ltr'><strong>peccatum,</strong></span> <span class='ocrx_word' id='word_1_313' title='bbox 450 2004 519 2034; x_wconf 84' lang='lat' dir='ltr'><strong>quod</strong></span> <span class='ocrx_word' id='word_1_314' title='bbox 543 2012 644 2036; x_wconf 84' lang='lat' dir='ltr'><strong>semper</strong></span> <span class='ocrx_word' id='word_1_315' title='bbox 673 2010 778 2029; x_wconf 77' lang='lat' dir='ltr'><strong>accusat</strong></span> <span class='ocrx_word' id='word_1_316' title='bbox 800 2013 854 2030; x_wconf 90' lang='lat' dir='ltr'><strong>nos.</strong></span> <span class='ocrx_word' id='word_1_317' title='bbox 891 2007 965 2030; x_wconf 83' lang='lat' dir='ltr'><strong>Tunc</strong></span> <span class='ocrx_word' id='word_1_318' title='bbox 993 2012 1079 2032; x_wconf 81' lang='lat' dir='ltr'><strong>autem</strong></span> 
     </span>
     <span class='ocr_line' id='line_1_44' title="bbox 174 2037 1078 2071; baseline 0.007 -12"><span class='ocrx_word' id='word_1_319' title='bbox 174 2037 342 2067; x_wconf 88' lang='lat' dir='ltr'><strong>acquiescunt</strong></span> <span class='ocrx_word' id='word_1_320' title='bbox 360 2037 454 2067; x_wconf 83' lang='lat' dir='ltr'><strong>corda,</strong></span> <span class='ocrx_word' id='word_1_321' title='bbox 472 2038 576 2068; x_wconf 85' lang='lat' dir='ltr'><strong>quando</strong></span> <span class='ocrx_word' id='word_1_322' title='bbox 595 2039 621 2062; x_wconf 95' lang='lat' dir='ltr'><strong>in</strong></span> <span class='ocrx_word' id='word_1_323' title='bbox 646 2039 697 2062; x_wconf 87' lang='lat' dir='ltr'><strong>illis</strong></span> <span class='ocrx_word' id='word_1_324' title='bbox 722 2040 862 2064; x_wconf 85' lang='lat' dir='ltr'><strong>terroribus</strong></span> <span class='ocrx_word' id='word_1_325' title='bbox 885 2045 999 2065; x_wconf 77' lang='lat' dir='ltr'><strong>statuunt</strong></span> <span class='ocrx_word' id='word_1_326' title='bbox 1023 2049 1078 2071; x_wconf 84' lang='lat' dir='ltr'><strong>nos,</strong></span> 
     </span>
     <span class='ocr_line' id='line_1_45' title="bbox 174 2070 1078 2106; baseline 0.006 -12"><span class='ocrx_word' id='word_1_327' title='bbox 174 2071 234 2094; x_wconf 85' lang='lat' dir='ltr'><strong>ideo</strong></span> <span class='ocrx_word' id='word_1_328' title='bbox 252 2070 314 2102; x_wconf 89' lang='lat' dir='ltr'><strong>[Ed.</strong></span> <span class='ocrx_word' id='word_1_329' title='bbox 337 2072 363 2095; x_wconf 89' lang='grc'><strong>3.</strong></span> <span class='ocrx_word' id='word_1_330' title='bbox 383 2079 431 2103; x_wconf 80' lang='lat' dir='ltr'><strong>pro</strong></span> <span class='ocrx_word' id='word_1_331' title='bbox 455 2075 571 2095; x_wconf 81' lang='lat' dir='ltr'><strong>statnnnt</strong></span> <span class='ocrx_word' id='word_1_332' title='bbox 594 2079 657 2102; x_wconf 84' lang='lat' dir='ltr'><strong>nos,</strong></span> <span class='ocrx_word' id='word_1_333' title='bbox 685 2074 744 2097; x_wconf 87' lang='lat' dir='ltr'><strong>ideo</strong></span> <span class='ocrx_word' id='word_1_334' title='bbox 770 2073 855 2099; x_wconf 75' lang='lat' dir='ltr'><strong>habet:</strong></span> <span class='ocrx_word' id='word_1_335' title='bbox 879 2078 1006 2106; x_wconf 79' lang='lat' dir='ltr'><strong>statuunt,</strong></span> <span class='ocrx_word' id='word_1_336' title='bbox 1031 2083 1078 2099; x_wconf 91' lang='lat' dir='ltr'><strong>nos</strong></span> 
     </span>
     <span class='ocr_line' id='line_1_46' title="bbox 173 2104 1078 2142; baseline 0.007 -14"><span class='ocrx_word' id='word_1_337' title='bbox 173 2104 247 2136; x_wconf 74' lang='lat' dir='ltr'><strong>ideo]</strong></span> <span class='ocrx_word' id='word_1_338' title='bbox 268 2105 371 2135; x_wconf 81' lang='lat' dir='ltr'><strong>placere</strong></span> <span class='ocrx_word' id='word_1_339' title='bbox 391 2105 460 2135; x_wconf 86' lang='lat' dir='ltr'><strong>Deo,</strong></span> <span class='ocrx_word' id='word_1_340' title='bbox 479 2106 540 2136; x_wconf 84' lang='lat' dir='ltr'><strong>quia</strong></span> <span class='ocrx_word' id='word_1_341' title='bbox 558 2107 690 2137; x_wconf 79' lang='lat' dir='ltr'><strong>promisit,</strong></span> <span class='ocrx_word' id='word_1_342' title='bbox 714 2111 741 2130; x_wconf 80' lang='lat' dir='ltr'><strong>rt</strong></span> <span class='ocrx_word' id='word_1_343' title='bbox 758 2108 842 2131; x_wconf 91' lang='lat' dir='ltr'><strong>Deum</strong></span> <span class='ocrx_word' id='word_1_344' title='bbox 865 2114 996 2140; x_wconf 79' lang='lat' dir='ltr'><strong>praestare</strong></span> <span class='ocrx_word' id='word_1_345' title='bbox 1020 2118 1078 2142; x_wconf 88' lang='lat' dir='ltr'><strong>pro-</strong></span> 
     </span>
     <span class='ocr_line' id='line_1_47' title="bbox 175 2139 1078 2174; baseline 0.008 -13"><span class='ocrx_word' id='word_1_346' title='bbox 175 2139 280 2162; x_wconf 83' lang='lat' dir='ltr'><strong>missum</strong></span> <span class='ocrx_word' id='word_1_347' title='bbox 299 2144 404 2170; x_wconf 88' lang='lat' dir='ltr'><strong>propter</strong></span> <span class='ocrx_word' id='word_1_348' title='bbox 422 2147 493 2163; x_wconf 86' lang='lat' dir='ltr'><strong>suam</strong></span> <span class='ocrx_word' id='word_1_349' title='bbox 511 2141 655 2169; x_wconf 76' lang='lat' dir='ltr'><strong>ueritatem,</strong></span> <span class='ocrx_word' id='word_1_350' title='bbox 670 2148 722 2164; x_wconf 92' lang='lat' dir='ltr'><strong>non</strong></span> <span class='ocrx_word' id='word_1_351' title='bbox 740 2146 844 2174; x_wconf 89' lang='lat' dir='ltr'><strong>propter</strong></span> <span class='ocrx_word' id='word_1_352' title='bbox 861 2143 1013 2174; x_wconf 84' lang='lat' dir='ltr'><strong>dignitatem</strong></span> <span class='ocrx_word' id='word_1_353' title='bbox 1031 2152 1078 2168; x_wconf 89' lang='lat' dir='ltr'><strong>no-</strong></span> 
     </span>
     <span class='ocr_line' id='line_1_48' title="bbox 174 2173 1078 2209; baseline 0.007 -12"><span class='ocrx_word' id='word_1_354' title='bbox 174 2177 261 2197; x_wconf 84' lang='lat' dir='ltr'><strong>stram.</strong></span> <span class='ocrx_word' id='word_1_355' title='bbox 288 2173 329 2197; x_wconf 83' lang='lat' dir='ltr'><strong>Ita</strong></span> <span class='ocrx_word' id='word_1_356' title='bbox 346 2173 479 2197; x_wconf 76' lang='lat' dir='ltr'><strong>Abraham</strong></span> <span class='ocrx_word' id='word_1_357' title='bbox 497 2174 598 2198; x_wconf 86' lang='lat' dir='ltr'><strong>audiuit</strong></span> <span class='ocrx_word' id='word_1_358' title='bbox 614 2174 682 2198; x_wconf 82' lang='lat' dir='ltr'><strong>hanc</strong></span> <span class='ocrx_word' id='word_1_359' title='bbox 700 2182 805 2205; x_wconf 86' lang='lat' dir='ltr'><strong>uocem,</strong></span> <span class='ocrx_word' id='word_1_360' title='bbox 823 2176 886 2200; x_wconf 85' lang='lat' dir='ltr'><strong>Noli</strong></span> <span class='ocrx_word' id='word_1_361' title='bbox 904 2179 1003 2208; x_wconf 83' lang='lat' dir='ltr'><strong>timere,</strong></span> <span class='ocrx_word' id='word_1_362' title='bbox 1022 2179 1078 2209; x_wconf 85' lang='lat' dir='ltr'><strong>Ego</strong></span> 
     </span>
     <span class='ocr_line' id='line_1_49' title="bbox 176 2207 1078 2240; baseline 0.008 -10"><span class='ocrx_word' id='word_1_363' title='bbox 176 2207 243 2230; x_wconf 88' lang='lat' dir='ltr'><strong>enim</strong></span> <span class='ocrx_word' id='word_1_364' title='bbox 262 2214 317 2230; x_wconf 84' lang='lat' dir='ltr'><strong>sum</strong></span> <span class='ocrx_word' id='word_1_365' title='bbox 335 2211 468 2238; x_wconf 85' lang='lat' dir='ltr'><strong>protector</strong></span> <span class='ocrx_word' id='word_1_366' title='bbox 486 2212 543 2232; x_wconf 79' lang='lat' dir='ltr'><strong>tuns</strong></span> <span class='ocrx_word' id='word_1_367' title='bbox 562 2213 611 2233; x_wconf 82' lang='lat' dir='ltr'><strong>etc.</strong></span> <span class='ocrx_word' id='word_1_368' title='bbox 640 2209 690 2233; x_wconf 83' lang='lat' dir='ltr'><strong>Hic</strong></span> <span class='ocrx_word' id='word_1_369' title='bbox 709 2210 791 2233; x_wconf 86' lang='lat' dir='ltr'><strong>crexit</strong></span> <span class='ocrx_word' id='word_1_370' title='bbox 809 2218 844 2240; x_wconf 78' lang='lat' dir='ltr'><strong>se,</strong></span> <span class='ocrx_word' id='word_1_371' title='bbox 863 2215 888 2234; x_wconf 85' lang='lat' dir='ltr'><strong>ct</strong></span> <span class='ocrx_word' id='word_1_372' title='bbox 902 2213 983 2236; x_wconf 83' lang='lat' dir='ltr'><strong>sensit</strong></span> <span class='ocrx_word' id='word_1_373' title='bbox 995 2213 1078 2237; x_wconf 88' lang='lat' dir='ltr'><strong>Deum</strong></span> 
     </span>
     <span class='ocr_line' id='line_1_50' title="bbox 174 2241 1079 2278; baseline 0.007 -13"><span class='ocrx_word' id='word_1_374' title='bbox 174 2241 224 2265; x_wconf 82' lang='lat' dir='ltr'><strong>sibi</strong></span> <span class='ocrx_word' id='word_1_375' title='bbox 242 2242 384 2272; x_wconf 84' lang='lat' dir='ltr'><strong>propicium</strong></span> <span class='ocrx_word' id='word_1_376' title='bbox 402 2249 473 2271; x_wconf 58' lang='lat' dir='ltr'><strong>essi,</strong></span> <span class='ocrx_word' id='word_1_377' title='bbox 496 2250 548 2265; x_wconf 91' lang='lat' dir='ltr'><strong>non</strong></span> <span class='ocrx_word' id='word_1_378' title='bbox 567 2243 627 2273; x_wconf 84' lang='lat' dir='ltr'><strong>quia</strong></span> <span class='ocrx_word' id='word_1_379' title='bbox 645 2243 697 2274; x_wconf 86' lang='lat' dir='ltr'><strong>ipse</strong></span> <span class='ocrx_word' id='word_1_380' title='bbox 715 2244 819 2268; x_wconf 81' lang='lat' dir='ltr'><strong>meritus</strong></span> <span class='ocrx_word' id='word_1_381' title='bbox 837 2250 919 2275; x_wconf 83' lang='lat' dir='ltr'><strong>esset,</strong></span> <span class='ocrx_word' id='word_1_382' title='bbox 942 2246 994 2270; x_wconf 82' lang='lat' dir='ltr'><strong>Sed</strong></span> <span class='ocrx_word' id='word_1_383' title='bbox 1019 2249 1079 2278; x_wconf 78' lang='lat' dir='ltr'><strong>quia</strong></span> 
     </span>
     <span class='ocr_line' id='line_1_51' title="bbox 176 2256 1106 2314; baseline 0.009 -16"><span class='ocrx_word' id='word_1_384' title='bbox 176 2282 280 2299; x_wconf 81' lang='lat' dir='ltr'><strong>necesse</strong></span> <span class='ocrx_word' id='word_1_385' title='bbox 298 2280 365 2299; x_wconf 78' lang='lat' dir='ltr'><strong>esset</strong></span> <span class='ocrx_word' id='word_1_386' title='bbox 383 2276 432 2299; x_wconf 91' lang='lat' dir='ltr'><strong>Dei</strong></span> <span class='ocrx_word' id='word_1_387' title='bbox 452 2277 650 2307; x_wconf 77' lang='lat' dir='ltr'><strong>promissionem</strong></span> <span class='ocrx_word' id='word_1_388' title='bbox 674 2285 760 2300; x_wconf 79' lang='lat' dir='ltr'><strong>ueram</strong></span> <span class='ocrx_word' id='word_1_389' title='bbox 785 2279 901 2303; x_wconf 84' lang='lat' dir='ltr'><strong>iudicari.</strong></span> <span class='ocrx_word' id='word_1_390' title='bbox 937 2281 1009 2304; x_wconf 83' lang='lat' dir='ltr'><strong>Haec</strong></span> <span class='ocrx_word' id='word_1_391' title='bbox 1030 2282 1079 2312; x_wconf 87' lang='lat' dir='ltr'><strong>igi·</strong></span> <span class='ocrx_word' id='word_1_392' title='bbox 1102 2256 1106 2314; x_wconf 81' lang='grc' dir='ltr'>Ι</span> 
     </span>
     <span class='ocr_line' id='line_1_52' title="bbox 176 2309 1107 2349; baseline 0.008 -17"><span class='ocrx_word' id='word_1_393' title='bbox 176 2313 217 2332; x_wconf 84' lang='lat' dir='ltr'><strong>mr</strong></span> <span class='ocrx_word' id='word_1_394' title='bbox 234 2309 298 2332; x_wconf 82' lang='lat' dir='ltr'><strong>fides</strong></span> <span class='ocrx_word' id='word_1_395' title='bbox 317 2311 457 2340; x_wconf 84' lang='lat' dir='ltr'><strong>imputatur</strong></span> <span class='ocrx_word' id='word_1_396' title='bbox 476 2312 499 2334; x_wconf 85' lang='lat' dir='ltr'><strong>ei</strong></span> <span class='ocrx_word' id='word_1_397' title='bbox 518 2318 563 2342; x_wconf 89' lang='lat' dir='ltr'><strong>pro</strong></span> <span class='ocrx_word' id='word_1_398' title='bbox 583 2312 698 2341; x_wconf 76' lang='lat' dir='ltr'><strong>iusticia,</strong></span> <span class='ocrx_word' id='word_1_399' title='bbox 717 2311 767 2334; x_wconf 87' lang='lat' dir='ltr'><strong>hoc</strong></span> <span class='ocrx_word' id='word_1_400' title='bbox 787 2317 837 2343; x_wconf 83' lang='lat' dir='ltr'><strong>est,</strong></span> <span class='ocrx_word' id='word_1_401' title='bbox 862 2315 922 2343; x_wconf 85' lang='lat' dir='ltr'><strong>quia</strong></span> <span class='ocrx_word' id='word_1_402' title='bbox 939 2316 1080 2339; x_wconf 82' lang='lat' dir='ltr'><strong>assentitur</strong></span> <span class='ocrx_word' id='word_1_403' title='bbox 1103 2321 1107 2349; x_wconf 64' lang='grc' dir='ltr'><strong>ι</strong></span> 
     </span>
     <span class='ocr_line' id='line_1_53' title="bbox 175 2343 1107 2378; baseline 0.01 -13"><span class='ocrx_word' id='word_1_404' title='bbox 175 2343 349 2374; x_wconf 81' lang='lat' dir='ltr'><strong>promissioni,</strong></span> <span class='ocrx_word' id='word_1_405' title='bbox 368 2349 393 2368; x_wconf 82' lang='lat' dir='ltr'><strong>et</strong></span> <span class='ocrx_word' id='word_1_406' title='bbox 411 2345 505 2376; x_wconf 81' lang='lat' dir='ltr'><strong>accipit</strong></span> <span class='ocrx_word' id='word_1_407' title='bbox 529 2345 642 2369; x_wconf 72' lang='lat' dir='ltr'><strong>oblatam</strong></span> <span class='ocrx_word' id='word_1_408' title='bbox 667 2346 918 2378; x_wconf 79' lang='lat' dir='ltr'><strong>reconciliationem,</strong></span> <span class='ocrx_word' id='word_1_409' title='bbox 945 2350 996 2373; x_wconf 77' lang='lat' dir='ltr'><strong>iam</strong></span> <span class='ocrx_word' id='word_1_410' title='bbox 1019 2357 1080 2373; x_wconf 78' lang='lat' dir='ltr'><strong>uere</strong></span> <span class='ocrx_word' id='word_1_411' title='bbox 1104 2358 1107 2365; x_wconf 95' lang='grc'><em>·</em></span> 
     </span>
     <span class='ocr_line' id='line_1_54' title="bbox 177 2377 1108 2414; baseline 0.009 -14"><span class='ocrx_word' id='word_1_412' title='bbox 177 2381 215 2400; x_wconf 76' lang='lat' dir='ltr'><strong>est</strong></span> <span class='ocrx_word' id='word_1_413' title='bbox 233 2377 313 2400; x_wconf 83' lang='lat' dir='ltr'><strong>iustus</strong></span> <span class='ocrx_word' id='word_1_414' title='bbox 333 2382 358 2401; x_wconf 83' lang='lat' dir='ltr'><strong>et</strong></span> <span class='ocrx_word' id='word_1_415' title='bbox 382 2382 501 2410; x_wconf 81' lang='lat' dir='ltr'><strong>acceptus</strong></span> <span class='ocrx_word' id='word_1_416' title='bbox 524 2379 595 2408; x_wconf 79' lang='lat' dir='ltr'><strong>Deo,</strong></span> <span class='ocrx_word' id='word_1_417' title='bbox 620 2387 672 2403; x_wconf 87' lang='lat' dir='ltr'><strong>non</strong></span> <span class='ocrx_word' id='word_1_418' title='bbox 696 2383 800 2411; x_wconf 79' lang='lat' dir='ltr'><strong>propter</strong></span> <span class='ocrx_word' id='word_1_419' title='bbox 824 2381 975 2411; x_wconf 80' lang='lat' dir='ltr'><strong>dignitatem</strong></span> <span class='ocrx_word' id='word_1_420' title='bbox 999 2391 1079 2414; x_wconf 82' lang='lat' dir='ltr'><strong>suain,</strong></span> <span class='ocrx_word' id='word_1_421' title='bbox 1103 2377 1108 2409; x_wconf 84' lang='lat' dir='ltr'>l</span> 
     </span>
     <span class='ocr_line' id='line_1_55' title="bbox 177 2410 1108 2453; baseline 0.01 -20"><span class='ocrx_word' id='word_1_422' title='bbox 177 2410 221 2434; x_wconf 82' lang='lat' dir='ltr'><strong>scd</strong></span> <span class='ocrx_word' id='word_1_423' title='bbox 240 2412 301 2441; x_wconf 80' lang='lat' dir='ltr'><strong>quia.</strong></span> <span class='ocrx_word' id='word_1_424' title='bbox 318 2413 457 2442; x_wconf 68' lang='lat' dir='ltr'><strong>gratuitam</strong></span> <span class='ocrx_word' id='word_1_425' title='bbox 475 2414 670 2444; x_wconf 82' lang='lat' dir='ltr'><strong>promissionem</strong></span> <span class='ocrx_word' id='word_1_426' title='bbox 694 2414 743 2437; x_wconf 79' lang='lat' dir='ltr'><strong>Dei</strong></span> <span class='ocrx_word' id='word_1_427' title='bbox 767 2415 869 2445; x_wconf 79' lang='lat' dir='ltr'><strong>accipit.</strong></span> <span class='ocrx_word' id='word_1_428' title='bbox 905 2415 963 2440; x_wconf 86' lang='lat' dir='ltr'><strong>Non</strong></span> <span class='ocrx_word' id='word_1_429' title='bbox 987 2418 1081 2441; x_wconf 75' lang='lat' dir='ltr'><strong>frustra</strong></span> <span class='ocrx_word' id='word_1_430' title='bbox 1104 2413 1108 2453; x_wconf 58' lang='lat' dir='ltr'><strong>l</strong></span> 
     </span>
     <span class='ocr_line' id='line_1_56' title="bbox 176 2444 1078 2482; baseline 0.009 -15"><span class='ocrx_word' id='word_1_431' title='bbox 176 2444 274 2475; x_wconf 81' lang='lat' dir='ltr'><strong>placuit</strong></span> <span class='ocrx_word' id='word_1_432' title='bbox 292 2445 372 2469; x_wconf 82' lang='lat' dir='ltr'><strong>Panlo</strong></span> <span class='ocrx_word' id='word_1_433' title='bbox 390 2446 441 2470; x_wconf 87' lang='lat' dir='ltr'><strong>hoc</strong></span> <span class='ocrx_word' id='word_1_434' title='bbox 459 2449 633 2471; x_wconf 77' lang='lat' dir='ltr'><strong>testimoninm</strong></span> <span class='ocrx_word' id='word_1_435' title='bbox 652 2448 768 2472; x_wconf 82' lang='lat' dir='ltr'><strong>Genesis.</strong></span> <span class='ocrx_word' id='word_1_436' title='bbox 807 2448 929 2474; x_wconf 76' lang='lat' dir='ltr'><strong>Videmus</strong></span> <span class='ocrx_word' id='word_1_437' title='bbox 949 2453 1078 2482; x_wconf 90' lang='lat' dir='ltr'><strong>quomodo</strong></span> 
     </span>
     <span class='ocr_line' id='line_1_57' title="bbox 178 2481 1080 2516; baseline 0.009 -15"><span class='ocrx_word' id='word_1_438' title='bbox 178 2483 329 2509; x_wconf 80' lang='lat' dir='ltr'><strong>exaggerat,</strong></span> <span class='ocrx_word' id='word_1_439' title='bbox 347 2487 423 2511; x_wconf 84' lang='lat' dir='ltr'><strong>quam</strong></span> <span class='ocrx_word' id='word_1_440' title='bbox 442 2481 582 2512; x_wconf 77' lang='lat' dir='ltr'><strong>diligenter</strong></span> <span class='ocrx_word' id='word_1_441' title='bbox 607 2483 632 2505; x_wconf 93' lang='lat' dir='ltr'><strong>in</strong></span> <span class='ocrx_word' id='word_1_442' title='bbox 657 2489 687 2505; x_wconf 90' lang='lat' dir='ltr'><strong>eo</strong></span> <span class='ocrx_word' id='word_1_443' title='bbox 712 2487 899 2513; x_wconf 53' lang='lat' dir='ltr'><strong>commoratur,</strong></span> <span class='ocrx_word' id='word_1_444' title='bbox 923 2485 985 2516; x_wconf 88' lang='lat' dir='ltr'><strong>quia</strong></span> <span class='ocrx_word' id='word_1_445' title='bbox 1007 2487 1080 2509; x_wconf 88' lang='lat' dir='ltr'><strong>uide-</strong></span> 
     </span>
     <span class='ocr_line' id='line_1_58' title="bbox 177 2512 1108 2553; baseline 0.009 -18"><span class='ocrx_word' id='word_1_446' title='bbox 177 2512 221 2536; x_wconf 77' lang='lat' dir='ltr'><strong>bat</strong></span> <span class='ocrx_word' id='word_1_447' title='bbox 239 2517 356 2537; x_wconf 84' lang='lat' dir='ltr'><strong>naturam</strong></span> <span class='ocrx_word' id='word_1_448' title='bbox 374 2514 434 2538; x_wconf 84' lang='lat' dir='ltr'><strong>fidei</strong></span> <span class='ocrx_word' id='word_1_449' title='bbox 454 2515 482 2538; x_wconf 88' lang='lat' dir='ltr'><strong>in</strong></span> <span class='ocrx_word' id='word_1_450' title='bbox 501 2516 549 2539; x_wconf 83' lang='lat' dir='ltr'><strong>hoc</strong></span> <span class='ocrx_word' id='word_1_451' title='bbox 569 2517 626 2539; x_wconf 78' lang='lat' dir='ltr'><strong>loco</strong></span> <span class='ocrx_word' id='word_1_452' title='bbox 650 2515 726 2539; x_wconf 79' lang='lat' dir='ltr'><strong>facile</strong></span> <span class='ocrx_word' id='word_1_453' title='bbox 750 2518 862 2547; x_wconf 83' lang='lat' dir='ltr'><strong>perspici</strong></span> <span class='ocrx_word' id='word_1_454' title='bbox 885 2525 976 2548; x_wconf 81' lang='lat' dir='ltr'><strong>posse,</strong></span> <span class='ocrx_word' id='word_1_455' title='bbox 1002 2520 1080 2543; x_wconf 87' lang='lat' dir='ltr'><strong>Vide·</strong></span> <span class='ocrx_word' id='word_1_456' title='bbox 1104 2529 1108 2553; x_wconf 56' lang='lat' dir='ltr'><strong>i</strong></span> 
     </span>
     <span class='ocr_line' id='line_1_59' title="bbox 177 2547 1079 2580; baseline 0.009 -11"><span class='ocrx_word' id='word_1_457' title='bbox 177 2547 221 2570; x_wconf 81' lang='lat' dir='ltr'><strong>bat</strong></span> <span class='ocrx_word' id='word_1_458' title='bbox 240 2547 335 2571; x_wconf 78' lang='lat' dir='ltr'><strong>diserte</strong></span> <span class='ocrx_word' id='word_1_459' title='bbox 354 2548 414 2572; x_wconf 81' lang='lat' dir='ltr'><strong>addi</strong></span> <span class='ocrx_word' id='word_1_460' title='bbox 426 2550 600 2573; x_wconf 80' lang='lat' dir='ltr'><strong>testimonium</strong></span> <span class='ocrx_word' id='word_1_461' title='bbox 620 2551 652 2573; x_wconf 89' lang='lat' dir='ltr'><strong>de</strong></span> <span class='ocrx_word' id='word_1_462' title='bbox 668 2551 836 2580; x_wconf 78' lang='lat' dir='ltr'><strong>imputatione</strong></span> <span class='ocrx_word' id='word_1_463' title='bbox 848 2552 973 2576; x_wconf 81' lang='lat' dir='ltr'><strong>iusticiae.</strong></span> <span class='ocrx_word' id='word_1_464' title='bbox 1002 2553 1079 2577; x_wconf 86' lang='lat' dir='ltr'><strong>Vide-</strong></span> 
     </span>
     <span class='ocr_line' id='line_1_60' title="bbox 179 2556 1108 2616; baseline 0.009 -12"><span class='ocrx_word' id='word_1_465' title='bbox 179 2580 222 2604; x_wconf 78' lang='lat' dir='ltr'><strong>bat</strong></span> <span class='ocrx_word' id='word_1_466' title='bbox 248 2581 327 2606; x_wconf 87' lang='lat' dir='ltr'><strong>adimi</strong></span> <span class='ocrx_word' id='word_1_467' title='bbox 353 2583 474 2613; x_wconf 75' lang='lat' dir='ltr'><strong>operibus</strong></span> <span class='ocrx_word' id='word_1_468' title='bbox 501 2584 603 2608; x_wconf 81' lang='lat' dir='ltr'><strong>laudem</strong></span> <span class='ocrx_word' id='word_1_469' title='bbox 627 2584 812 2616; x_wconf 76' lang='lat' dir='ltr'><strong>promerendae</strong></span> <span class='ocrx_word' id='word_1_470' title='bbox 842 2586 1030 2611; x_wconf 79' lang='lat' dir='ltr'><strong>iustificationis</strong></span> <span class='ocrx_word' id='word_1_471' title='bbox 1055 2592 1081 2612; x_wconf 76' lang='lat' dir='ltr'><strong>et</strong></span> <span class='ocrx_word' id='word_1_472' title='bbox 1104 2556 1108 2612; x_wconf 82' lang='lat' dir='ltr'><strong>i</strong></span> 
     </span>
    </p>
   </div>
   <div class='ocr_carea' id='block_1_4' title="bbox 1101 2103 1107 2254">
    <p class='ocr_par' dir='ltr' id='par_1_11' title="bbox 1101 2103 1107 2254">
     <span class='ocr_line' id='line_1_61' title="bbox 1101 2103 1107 2254; baseline 0 704"><span class='ocrx_word' id='word_1_473' title='bbox 1101 2103 1107 2254; x_wconf 95' lang='lat' dir='ltr'><strong> </strong></span> 
     </span>
    </p>
   </div>
   <div class='ocr_carea' id='block_1_5' title="bbox 1103 2455 1108 2525">
    <p class='ocr_par' dir='ltr' id='par_1_12' title="bbox 1103 2455 1108 2525">
     <span class='ocr_line' id='line_1_62' title="bbox 1103 2455 1108 2525; baseline 0 433"><span class='ocrx_word' id='word_1_474' title='bbox 1103 2455 1108 2525; x_wconf 95' lang='lat' dir='ltr'><strong> </strong></span> 
     </span>
    </p>
   </div>
   <div class='ocr_carea' id='block_1_6' title="bbox 531 144 1759 179">
    <p class='ocr_par' dir='ltr' id='par_1_13' title="bbox 531 144 1759 179">
     <span class='ocr_line' id='line_1_63' title="bbox 531 144 1759 179; baseline -0.001 -2"><span class='ocrx_word' id='word_1_475' title='bbox 531 145 758 178; x_wconf 83' lang='lat' dir='ltr'><strong>APOLOGlA</strong></span> <span class='ocrx_word' id='word_1_476' title='bbox 786 145 1106 178; x_wconf 75' lang='lat' dir='ltr'><strong>CONFssssles</strong></span> <span class='ocrx_word' id='word_1_477' title='bbox 1126 145 1438 179; x_wconf 79' lang='lat' dir='ltr'><strong>AUGUSTANAE.</strong></span> <span class='ocrx_word' id='word_1_478' title='bbox 1482 145 1522 178; x_wconf 89' lang='grc' dir='ltr'><strong>Β.</strong></span> <span class='ocrx_word' id='word_1_479' title='bbox 1569 144 1759 176; x_wconf 80' lang='lat' dir='ltr'><strong>ALTERA.</strong></span> 
     </span>
    </p>
   </div>
   <div class='ocr_carea' id='block_1_7' title="bbox 2044 143 2110 177">
    <p class='ocr_par' dir='ltr' id='par_1_14' title="bbox 2044 143 2110 177">
     <span class='ocr_line' id='line_1_64' title="bbox 2044 143 2110 177; baseline 0.015 -1"><span class='ocrx_word' id='word_1_480' title='bbox 2044 143 2110 177; x_wconf 78' lang='lat'><strong>438</strong></span> 
     </span>
    </p>
   </div>
   <div class='ocr_carea' id='block_1_8' title="bbox 1130 237 2110 746">
    <p class='ocr_par' dir='ltr' id='par_1_15' title="bbox 1130 237 2110 746">
     <span class='ocr_line' id='line_1_65' title="bbox 1131 237 2108 280; baseline 0 -11"><span class='ocrx_word' id='word_1_481' title='bbox 1131 248 1190 278; x_wconf 82' lang='lat' dir='ltr'><strong>per</strong></span> <span class='ocrx_word' id='word_1_482' title='bbox 1216 237 1342 280; x_wconf 87' lang='lat' dir='ltr'><strong>legem,</strong></span> <span class='ocrx_word' id='word_1_483' title='bbox 1373 239 1433 270; x_wconf 86' lang='lat' dir='ltr'><strong>sed</strong></span> <span class='ocrx_word' id='word_1_484' title='bbox 1461 248 1520 280; x_wconf 89' lang='lat' dir='ltr'><strong>per</strong></span> <span class='ocrx_word' id='word_1_485' title='bbox 1547 238 1816 279; x_wconf 84' lang='lat' dir='ltr'><strong>promissionem,</strong></span> <span class='ocrx_word' id='word_1_486' title='bbox 1845 244 1877 269; x_wconf 88' lang='lat' dir='ltr'><strong>et</strong></span> <span class='ocrx_word' id='word_1_487' title='bbox 1901 237 2007 269; x_wconf 77' lang='lat' dir='ltr'><strong>fidem.</strong></span> <span class='ocrx_word' id='word_1_488' title='bbox 2053 238 2108 269; x_wconf 82' lang='lat' dir='ltr'><strong>Ac</strong></span> 
     </span>
     <span class='ocr_line' id='line_1_66' title="bbox 1132 280 2110 313; baseline 0.002 -3"><span class='ocrx_word' id='word_1_489' title='bbox 1132 281 1246 311; x_wconf 88' lang='lat' dir='ltr'><strong>mirum</strong></span> <span class='ocrx_word' id='word_1_490' title='bbox 1268 287 1320 312; x_wconf 85' lang='lat' dir='ltr'><strong>est</strong></span> <span class='ocrx_word' id='word_1_491' title='bbox 1341 281 1553 312; x_wconf 71' lang='lat' dir='ltr'><strong>aduersarios</strong></span> <span class='ocrx_word' id='word_1_492' title='bbox 1576 281 1659 312; x_wconf 82' lang='lat' dir='ltr'><strong>adeo</strong></span> <span class='ocrx_word' id='word_1_493' title='bbox 1688 286 1867 311; x_wconf 74' lang='lat' dir='ltr'><strong>extenuare</strong></span> <span class='ocrx_word' id='word_1_494' title='bbox 1889 280 2002 313; x_wconf 80' lang='lat' dir='ltr'><strong>fidem.</strong></span> <span class='ocrx_word' id='word_1_495' title='bbox 2031 291 2110 312; x_wconf 85' lang='lat' dir='ltr'><strong>cum</strong></span> 
     </span>
     <span class='ocr_line' id='line_1_67' title="bbox 1132 321 2106 364; baseline 0.002 -11"><span class='ocrx_word' id='word_1_496' title='bbox 1132 323 1265 353; x_wconf 85' lang='lat' dir='ltr'><strong>videant</strong></span> <span class='ocrx_word' id='word_1_497' title='bbox 1299 324 1421 364; x_wconf 88' lang='lat' dir='ltr'><strong>vbique</strong></span> <span class='ocrx_word' id='word_1_498' title='bbox 1459 333 1519 363; x_wconf 89' lang='lat' dir='ltr'><strong>pro</strong></span> <span class='ocrx_word' id='word_1_499' title='bbox 1559 325 1736 364; x_wconf 64' lang='lat' dir='ltr'><strong>praecipuo</strong></span> <span class='ocrx_word' id='word_1_500' title='bbox 1766 321 1854 353; x_wconf 76' lang='lat' dir='ltr'><strong>cultu</strong></span> <span class='ocrx_word' id='word_1_501' title='bbox 1889 322 2032 361; x_wconf 73' lang='lat' dir='ltr'><strong>landari,</strong></span> <span class='ocrx_word' id='word_1_502' title='bbox 2070 330 2106 355; x_wconf 71' lang='lat' dir='ltr'><strong>vt</strong></span> 
     </span>
     <span class='ocr_line' id='line_1_68' title="bbox 1132 363 2106 402; baseline 0.003 -8"><span class='ocrx_word' id='word_1_503' title='bbox 1132 363 1266 395; x_wconf 89' lang='lat' dir='ltr'><strong>Psalmo</strong></span> <span class='ocrx_word' id='word_1_504' title='bbox 1293 363 1371 396; x_wconf 80' lang='lat' dir='ltr'><strong>xlix.</strong></span> <span class='ocrx_word' id='word_1_505' title='bbox 1434 366 1555 396; x_wconf 81' lang='lat' dir='ltr'><strong>lnuoca</strong></span> <span class='ocrx_word' id='word_1_506' title='bbox 1584 376 1636 396; x_wconf 87' lang='lat' dir='ltr'><strong>me</strong></span> <span class='ocrx_word' id='word_1_507' title='bbox 1671 367 1700 396; x_wconf 92' lang='lat' dir='ltr'><strong>in</strong></span> <span class='ocrx_word' id='word_1_508' title='bbox 1724 365 1775 396; x_wconf 85' lang='lat' dir='ltr'><strong>‹lie</strong></span> <span class='ocrx_word' id='word_1_509' title='bbox 1805 364 2041 402; x_wconf 49' lang='lat' dir='ltr'><strong>tribulationis7</strong></span> <span class='ocrx_word' id='word_1_510' title='bbox 2073 372 2106 397; x_wconf 91' lang='lat' dir='ltr'><strong>et</strong></span> 
     </span>
     <span class='ocr_line' id='line_1_69' title="bbox 1132 406 2106 447; baseline 0.002 -10"><span class='ocrx_word' id='word_1_511' title='bbox 1132 407 1267 447; x_wconf 86' lang='lat' dir='ltr'><strong>eripiam</strong></span> <span class='ocrx_word' id='word_1_512' title='bbox 1290 412 1333 437; x_wconf 90' lang='lat' dir='ltr'><strong>te.</strong></span> <span class='ocrx_word' id='word_1_513' title='bbox 1379 407 1425 437; x_wconf 87' lang='lat' dir='ltr'><strong>lta</strong></span> <span class='ocrx_word' id='word_1_514' title='bbox 1449 407 1518 439; x_wconf 75' lang='lat' dir='ltr'><strong>vult</strong></span> <span class='ocrx_word' id='word_1_515' title='bbox 1542 409 1750 439; x_wconf 82' lang='lat' dir='ltr'><strong>innotescere</strong></span> <span class='ocrx_word' id='word_1_516' title='bbox 1771 406 1881 445; x_wconf 70' lang='lat' dir='ltr'><strong>Deus,</strong></span> <span class='ocrx_word' id='word_1_517' title='bbox 1909 409 1954 438; x_wconf 84' lang='lat' dir='ltr'><strong>ita</strong></span> <span class='ocrx_word' id='word_1_518' title='bbox 1978 407 2046 438; x_wconf 90' lang='lat' dir='ltr'><strong>vult</strong></span> <span class='ocrx_word' id='word_1_519' title='bbox 2069 418 2106 439; x_wconf 89' lang='lat' dir='ltr'><strong>se</strong></span> 
     </span>
     <span class='ocr_line' id='line_1_70' title="bbox 1132 448 2107 490; baseline 0.001 -10"><span class='ocrx_word' id='word_1_520' title='bbox 1132 448 1216 487; x_wconf 90' lang='lat' dir='ltr'><strong>coli,</strong></span> <span class='ocrx_word' id='word_1_521' title='bbox 1250 455 1283 480; x_wconf 92' lang='lat' dir='ltr'><strong>vt</strong></span> <span class='ocrx_word' id='word_1_522' title='bbox 1310 450 1353 480; x_wconf 87' lang='lat' dir='ltr'><strong>ab</strong></span> <span class='ocrx_word' id='word_1_523' title='bbox 1383 449 1456 489; x_wconf 83' lang='lat' dir='ltr'><strong>ipso</strong></span> <span class='ocrx_word' id='word_1_524' title='bbox 1485 451 1686 490; x_wconf 82' lang='lat' dir='ltr'><strong>accipiamus</strong></span> <span class='ocrx_word' id='word_1_525' title='bbox 1716 450 1893 487; x_wconf 78' lang='lat' dir='ltr'><strong>beneficia,</strong></span> <span class='ocrx_word' id='word_1_526' title='bbox 1921 456 1953 481; x_wconf 86' lang='lat' dir='ltr'><strong>et</strong></span> <span class='ocrx_word' id='word_1_527' title='bbox 1976 451 2107 490; x_wconf 83' lang='lat' dir='ltr'><strong>quidem</strong></span> 
     </span>
     <span class='ocr_line' id='line_1_71' title="bbox 1131 492 2105 532; baseline 0.001 -10"><span class='ocrx_word' id='word_1_528' title='bbox 1131 492 1332 532; x_wconf 86' lang='lat' dir='ltr'><strong>accipiamus</strong></span> <span class='ocrx_word' id='word_1_529' title='bbox 1355 498 1488 532; x_wconf 79' lang='lat' dir='ltr'><strong>propter</strong></span> <span class='ocrx_word' id='word_1_530' title='bbox 1511 493 1613 532; x_wconf 71' lang='lat' dir='ltr'><strong>ipsius</strong></span> <span class='ocrx_word' id='word_1_531' title='bbox 1648 493 1915 529; x_wconf 76' lang='lat' dir='ltr'><strong>misericordiam,</strong></span> <span class='ocrx_word' id='word_1_532' title='bbox 1941 503 2006 523; x_wconf 84' lang='lat' dir='ltr'><strong>non</strong></span> <span class='ocrx_word' id='word_1_533' title='bbox 2032 503 2105 532; x_wconf 85' lang='lat' dir='ltr'><strong>pro—</strong></span> 
     </span>
     <span class='ocr_line' id='line_1_72' title="bbox 1131 533 2106 574; baseline 0.001 -10"><span class='ocrx_word' id='word_1_534' title='bbox 1131 539 1205 574; x_wconf 85' lang='lat' dir='ltr'><strong>pter</strong></span> <span class='ocrx_word' id='word_1_535' title='bbox 1233 534 1347 565; x_wconf 89' lang='lat' dir='ltr'><strong>merita</strong></span> <span class='ocrx_word' id='word_1_536' title='bbox 1389 542 1514 565; x_wconf 79' lang='lat' dir='ltr'><strong>nostra.</strong></span> <span class='ocrx_word' id='word_1_537' title='bbox 1561 535 1651 565; x_wconf 83' lang='lat' dir='ltr'><strong>llaec</strong></span> <span class='ocrx_word' id='word_1_538' title='bbox 1679 542 1725 565; x_wconf 74' lang='lat' dir='ltr'><strong>est</strong></span> <span class='ocrx_word' id='word_1_539' title='bbox 1763 533 1964 574; x_wconf 74' lang='lat' dir='ltr'><strong>amplissima</strong></span> <span class='ocrx_word' id='word_1_540' title='bbox 1990 545 2106 566; x_wconf 88' lang='lat' dir='ltr'><strong>conso-</strong></span> 
     </span>
     <span class='ocr_line' id='line_1_73' title="bbox 1131 575 2105 609; baseline 0.002 -3"><span class='ocrx_word' id='word_1_541' title='bbox 1131 575 1210 607; x_wconf 88' lang='lat' dir='ltr'><strong>latio</strong></span> <span class='ocrx_word' id='word_1_542' title='bbox 1232 577 1265 607; x_wconf 91' lang='lat' dir='ltr'><strong>in</strong></span> <span class='ocrx_word' id='word_1_543' title='bbox 1289 576 1440 607; x_wconf 82' lang='lat' dir='ltr'><strong>omnibus</strong></span> <span class='ocrx_word' id='word_1_544' title='bbox 1465 575 1709 608; x_wconf 79' lang='lat' dir='ltr'><strong>afflictionibus.</strong></span> <span class='ocrx_word' id='word_1_545' title='bbox 1758 577 1795 607; x_wconf 81' lang='lat' dir='ltr'><strong>Et</strong></span> <span class='ocrx_word' id='word_1_546' title='bbox 1821 578 2007 608; x_wconf 80' lang='lat' dir='ltr'><strong>huiusmodi</strong></span> <span class='ocrx_word' id='word_1_547' title='bbox 2031 588 2105 609; x_wconf 80' lang='lat' dir='ltr'><strong>con-</strong></span> 
     </span>
     <span class='ocr_line' id='line_1_74' title="bbox 1131 617 2106 659; baseline 0.003 -11"><span class='ocrx_word' id='word_1_548' title='bbox 1131 618 1314 650; x_wconf 83' lang='lat' dir='ltr'><strong>solationes</strong></span> <span class='ocrx_word' id='word_1_549' title='bbox 1333 617 1469 649; x_wconf 86' lang='lat' dir='ltr'><strong>abolent.</strong></span> <span class='ocrx_word' id='word_1_550' title='bbox 1491 619 1686 659; x_wconf 78' lang='lat' dir='ltr'><strong>aduersarij,</strong></span> <span class='ocrx_word' id='word_1_551' title='bbox 1711 630 1784 650; x_wconf 87' lang='lat' dir='ltr'><strong>cum</strong></span> <span class='ocrx_word' id='word_1_552' title='bbox 1807 619 1903 650; x_wconf 79' lang='lat' dir='ltr'><strong>fidem</strong></span> <span class='ocrx_word' id='word_1_553' title='bbox 1916 627 2106 657; x_wconf 83' lang='lat' dir='ltr'><strong>extenuant,</strong></span> 
     </span>
     <span class='ocr_line' id='line_1_75' title="bbox 1130 661 2109 704; baseline 0.003 -13"><span class='ocrx_word' id='word_1_554' title='bbox 1130 668 1164 692; x_wconf 91' lang='lat' dir='ltr'><strong>et</strong></span> <span class='ocrx_word' id='word_1_555' title='bbox 1186 661 1384 701; x_wconf 78' lang='lat' dir='ltr'><strong>vituperant,</strong></span> <span class='ocrx_word' id='word_1_556' title='bbox 1407 666 1439 691; x_wconf 88' lang='lat' dir='ltr'><strong>et</strong></span> <span class='ocrx_word' id='word_1_557' title='bbox 1462 668 1587 692; x_wconf 84' lang='lat' dir='ltr'><strong>tantum</strong></span> <span class='ocrx_word' id='word_1_558' title='bbox 1611 663 1731 693; x_wconf 80' lang='lat' dir='ltr'><strong>docent</strong></span> <span class='ocrx_word' id='word_1_559' title='bbox 1752 662 1900 693; x_wconf 87' lang='lat' dir='ltr'><strong>homines</strong></span> <span class='ocrx_word' id='word_1_560' title='bbox 1924 673 1983 704; x_wconf 87' lang='lat' dir='ltr'><strong>per</strong></span> <span class='ocrx_word' id='word_1_561' title='bbox 2005 673 2109 704; x_wconf 89' lang='lat' dir='ltr'><strong>opera</strong></span> 
     </span>
     <span class='ocr_line' id='line_1_76' title="bbox 1131 703 1630 746; baseline 0 -12"><span class='ocrx_word' id='word_1_562' title='bbox 1131 709 1163 734; x_wconf 88' lang='lat' dir='ltr'><strong>et</strong></span> <span class='ocrx_word' id='word_1_563' title='bbox 1186 705 1301 735; x_wconf 88' lang='lat' dir='ltr'><strong>merita</strong></span> <span class='ocrx_word' id='word_1_564' title='bbox 1324 714 1399 735; x_wconf 90' lang='lat' dir='ltr'><strong>cnm</strong></span> <span class='ocrx_word' id='word_1_565' title='bbox 1422 703 1495 734; x_wconf 86' lang='lat' dir='ltr'><strong>Deo</strong></span> <span class='ocrx_word' id='word_1_566' title='bbox 1518 714 1630 746; x_wconf 80' lang='lat' dir='ltr'><strong>agere.</strong></span> 
     </span>
    </p>
   </div>
   <div class='ocr_carea' id='block_1_9' title="bbox 1249 821 2001 894">
    <p class='ocr_par' dir='ltr' id='par_1_16' title="bbox 1249 821 2001 894">
     <span class='ocr_line' id='line_1_77' title="bbox 1249 821 2001 857; baseline 0.003 -7"><span class='ocrx_word' id='word_1_567' title='bbox 1249 821 1388 857; x_wconf 88' lang='lat' dir='ltr'><strong>QVOD</strong></span> <span class='ocrx_word' id='word_1_568' title='bbox 1418 821 1631 854; x_wconf 67' lang='lat' dir='ltr'><strong>FlDEsw)</strong></span> <span class='ocrx_word' id='word_1_569' title='bbox 1663 822 1710 851; x_wconf 73' lang='grc' dir='ltr'><strong>ΙΝ</strong></span> <span class='ocrx_word' id='word_1_570' title='bbox 1742 821 2001 852; x_wconf 79' lang='lat' dir='ltr'><strong>CHRlSTVM</strong></span> 
     </span>
     <span class='ocr_line' id='line_1_78' title="bbox 1477 863 1772 894; baseline -0.003 -1"><span class='ocrx_word' id='word_1_571' title='bbox 1477 863 1772 894; x_wconf 83' lang='lat' dir='ltr'><strong>lVSTlFlCET.</strong></span> 
     </span>
    </p>
   </div>
   <div class='ocr_carea' id='block_1_10' title="bbox 1131 948 2110 1246">
    <p class='ocr_par' dir='ltr' id='par_1_17' title="bbox 1131 948 2110 1246">
     <span class='ocr_line' id='line_1_79' title="bbox 1217 948 2108 990; baseline 0.001 -11"><span class='ocrx_word' id='word_1_572' title='bbox 1217 948 1380 987; x_wconf 84' lang='lat' dir='ltr'><strong>Primum,</strong></span> <span class='ocrx_word' id='word_1_573' title='bbox 1408 959 1449 980; x_wconf 93' lang='lat' dir='ltr'><strong>ne</strong></span> <span class='ocrx_word' id='word_1_574' title='bbox 1479 950 1552 990; x_wconf 81' lang='lat' dir='ltr'><strong>quis</strong></span> <span class='ocrx_word' id='word_1_575' title='bbox 1583 956 1672 990; x_wconf 86' lang='lat' dir='ltr'><strong>putet</strong></span> <span class='ocrx_word' id='word_1_576' title='bbox 1704 960 1765 979; x_wconf 79' lang='lat' dir='ltr'><strong>nos</strong></span> <span class='ocrx_word' id='word_1_577' title='bbox 1790 949 1830 979; x_wconf 79' lang='lat' dir='ltr'><strong>(le</strong></span> <span class='ocrx_word' id='word_1_578' title='bbox 1851 950 1963 980; x_wconf 84' lang='lat' dir='ltr'><strong>ociosa</strong></span> <span class='ocrx_word' id='word_1_579' title='bbox 1988 951 2108 981; x_wconf 74' lang='lat' dir='ltr'><strong>noticia</strong></span> 
     </span>
     <span class='ocr_line' id='line_1_80' title="bbox 1131 990 2109 1033; baseline 0.001 -11"><span class='ocrx_word' id='word_1_580' title='bbox 1131 991 1289 1022; x_wconf 81' lang='lat' dir='ltr'><strong>historiae</strong></span> <span class='ocrx_word' id='word_1_581' title='bbox 1317 990 1425 1032; x_wconf 86' lang='lat' dir='ltr'><strong>loqui,</strong></span> <span class='ocrx_word' id='word_1_582' title='bbox 1459 992 1632 1022; x_wconf 80' lang='lat' dir='ltr'><strong>dicendum</strong></span> <span class='ocrx_word' id='word_1_583' title='bbox 1663 998 1712 1022; x_wconf 83' lang='lat' dir='ltr'><strong>est</strong></span> <span class='ocrx_word' id='word_1_584' title='bbox 1742 992 1907 1032; x_wconf 84' lang='lat' dir='ltr'><strong>quomodo</strong></span> <span class='ocrx_word' id='word_1_585' title='bbox 1939 993 2109 1033; x_wconf 82' lang='lat' dir='ltr'><strong>contingat</strong></span> 
     </span>
     <span class='ocr_line' id='line_1_81' title="bbox 1133 1033 2109 1074; baseline 0.001 -10"><span class='ocrx_word' id='word_1_586' title='bbox 1133 1033 1228 1065; x_wconf 87' lang='lat' dir='ltr'><strong>fides.</strong></span> <span class='ocrx_word' id='word_1_587' title='bbox 1280 1033 1400 1065; x_wconf 81' lang='lat' dir='ltr'><strong>Postea</strong></span> <span class='ocrx_word' id='word_1_588' title='bbox 1435 1034 1649 1064; x_wconf 83' lang='lat' dir='ltr'><strong>ostendemus</strong></span> <span class='ocrx_word' id='word_1_589' title='bbox 1684 1040 1715 1065; x_wconf 92' lang='lat' dir='ltr'><strong>et</strong></span> <span class='ocrx_word' id='word_1_590' title='bbox 1752 1034 1839 1074; x_wconf 81' lang='lat' dir='ltr'><strong>quod</strong></span> <span class='ocrx_word' id='word_1_591' title='bbox 1875 1034 2045 1072; x_wconf 69' lang='lat' dir='ltr'><strong>iustilicet,</strong></span> <span class='ocrx_word' id='word_1_592' title='bbox 2076 1042 2109 1065; x_wconf 89' lang='lat' dir='ltr'><strong>et</strong></span> 
     </span>
     <span class='ocr_line' id='line_1_82' title="bbox 1133 1075 2108 1118; baseline 0.002 -12"><span class='ocrx_word' id='word_1_593' title='bbox 1133 1076 1298 1117; x_wconf 84' lang='lat' dir='ltr'><strong>quomodo</strong></span> <span class='ocrx_word' id='word_1_594' title='bbox 1321 1076 1386 1107; x_wconf 91' lang='lat' dir='ltr'><strong>hoc</strong></span> <span class='ocrx_word' id='word_1_595' title='bbox 1408 1075 1544 1118; x_wconf 82' lang='lat' dir='ltr'><strong>intelligi</strong></span> <span class='ocrx_word' id='word_1_596' title='bbox 1567 1077 1704 1114; x_wconf 76' lang='lat' dir='ltr'><strong>debeat,</strong></span> <span class='ocrx_word' id='word_1_597' title='bbox 1727 1085 1757 1106; x_wconf 80' lang='lat' dir='ltr'><strong>ct</strong></span> <span class='ocrx_word' id='word_1_598' title='bbox 1783 1075 1943 1107; x_wconf 77' lang='lat' dir='ltr'><strong>diluemus</strong></span> <span class='ocrx_word' id='word_1_599' title='bbox 1969 1088 2006 1107; x_wconf 80' lang='lat' dir='ltr'><strong>ea</strong></span> <span class='ocrx_word' id='word_1_600' title='bbox 2024 1087 2108 1117; x_wconf 87' lang='lat' dir='ltr'><strong>quae</strong></span> 
     </span>
     <span class='ocr_line' id='line_1_83' title="bbox 1132 1118 2109 1160; baseline 0.001 -11"><span class='ocrx_word' id='word_1_601' title='bbox 1132 1118 1318 1158; x_wconf 74' lang='lat' dir='ltr'><strong>aduersarij</strong></span> <span class='ocrx_word' id='word_1_602' title='bbox 1344 1119 1514 1160; x_wconf 83' lang='lat' dir='ltr'><strong>obijciunt.</strong></span> <span class='ocrx_word' id='word_1_603' title='bbox 1565 1118 1717 1149; x_wconf 72' lang='lat' dir='ltr'><strong>Cin-istus</strong></span> <span class='ocrx_word' id='word_1_604' title='bbox 1740 1118 1852 1149; x_wconf 84' lang='lat' dir='ltr'><strong>Lucae</strong></span> <span class='ocrx_word' id='word_1_605' title='bbox 1883 1118 1994 1149; x_wconf 75' lang='lat' dir='ltr'><strong>vltimo</strong></span> <span class='ocrx_word' id='word_1_606' title='bbox 2020 1120 2109 1150; x_wconf 88' lang='lat' dir='ltr'><strong>iubet</strong></span> 
     </span>
     <span class='ocr_line' id='line_1_84' title="bbox 1133 1161 2106 1202; baseline 0 -10"><span class='ocrx_word' id='word_1_607' title='bbox 1133 1161 1326 1202; x_wconf 80' lang='lat' dir='ltr'><strong>praedicare</strong></span> <span class='ocrx_word' id='word_1_608' title='bbox 1342 1163 1393 1198; x_wconf 69' lang='grc'><strong>50)</strong></span> <span class='ocrx_word' id='word_1_609' title='bbox 1425 1162 1665 1201; x_wconf 81' lang='lat' dir='ltr'><strong>poenitenciam</strong></span> <span class='ocrx_word' id='word_1_610' title='bbox 1697 1163 1726 1191; x_wconf 81' lang='lat' dir='ltr'><strong>in</strong></span> <span class='ocrx_word' id='word_1_611' title='bbox 1752 1163 1882 1192; x_wconf 76' lang='lat' dir='ltr'><strong>nomine</strong></span> <span class='ocrx_word' id='word_1_612' title='bbox 1905 1172 1984 1198; x_wconf 75' lang='lat' dir='ltr'><strong>suo.</strong></span> <span class='ocrx_word' id='word_1_613' title='bbox 2007 1167 2039 1192; x_wconf 85' lang='lat' dir='ltr'><strong>et</strong></span> <span class='ocrx_word' id='word_1_614' title='bbox 2062 1173 2106 1192; x_wconf 68' lang='lat' dir='ltr'><strong>re&gt;</strong></span> 
     </span>
     <span class='ocr_line' id='line_1_85' title="bbox 1133 1202 2110 1246; baseline 0.001 -12"><span class='ocrx_word' id='word_1_615' title='bbox 1133 1204 1323 1234; x_wconf 86' lang='lat' dir='ltr'><strong>missionem</strong></span> <span class='ocrx_word' id='word_1_616' title='bbox 1359 1211 1581 1243; x_wconf 85' lang='lat' dir='ltr'><strong>peccatorum.</strong></span> <span class='ocrx_word' id='word_1_617' title='bbox 1639 1202 1853 1244; x_wconf 78' lang='lat' dir='ltr'><strong>Euangelium</strong></span> <span class='ocrx_word' id='word_1_618' title='bbox 1882 1205 1965 1234; x_wconf 86' lang='lat' dir='ltr'><strong>enim</strong></span> <span class='ocrx_word' id='word_1_619' title='bbox 1999 1205 2110 1246; x_wconf 79' lang='lat' dir='ltr'><strong>arguit</strong></span> 
     </span>
    </p>
   </div>
   <div class='ocr_carea' id='block_1_11' title="bbox 1103 1245 2108 1288">
    <p class='ocr_par' dir='ltr' id='par_1_18' title="bbox 1103 1245 2108 1288">
     <span class='ocr_line' id='line_1_86' title="bbox 1103 1245 2108 1288; baseline 0.002 -12"><span class='ocrx_word' id='word_1_620' title='bbox 1103 1261 1106 1266; x_wconf 58' lang='grc'><strong><em>’</em></strong></span> <span class='ocrx_word' id='word_1_621' title='bbox 1132 1255 1248 1276; x_wconf 89' lang='lat' dir='ltr'><strong>omnes</strong></span> <span class='ocrx_word' id='word_1_622' title='bbox 1265 1245 1428 1284; x_wconf 81' lang='lat' dir='ltr'><strong>homines,</strong></span> <span class='ocrx_word' id='word_1_623' title='bbox 1453 1247 1542 1287; x_wconf 87' lang='lat' dir='ltr'><strong>quod</strong></span> <span class='ocrx_word' id='word_1_624' title='bbox 1560 1247 1625 1277; x_wconf 72' lang='lat' dir='ltr'><strong>sint</strong></span> <span class='ocrx_word' id='word_1_625' title='bbox 1644 1247 1705 1276; x_wconf 79' lang='lat' dir='ltr'><strong>sub</strong></span> <span class='ocrx_word' id='word_1_626' title='bbox 1720 1253 1870 1286; x_wconf 81' lang='lat' dir='ltr'><strong>peccato,</strong></span> <span class='ocrx_word' id='word_1_627' title='bbox 1892 1247 1979 1288; x_wconf 83' lang='lat' dir='ltr'><strong>quod</strong></span> <span class='ocrx_word' id='word_1_628' title='bbox 1993 1257 2108 1278; x_wconf 89' lang='lat' dir='ltr'><strong>omnes</strong></span> 
     </span>
    </p>
   </div>
   <div class='ocr_carea' id='block_1_12' title="bbox 1130 1288 2110 2096">
    <p class='ocr_par' dir='ltr' id='par_1_19' title="bbox 1130 1288 2110 2010">
     <span class='ocr_line' id='line_1_87' title="bbox 1132 1288 2109 1330; baseline 0.001 -11"><span class='ocrx_word' id='word_1_629' title='bbox 1132 1289 1198 1319; x_wconf 90' lang='lat' dir='ltr'><strong>sint</strong></span> <span class='ocrx_word' id='word_1_630' title='bbox 1235 1288 1281 1319; x_wconf 88' lang='lat' dir='ltr'><strong>rei</strong></span> <span class='ocrx_word' id='word_1_631' title='bbox 1314 1294 1470 1319; x_wconf 83' lang='lat' dir='ltr'><strong>aeternae</strong></span> <span class='ocrx_word' id='word_1_632' title='bbox 1503 1289 1573 1319; x_wconf 83' lang='lat' dir='ltr'><strong>irae</strong></span> <span class='ocrx_word' id='word_1_633' title='bbox 1607 1299 1648 1319; x_wconf 78' lang='lat' dir='ltr'><strong>ac</strong></span> <span class='ocrx_word' id='word_1_634' title='bbox 1677 1289 1802 1325; x_wconf 78' lang='lat' dir='ltr'><strong>mortis,</strong></span> <span class='ocrx_word' id='word_1_635' title='bbox 1833 1295 1865 1319; x_wconf 88' lang='lat' dir='ltr'><strong>ct</strong></span> <span class='ocrx_word' id='word_1_636' title='bbox 1900 1289 1994 1319; x_wconf 73' lang='lat' dir='ltr'><strong>offert</strong></span> <span class='ocrx_word' id='word_1_637' title='bbox 2034 1299 2109 1330; x_wconf 85' lang='lat' dir='ltr'><strong>pro-</strong></span> 
     </span>
     <span class='ocr_line' id='line_1_88' title="bbox 1131 1329 2109 1372; baseline 0.002 -12"><span class='ocrx_word' id='word_1_638' title='bbox 1131 1336 1206 1371; x_wconf 88' lang='lat' dir='ltr'><strong>pter</strong></span> <span class='ocrx_word' id='word_1_639' title='bbox 1228 1329 1395 1361; x_wconf 79' lang='lat' dir='ltr'><strong>Christum</strong></span> <span class='ocrx_word' id='word_1_640' title='bbox 1426 1332 1651 1365; x_wconf 71' lang='lat' dir='ltr'><strong>remissionem</strong></span> <span class='ocrx_word' id='word_1_641' title='bbox 1679 1339 1910 1372; x_wconf 76' lang='lat' dir='ltr'><strong>peccalorum,</strong></span> <span class='ocrx_word' id='word_1_642' title='bbox 1935 1338 1967 1362; x_wconf 91' lang='lat' dir='ltr'><strong>et</strong></span> <span class='ocrx_word' id='word_1_643' title='bbox 1998 1331 2109 1363; x_wconf 70' lang='lat' dir='ltr'><strong>iustifi-</strong></span> 
     </span>
     <span class='ocr_line' id='line_1_89' title="bbox 1132 1373 2110 1415; baseline 0.002 -12"><span class='ocrx_word' id='word_1_644' title='bbox 1132 1373 1313 1411; x_wconf 91' lang='lat' dir='ltr'><strong>cationem,</strong></span> <span class='ocrx_word' id='word_1_645' title='bbox 1347 1383 1432 1414; x_wconf 84' lang='lat' dir='ltr'><strong>quae</strong></span> <span class='ocrx_word' id='word_1_646' title='bbox 1460 1373 1525 1404; x_wconf 83' lang='lat' dir='ltr'><strong>fide</strong></span> <span class='ocrx_word' id='word_1_647' title='bbox 1547 1374 1715 1414; x_wconf 87' lang='lat' dir='ltr'><strong>accipitur.</strong></span> <span class='ocrx_word' id='word_1_648' title='bbox 1768 1373 1974 1405; x_wconf 75' lang='lat' dir='ltr'><strong>praedicatio</strong></span> <span class='ocrx_word' id='word_1_649' title='bbox 1999 1375 2110 1415; x_wconf 88' lang='lat' dir='ltr'><strong>poeni-</strong></span> 
     </span>
     <span class='ocr_line' id='line_1_90' title="bbox 1130 1416 2109 1457; baseline 0.002 -12"><span class='ocrx_word' id='word_1_650' title='bbox 1130 1416 1259 1447; x_wconf 83' lang='lat' dir='ltr'><strong>tenciae</strong></span> <span class='ocrx_word' id='word_1_651' title='bbox 1284 1425 1369 1456; x_wconf 88' lang='lat' dir='ltr'><strong>quae</strong></span> <span class='ocrx_word' id='word_1_652' title='bbox 1391 1416 1500 1457; x_wconf 85' lang='lat' dir='ltr'><strong>arguit</strong></span> <span class='ocrx_word' id='word_1_653' title='bbox 1521 1426 1603 1454; x_wconf 83' lang='lat' dir='ltr'><strong>nos,</strong></span> <span class='ocrx_word' id='word_1_654' title='bbox 1638 1416 1865 1457; x_wconf 77' lang='lat' dir='ltr'><strong>perterrefacit</strong></span> <span class='ocrx_word' id='word_1_655' title='bbox 1888 1417 2109 1449; x_wconf 83' lang='lat' dir='ltr'><strong>conscientias</strong></span> 
     </span>
     <span class='ocr_line' id='line_1_91' title="bbox 1131 1457 2110 1498; baseline 0.003 -10"><span class='ocrx_word' id='word_1_656' title='bbox 1131 1457 1219 1488; x_wconf 89' lang='lat' dir='ltr'><strong>veris</strong></span> <span class='ocrx_word' id='word_1_657' title='bbox 1244 1463 1276 1488; x_wconf 93' lang='lat' dir='ltr'><strong>et</strong></span> <span class='ocrx_word' id='word_1_658' title='bbox 1299 1458 1397 1498; x_wconf 88' lang='lat' dir='ltr'><strong>serijs</strong></span> <span class='ocrx_word' id='word_1_659' title='bbox 1421 1459 1613 1489; x_wconf 84' lang='lat' dir='ltr'><strong>terroribus.</strong></span> <span class='ocrx_word' id='word_1_660' title='bbox 1660 1459 1695 1489; x_wconf 88' lang='lat' dir='ltr'><strong>ln</strong></span> <span class='ocrx_word' id='word_1_661' title='bbox 1718 1458 1768 1489; x_wconf 68' lang='lat' dir='ltr'><strong>his</strong></span> <span class='ocrx_word' id='word_1_662' title='bbox 1793 1460 1895 1490; x_wconf 88' lang='lat' dir='ltr'><strong>corda</strong></span> <span class='ocrx_word' id='word_1_663' title='bbox 1919 1470 2034 1491; x_wconf 62' lang='lat' dir='ltr'><strong>rursus</strong></span> <span class='ocrx_word' id='word_1_664' title='bbox 2055 1461 2110 1491; x_wconf 88' lang='lat' dir='ltr'><strong>de-</strong></span> 
     </span>
     <span class='ocr_line' id='line_1_92' title="bbox 1132 1500 2110 1541; baseline 0.002 -10"><span class='ocrx_word' id='word_1_665' title='bbox 1132 1500 1211 1531; x_wconf 81' lang='lat' dir='ltr'><strong>bent</strong></span> <span class='ocrx_word' id='word_1_666' title='bbox 1239 1500 1417 1541; x_wconf 88' lang='lat' dir='ltr'><strong>concipere</strong></span> <span class='ocrx_word' id='word_1_667' title='bbox 1444 1500 1717 1532; x_wconf 69' lang='lat' dir='ltr'><strong>consolationem.</strong></span> <span class='ocrx_word' id='word_1_668' title='bbox 1769 1501 1802 1531; x_wconf 86' lang='lat' dir='ltr'><strong>ld</strong></span> <span class='ocrx_word' id='word_1_669' title='bbox 1835 1502 1888 1539; x_wconf 80' lang='lat' dir='ltr'><strong>lit,</strong></span> <span class='ocrx_word' id='word_1_670' title='bbox 1920 1503 1948 1532; x_wconf 82' lang='lat' dir='ltr'><strong>si</strong></span> <span class='ocrx_word' id='word_1_671' title='bbox 1973 1502 2110 1533; x_wconf 76' lang='lat' dir='ltr'><strong>credant</strong></span> 
     </span>
     <span class='ocr_line' id='line_1_93' title="bbox 1131 1542 2109 1584; baseline 0.003 -11"><span class='ocrx_word' id='word_1_672' title='bbox 1131 1542 1342 1583; x_wconf 86' lang='lat' dir='ltr'><strong>promissioni</strong></span> <span class='ocrx_word' id='word_1_673' title='bbox 1365 1542 1502 1577; x_wconf 87' lang='lat' dir='ltr'><strong>Christi,</strong></span> <span class='ocrx_word' id='word_1_674' title='bbox 1526 1544 1615 1583; x_wconf 75' lang='lat' dir='ltr'><strong>quod</strong></span> <span class='ocrx_word' id='word_1_675' title='bbox 1638 1551 1773 1584; x_wconf 84' lang='lat' dir='ltr'><strong>propter</strong></span> <span class='ocrx_word' id='word_1_676' title='bbox 1795 1545 1902 1584; x_wconf 79' lang='lat' dir='ltr'><strong>ipsum</strong></span> <span class='ocrx_word' id='word_1_677' title='bbox 1925 1544 2109 1576; x_wconf 74' lang='lat' dir='ltr'><strong>habeamus</strong></span> 
     </span>
     <span class='ocr_line' id='line_1_94' title="bbox 1130 1585 2110 1628; baseline 0.003 -13"><span class='ocrx_word' id='word_1_678' title='bbox 1130 1585 1359 1616; x_wconf 88' lang='lat' dir='ltr'><strong>remissionem</strong></span> <span class='ocrx_word' id='word_1_679' title='bbox 1387 1592 1608 1626; x_wconf 82' lang='lat' dir='ltr'><strong>peccatorum.</strong></span> <span class='ocrx_word' id='word_1_680' title='bbox 1658 1585 1748 1617; x_wconf 72' lang='lat' dir='ltr'><strong>Haec</strong></span> <span class='ocrx_word' id='word_1_681' title='bbox 1781 1586 1864 1617; x_wconf 76' lang='lat' dir='ltr'><strong>fides</strong></span> <span class='ocrx_word' id='word_1_682' title='bbox 1894 1588 1925 1617; x_wconf 91' lang='lat' dir='ltr'><strong>in</strong></span> <span class='ocrx_word' id='word_1_683' title='bbox 1956 1586 2019 1618; x_wconf 68' lang='lat' dir='ltr'><strong>illis</strong></span> <span class='ocrx_word' id='word_1_684' title='bbox 2055 1598 2110 1628; x_wconf 83' lang='lat' dir='ltr'><strong>pa-</strong></span> 
     </span>
     <span class='ocr_line' id='line_1_95' title="bbox 1131 1627 2110 1670; baseline 0.003 -12"><span class='ocrx_word' id='word_1_685' title='bbox 1131 1628 1267 1659; x_wconf 88' lang='lat' dir='ltr'><strong>uoribus</strong></span> <span class='ocrx_word' id='word_1_686' title='bbox 1299 1628 1432 1670; x_wconf 90' lang='lat' dir='ltr'><strong>erigens</strong></span> <span class='ocrx_word' id='word_1_687' title='bbox 1462 1635 1494 1660; x_wconf 84' lang='lat' dir='ltr'><strong>et</strong></span> <span class='ocrx_word' id='word_1_688' title='bbox 1525 1627 1703 1660; x_wconf 80' lang='lat' dir='ltr'><strong>consolans</strong></span> <span class='ocrx_word' id='word_1_689' title='bbox 1736 1629 1857 1670; x_wconf 69' lang='lat' dir='ltr'><strong>accipit</strong></span> <span class='ocrx_word' id='word_1_690' title='bbox 1882 1630 2110 1661; x_wconf 69' lang='lat' dir='ltr'><strong>remissionem</strong></span> 
     </span>
     <span class='ocr_line' id='line_1_96' title="bbox 1131 1670 2110 1711; baseline 0.002 -10"><span class='ocrx_word' id='word_1_691' title='bbox 1131 1676 1361 1711; x_wconf 86' lang='lat' dir='ltr'><strong>peccatorum,</strong></span> <span class='ocrx_word' id='word_1_692' title='bbox 1384 1671 1558 1709; x_wconf 84' lang='lat' dir='ltr'><strong>iustificat,</strong></span> <span class='ocrx_word' id='word_1_693' title='bbox 1592 1677 1624 1702; x_wconf 87' lang='lat' dir='ltr'><strong>et</strong></span> <span class='ocrx_word' id='word_1_694' title='bbox 1648 1670 1800 1702; x_wconf 84' lang='lat' dir='ltr'><strong>viuificat.</strong></span> <span class='ocrx_word' id='word_1_695' title='bbox 1846 1672 1929 1703; x_wconf 82' lang='lat' dir='ltr'><strong>Nam</strong></span> <span class='ocrx_word' id='word_1_696' title='bbox 1952 1671 2009 1703; x_wconf 84' lang='lat' dir='ltr'><strong>illa</strong></span> <span class='ocrx_word' id='word_1_697' title='bbox 2031 1683 2110 1704; x_wconf 90' lang='lat' dir='ltr'><strong>con-</strong></span> 
     </span>
     <span class='ocr_line' id='line_1_97' title="bbox 1132 1711 2110 1755; baseline 0.004 -12"><span class='ocrx_word' id='word_1_698' title='bbox 1132 1711 1254 1744; x_wconf 81' lang='lat' dir='ltr'><strong>solatio</strong></span> <span class='ocrx_word' id='word_1_699' title='bbox 1277 1718 1329 1744; x_wconf 81' lang='lat' dir='ltr'><strong>est</strong></span> <span class='ocrx_word' id='word_1_700' title='bbox 1350 1724 1438 1745; x_wconf 86' lang='lat' dir='ltr'><strong>noua</strong></span> <span class='ocrx_word' id='word_1_701' title='bbox 1461 1720 1493 1745; x_wconf 87' lang='lat' dir='ltr'><strong>et</strong></span> <span class='ocrx_word' id='word_1_702' title='bbox 1515 1713 1695 1754; x_wconf 87' lang='lat' dir='ltr'><strong>spiritualis</strong></span> <span class='ocrx_word' id='word_1_703' title='bbox 1720 1715 1795 1745; x_wconf 78' lang='lat' dir='ltr'><strong>vita.</strong></span> <span class='ocrx_word' id='word_1_704' title='bbox 1842 1715 1932 1746; x_wconf 85' lang='lat' dir='ltr'><strong>llaec</strong></span> <span class='ocrx_word' id='word_1_705' title='bbox 1956 1714 2055 1755; x_wconf 81' lang='lat' dir='ltr'><strong>plana</strong></span> <span class='ocrx_word' id='word_1_706' title='bbox 2077 1722 2110 1747; x_wconf 87' lang='lat' dir='ltr'><strong>et</strong></span> 
     </span>
     <span class='ocr_line' id='line_1_98' title="bbox 1131 1755 2106 1798; baseline 0.003 -13"><span class='ocrx_word' id='word_1_707' title='bbox 1131 1756 1309 1796; x_wconf 73' lang='lat' dir='ltr'><strong>perspicua</strong></span> <span class='ocrx_word' id='word_1_708' title='bbox 1336 1761 1430 1793; x_wconf 89' lang='lat' dir='ltr'><strong>sunt,</strong></span> <span class='ocrx_word' id='word_1_709' title='bbox 1460 1763 1491 1787; x_wconf 87' lang='lat' dir='ltr'><strong>et</strong></span> <span class='ocrx_word' id='word_1_710' title='bbox 1519 1767 1538 1787; x_wconf 86' lang='lat' dir='ltr'><strong>a</strong></span> <span class='ocrx_word' id='word_1_711' title='bbox 1563 1757 1625 1798; x_wconf 69' lang='lat' dir='ltr'><strong>pijs</strong></span> <span class='ocrx_word' id='word_1_712' title='bbox 1655 1755 1791 1798; x_wconf 85' lang='lat' dir='ltr'><strong>intelligi</strong></span> <span class='ocrx_word' id='word_1_713' title='bbox 1811 1764 1971 1797; x_wconf 81' lang='lat' dir='ltr'><strong>possunt,</strong></span> <span class='ocrx_word' id='word_1_714' title='bbox 1997 1766 2028 1789; x_wconf 82' lang='lat' dir='ltr'><strong>et</strong></span> <span class='ocrx_word' id='word_1_715' title='bbox 2051 1758 2106 1789; x_wconf 77' lang='lat' dir='ltr'><strong>ha-</strong></span> 
     </span>
     <span class='ocr_line' id='line_1_99' title="bbox 1133 1796 2108 1841; baseline 0.003 -13"><span class='ocrx_word' id='word_1_716' title='bbox 1133 1800 1210 1829; x_wconf 92' lang='lat' dir='ltr'><strong>bent</strong></span> <span class='ocrx_word' id='word_1_717' title='bbox 1250 1796 1422 1829; x_wconf 88' lang='lat' dir='ltr'><strong>Ecclesiae</strong></span> <span class='ocrx_word' id='word_1_718' title='bbox 1462 1800 1658 1830; x_wconf 78' lang='lat' dir='ltr'><strong>testimonia.</strong></span> <span class='ocrx_word' id='word_1_719' title='bbox 1715 1800 1906 1839; x_wconf 75' lang='lat' dir='ltr'><strong>Aduersarij</strong></span> <span class='ocrx_word' id='word_1_720' title='bbox 1949 1810 2108 1841; x_wconf 72' lang='lat' dir='ltr'><strong>nusquam</strong></span> 
     </span>
     <span class='ocr_line' id='line_1_100' title="bbox 1130 1841 2107 1883; baseline 0.002 -12"><span class='ocrx_word' id='word_1_721' title='bbox 1130 1847 1272 1882; x_wconf 87' lang='lat' dir='ltr'><strong>possunt</strong></span> <span class='ocrx_word' id='word_1_722' title='bbox 1305 1841 1433 1878; x_wconf 85' lang='lat' dir='ltr'><strong>dicere,</strong></span> <span class='ocrx_word' id='word_1_723' title='bbox 1467 1843 1632 1882; x_wconf 86' lang='lat' dir='ltr'><strong>quomodo</strong></span> <span class='ocrx_word' id='word_1_724' title='bbox 1665 1842 1758 1872; x_wconf 82' lang='lat' dir='ltr'><strong>detur</strong></span> <span class='ocrx_word' id='word_1_725' title='bbox 1791 1843 1924 1883; x_wconf 73' lang='lat' dir='ltr'><strong>spiritus</strong></span> <span class='ocrx_word' id='word_1_726' title='bbox 1959 1850 2107 1874; x_wconf 86' lang='lat' dir='ltr'><strong>sanctus.</strong></span> 
     </span>
     <span class='ocr_line' id='line_1_101' title="bbox 1131 1883 2108 1925; baseline 0.003 -11"><span class='ocrx_word' id='word_1_727' title='bbox 1131 1883 1273 1925; x_wconf 84' lang='lat' dir='ltr'><strong>Fingunt</strong></span> <span class='ocrx_word' id='word_1_728' title='bbox 1301 1891 1508 1914; x_wconf 85' lang='lat' dir='ltr'><strong>sacramenta</strong></span> <span class='ocrx_word' id='word_1_729' title='bbox 1537 1883 1689 1915; x_wconf 80' lang='lat' dir='ltr'><strong>conferre</strong></span> <span class='ocrx_word' id='word_1_730' title='bbox 1719 1885 1866 1925; x_wconf 67' lang='lat' dir='ltr'><strong>spiritum</strong></span> <span class='ocrx_word' id='word_1_731' title='bbox 1893 1892 2044 1917; x_wconf 79' lang='lat' dir='ltr'><strong>sanctum</strong></span> <span class='ocrx_word' id='word_1_732' title='bbox 2067 1896 2108 1916; x_wconf 86' lang='lat' dir='ltr'><strong>ex</strong></span> 
     </span>
     <span class='ocr_line' id='line_1_102' title="bbox 1132 1927 2107 1970; baseline 0.003 -14"><span class='ocrx_word' id='word_1_733' title='bbox 1132 1936 1233 1966; x_wconf 89' lang='lat' dir='ltr'><strong>opere</strong></span> <span class='ocrx_word' id='word_1_734' title='bbox 1263 1934 1418 1966; x_wconf 82' lang='lat' dir='ltr'><strong>operato,</strong></span> <span class='ocrx_word' id='word_1_735' title='bbox 1452 1927 1525 1957; x_wconf 83' lang='lat' dir='ltr'><strong>sine</strong></span> <span class='ocrx_word' id='word_1_736' title='bbox 1548 1927 1634 1957; x_wconf 84' lang='lat' dir='ltr'><strong>bono</strong></span> <span class='ocrx_word' id='word_1_737' title='bbox 1659 1933 1748 1958; x_wconf 86' lang='lat' dir='ltr'><strong>motu</strong></span> <span class='ocrx_word' id='word_1_738' title='bbox 1770 1928 1978 1968; x_wconf 77' lang='lat' dir='ltr'><strong>accipientis,</strong></span> <span class='ocrx_word' id='word_1_739' title='bbox 2013 1929 2107 1970; x_wconf 82' lang='lat' dir='ltr'><strong>quasi</strong></span> 
     </span>
     <span class='ocr_line' id='line_1_103' title="bbox 1130 1969 1946 2010; baseline 0 -10"><span class='ocrx_word' id='word_1_740' title='bbox 1130 1979 1211 2000; x_wconf 87' lang='lat' dir='ltr'><strong>vero</strong></span> <span class='ocrx_word' id='word_1_741' title='bbox 1235 1969 1348 1999; x_wconf 83' lang='lat' dir='ltr'><strong>ociosa</strong></span> <span class='ocrx_word' id='word_1_742' title='bbox 1372 1979 1425 1999; x_wconf 83' lang='lat' dir='ltr'><strong>res</strong></span> <span class='ocrx_word' id='word_1_743' title='bbox 1450 1969 1492 1999; x_wconf 84' lang='lat' dir='ltr'><strong>sit</strong></span> <span class='ocrx_word' id='word_1_744' title='bbox 1515 1969 1647 2000; x_wconf 73' lang='lat' dir='ltr'><strong>donatio</strong></span> <span class='ocrx_word' id='word_1_745' title='bbox 1670 1970 1805 2010; x_wconf 73' lang='lat' dir='ltr'><strong>spiritus</strong></span> <span class='ocrx_word' id='word_1_746' title='bbox 1830 1970 1946 2000; x_wconf 79' lang='lat' dir='ltr'><strong>sancti.</strong></span> 
     </span>
    </p>

    <p class='ocr_par' dir='ltr' id='par_1_20' title="bbox 1132 2010 2108 2096">
     <span class='ocr_line' id='line_1_104' title="bbox 1217 2010 2108 2054; baseline 0.003 -13"><span class='ocrx_word' id='word_1_747' title='bbox 1217 2010 1299 2042; x_wconf 90' lang='lat' dir='ltr'><strong>Cum</strong></span> <span class='ocrx_word' id='word_1_748' title='bbox 1333 2017 1441 2042; x_wconf 80' lang='lat' dir='ltr'><strong>autem</strong></span> <span class='ocrx_word' id='word_1_749' title='bbox 1470 2011 1511 2042; x_wconf 87' lang='lat' dir='ltr'><strong>de</strong></span> <span class='ocrx_word' id='word_1_750' title='bbox 1537 2011 1593 2042; x_wconf 87' lang='lat' dir='ltr'><strong>tali</strong></span> <span class='ocrx_word' id='word_1_751' title='bbox 1625 2011 1688 2043; x_wconf 74' lang='lat' dir='ltr'><strong>fide</strong></span> <span class='ocrx_word' id='word_1_752' title='bbox 1716 2011 1906 2053; x_wconf 84' lang='lat' dir='ltr'><strong>loquamur,</strong></span> <span class='ocrx_word' id='word_1_753' title='bbox 1935 2023 2020 2054; x_wconf 86' lang='lat' dir='ltr'><strong>quae</strong></span> <span class='ocrx_word' id='word_1_754' title='bbox 2042 2023 2108 2044; x_wconf 91' lang='lat' dir='ltr'><strong>non</strong></span> 
     </span>
     <span class='ocr_line' id='line_1_105' title="bbox 1132 2053 2108 2096; baseline 0.003 -12"><span class='ocrx_word' id='word_1_755' title='bbox 1132 2059 1184 2085; x_wconf 84' lang='lat' dir='ltr'><strong>est</strong></span> <span class='ocrx_word' id='word_1_756' title='bbox 1209 2053 1323 2085; x_wconf 73' lang='lat' dir='ltr'><strong>ociosa</strong></span> <span class='ocrx_word' id='word_1_757' title='bbox 1347 2054 1522 2096; x_wconf 78' lang='lat' dir='ltr'><strong>cogitatio,</strong></span> <span class='ocrx_word' id='word_1_758' title='bbox 1553 2056 1612 2086; x_wconf 83' lang='lat' dir='ltr'><strong>sed</strong></span> <span class='ocrx_word' id='word_1_759' title='bbox 1636 2065 1721 2096; x_wconf 92' lang='lat' dir='ltr'><strong>quae</strong></span> <span class='ocrx_word' id='word_1_760' title='bbox 1744 2066 1763 2085; x_wconf 85' lang='lat' dir='ltr'><strong>a</strong></span> <span class='ocrx_word' id='word_1_761' title='bbox 1789 2063 1893 2086; x_wconf 84' lang='lat' dir='ltr'><strong>morte</strong></span> <span class='ocrx_word' id='word_1_762' title='bbox 1916 2054 2051 2093; x_wconf 80' lang='lat' dir='ltr'><strong>liberat,</strong></span> <span class='ocrx_word' id='word_1_763' title='bbox 2076 2062 2108 2087; x_wconf 89' lang='lat' dir='ltr'><strong>et</strong></span> 
     </span>
    </p>
   </div>
   <div class='ocr_carea' id='block_1_13' title="bbox 1199 2200 2108 2538">
    <p class='ocr_par' dir='ltr' id='par_1_21' title="bbox 1199 2200 2108 2538">
     <span class='ocr_line' id='line_1_106' title="bbox 1199 2200 2108 2231; baseline 0 -8"><span class='ocrx_word' id='word_1_764' title='bbox 1199 2200 1330 2231; x_wconf 76' lang='lat' dir='ltr'><strong>pacandae</strong></span> <span class='ocrx_word' id='word_1_765' title='bbox 1362 2200 1545 2224; x_wconf 77' lang='lat' dir='ltr'><strong>conscientiae.</strong></span> <span class='ocrx_word' id='word_1_766' title='bbox 1592 2202 1658 2224; x_wconf 55' lang='lat' dir='ltr'><strong>(sum</strong></span> <span class='ocrx_word' id='word_1_767' title='bbox 1685 2201 1814 2223; x_wconf 85' lang='lat' dir='ltr'><strong>Abraham</strong></span> <span class='ocrx_word' id='word_1_768' title='bbox 1838 2201 1896 2223; x_wconf 88' lang='lat' dir='ltr'><strong>ideo</strong></span> <span class='ocrx_word' id='word_1_769' title='bbox 1922 2201 2108 2230; x_wconf 79' lang='lat' dir='ltr'><strong>pronuncietur</strong></span> 
     </span>
     <span class='ocr_line' id='line_1_107' title="bbox 1201 2234 2106 2265; baseline 0 -8"><span class='ocrx_word' id='word_1_770' title='bbox 1201 2235 1296 2262; x_wconf 76' lang='lat' dir='ltr'><strong>iustus,</strong></span> <span class='ocrx_word' id='word_1_771' title='bbox 1315 2234 1373 2264; x_wconf 71' lang='lat' dir='ltr'><strong>qui-1</strong></span> <span class='ocrx_word' id='word_1_772' title='bbox 1398 2235 1535 2257; x_wconf 73' lang='lat' dir='ltr'><strong>assentitur</strong></span> <span class='ocrx_word' id='word_1_773' title='bbox 1561 2235 1739 2264; x_wconf 67' lang='lat' dir='ltr'><strong>prmnissioni,</strong></span> <span class='ocrx_word' id='word_1_774' title='bbox 1765 2239 1790 2257; x_wconf 77' lang='lat' dir='ltr'><strong>ot</strong></span> <span class='ocrx_word' id='word_1_775' title='bbox 1813 2235 1905 2265; x_wconf 74' lang='lat' dir='ltr'><strong>accipit</strong></span> <span class='ocrx_word' id='word_1_776' title='bbox 1933 2235 2044 2258; x_wconf 81' lang='lat' dir='ltr'><strong>oblatam</strong></span> <span class='ocrx_word' id='word_1_777' title='bbox 2068 2242 2106 2257; x_wconf 82' lang='lat' dir='ltr'><strong>rc-</strong></span> 
     </span>
     <span class='ocr_line' id='line_1_108' title="bbox 1201 2268 2106 2299; baseline -0.001 -8"><span class='ocrx_word' id='word_1_778' title='bbox 1201 2268 1425 2297; x_wconf 70' lang='lat' dir='ltr'><strong>conciliationem,</strong></span> <span class='ocrx_word' id='word_1_779' title='bbox 1452 2276 1504 2291; x_wconf 87' lang='lat' dir='ltr'><strong>non</strong></span> <span class='ocrx_word' id='word_1_780' title='bbox 1535 2270 1643 2298; x_wconf 79' lang='lat' dir='ltr'><strong>opponit</strong></span> <span class='ocrx_word' id='word_1_781' title='bbox 1674 2269 1727 2291; x_wconf 80' lang='lat' dir='ltr'><strong>irae</strong></span> <span class='ocrx_word' id='word_1_782' title='bbox 1755 2268 1803 2292; x_wconf 79' lang='lat' dir='ltr'><strong>Dei</strong></span> <span class='ocrx_word' id='word_1_783' title='bbox 1833 2270 1923 2291; x_wconf 71' lang='lat' dir='ltr'><strong>merim</strong></span> <span class='ocrx_word' id='word_1_784' title='bbox 1948 2274 1992 2291; x_wconf 83' lang='lat' dir='ltr'><strong>aut</strong></span> <span class='ocrx_word' id='word_1_785' title='bbox 2019 2276 2106 2299; x_wconf 69' lang='lat' dir='ltr'><strong>opera,</strong></span> 
     </span>
     <span class='ocr_line' id='line_1_109' title="bbox 1201 2301 2107 2333; baseline 0 -8"><span class='ocrx_word' id='word_1_786' title='bbox 1201 2301 1287 2329; x_wconf 79' lang='lat' dir='ltr'><strong>Quare</strong></span> <span class='ocrx_word' id='word_1_787' title='bbox 1306 2302 1347 2325; x_wconf 86' lang='lat' dir='ltr'><strong>hic</strong></span> <span class='ocrx_word' id='word_1_788' title='bbox 1366 2302 1436 2325; x_wconf 68' lang='lat' dir='ltr'><strong>loom</strong></span> <span class='ocrx_word' id='word_1_789' title='bbox 1456 2302 1594 2332; x_wconf 71' lang='lat' dir='ltr'><strong>diligenter</strong></span> <span class='ocrx_word' id='word_1_790' title='bbox 1613 2303 1804 2330; x_wconf 76' lang='lat' dir='ltr'><strong>consideratus,</strong></span> <span class='ocrx_word' id='word_1_791' title='bbox 1824 2303 1928 2333; x_wconf 61' lang='lat' dir='ltr'><strong>copiose</strong></span> <span class='ocrx_word' id='word_1_792' title='bbox 1954 2303 1985 2325; x_wconf 87' lang='lat' dir='ltr'><strong>‹le</strong></span> <span class='ocrx_word' id='word_1_793' title='bbox 2005 2307 2060 2325; x_wconf 84' lang='lat' dir='ltr'><strong>tota</strong></span> <span class='ocrx_word' id='word_1_794' title='bbox 2078 2310 2107 2326; x_wconf 91' lang='lat' dir='ltr'><strong>re</strong></span> 
     </span>
     <span class='ocr_line' id='line_1_110' title="bbox 1201 2337 2107 2367; baseline 0 -8"><span class='ocrx_word' id='word_1_795' title='bbox 1201 2337 1256 2367; x_wconf 83' lang='lat' dir='ltr'><strong>pias</strong></span> <span class='ocrx_word' id='word_1_796' title='bbox 1276 2341 1373 2359; x_wconf 76' lang='lat' dir='ltr'><strong>mentes</strong></span> <span class='ocrx_word' id='word_1_797' title='bbox 1393 2337 1487 2359; x_wconf 84' lang='lat' dir='ltr'><strong>docere</strong></span> <span class='ocrx_word' id='word_1_798' title='bbox 1506 2337 1609 2367; x_wconf 80' lang='lat' dir='ltr'><strong>poterit.</strong></span> <span class='ocrx_word' id='word_1_799' title='bbox 1629 2338 1670 2366; x_wconf 77' lang='lat' dir='ltr'><strong>qni</strong></span> <span class='ocrx_word' id='word_1_800' title='bbox 1690 2337 1791 2366; x_wconf 76' lang='lat' dir='ltr'><strong>quidem</strong></span> <span class='ocrx_word' id='word_1_801' title='bbox 1812 2337 1847 2359; x_wconf 64' lang='lat' dir='ltr'><strong>ita</strong></span> <span class='ocrx_word' id='word_1_802' title='bbox 1873 2337 1980 2365; x_wconf 79' lang='lat' dir='ltr'><strong>intelligi</strong></span> <span class='ocrx_word' id='word_1_803' title='bbox 2006 2338 2107 2367; x_wconf 68' lang='lat' dir='ltr'><strong>poterit,</strong></span> 
     </span>
     <span class='ocr_line' id='line_1_111' title="bbox 1201 2370 2106 2401; baseline 0.001 -8"><span class='ocrx_word' id='word_1_804' title='bbox 1201 2370 1222 2393; x_wconf 87' lang='lat' dir='ltr'><strong>si</strong></span> <span class='ocrx_word' id='word_1_805' title='bbox 1242 2376 1389 2401; x_wconf 81' lang='lat' dir='ltr'><strong>proponant</strong></span> <span class='ocrx_word' id='word_1_806' title='bbox 1408 2378 1464 2393; x_wconf 81' lang='lat' dir='ltr'><strong>cnm</strong></span> <span class='ocrx_word' id='word_1_807' title='bbox 1483 2371 1533 2393; x_wconf 85' lang='lat' dir='ltr'><strong>sibi</strong></span> <span class='ocrx_word' id='word_1_808' title='bbox 1554 2371 1748 2400; x_wconf 62' lang='lat' dir='ltr'><strong>perterrefaciat:</strong></span> <span class='ocrx_word' id='word_1_809' title='bbox 1769 2376 1876 2399; x_wconf 79' lang='lat' dir='ltr'><strong>mentes,</strong></span> <span class='ocrx_word' id='word_1_810' title='bbox 1896 2376 1922 2393; x_wconf 91' lang='lat' dir='ltr'><strong>et</strong></span> <span class='ocrx_word' id='word_1_811' title='bbox 1941 2376 2055 2394; x_wconf 67' lang='lat' dir='ltr'><strong>statuant</strong></span> <span class='ocrx_word' id='word_1_812' title='bbox 2074 2372 2106 2394; x_wconf 77' lang='lat' dir='ltr'><strong>ad</strong></span> 
     </span>
     <span class='ocr_line' id='line_1_112' title="bbox 1202 2405 2104 2435; baseline 0.002 -8"><span class='ocrx_word' id='word_1_813' title='bbox 1202 2405 1311 2428; x_wconf 84' lang='lat' dir='ltr'><strong>eundem</strong></span> <span class='ocrx_word' id='word_1_814' title='bbox 1335 2405 1437 2427; x_wconf 84' lang='lat' dir='ltr'><strong>modum</strong></span> <span class='ocrx_word' id='word_1_815' title='bbox 1463 2413 1489 2427; x_wconf 83' lang='lat' dir='ltr'><strong>so</strong></span> <span class='ocrx_word' id='word_1_816' title='bbox 1515 2405 1607 2427; x_wconf 73' lang='lat' dir='ltr'><strong>debere</strong></span> <span class='ocrx_word' id='word_1_817' title='bbox 1633 2406 1749 2427; x_wconf 50' lang='lat' dir='ltr'><strong>usumin-i</strong></span> <span class='ocrx_word' id='word_1_818' title='bbox 1773 2406 1900 2434; x_wconf 80' lang='lat' dir='ltr'><strong>gratuitae</strong></span> <span class='ocrx_word' id='word_1_819' title='bbox 1930 2406 2104 2435; x_wconf 64' lang='lat' dir='ltr'><strong>promissioni.</strong></span> 
     </span>
     <span class='ocr_line' id='line_1_113' title="bbox 1201 2438 2105 2469; baseline 0.001 -8"><span class='ocrx_word' id='word_1_820' title='bbox 1201 2438 1290 2469; x_wconf 85' lang='lat' dir='ltr'><strong>Neque</strong></span> <span class='ocrx_word' id='word_1_821' title='bbox 1310 2439 1377 2461; x_wconf 75' lang='lat' dir='ltr'><strong>onim</strong></span> <span class='ocrx_word' id='word_1_822' title='bbox 1397 2445 1502 2469; x_wconf 67' lang='lat' dir='ltr'><strong>possunt</strong></span> <span class='ocrx_word' id='word_1_823' title='bbox 1522 2439 1595 2461; x_wconf 76' lang='lat' dir='ltr'><strong>aliter</strong></span> <span class='ocrx_word' id='word_1_824' title='bbox 1614 2440 1792 2468; x_wconf 48' lang='lat' dir='ltr'><strong>acquiescere,</strong></span> <span class='ocrx_word' id='word_1_825' title='bbox 1813 2441 1860 2461; x_wconf 78' lang='lat' dir='ltr'><strong>nisi</strong></span> <span class='ocrx_word' id='word_1_826' title='bbox 1879 2444 1993 2462; x_wconf 75' lang='lat' dir='ltr'><strong>statuant</strong></span> <span class='ocrx_word' id='word_1_827' title='bbox 2016 2447 2043 2462; x_wconf 77' lang='lat' dir='ltr'><strong>se</strong></span> <span class='ocrx_word' id='word_1_828' title='bbox 2062 2440 2105 2462; x_wconf 79' lang='lat' dir='ltr'><strong>ha-</strong></span> 
     </span>
     <span class='ocr_line' id='line_1_114' title="bbox 1201 2471 2108 2504; baseline 0.002 -9"><span class='ocrx_word' id='word_1_829' title='bbox 1201 2471 1262 2496; x_wconf 81' lang='lat' dir='ltr'><strong>bere</strong></span> <span class='ocrx_word' id='word_1_830' title='bbox 1279 2473 1362 2497; x_wconf 88' lang='lat' dir='ltr'><strong>Deum</strong></span> <span class='ocrx_word' id='word_1_831' title='bbox 1383 2474 1523 2503; x_wconf 60' lang='lat' dir='ltr'><strong>plat-atum.</strong></span> <span class='ocrx_word' id='word_1_832' title='bbox 1542 2474 1600 2503; x_wconf 80' lang='lat' dir='ltr'><strong>quia</strong></span> <span class='ocrx_word' id='word_1_833' title='bbox 1621 2473 1780 2503; x_wconf 73' lang='lat' dir='ltr'><strong>promiserit.</strong></span> <span class='ocrx_word' id='word_1_834' title='bbox 1800 2480 1850 2496; x_wconf 91' lang='lat' dir='ltr'><strong>non</strong></span> <span class='ocrx_word' id='word_1_835' title='bbox 1876 2474 1937 2504; x_wconf 84' lang='lat' dir='ltr'><strong>quia</strong></span> <span class='ocrx_word' id='word_1_836' title='bbox 1955 2478 2041 2497; x_wconf 83' lang='lat' dir='ltr'><strong>nostra</strong></span> <span class='ocrx_word' id='word_1_837' title='bbox 2061 2481 2108 2497; x_wconf 86' lang='lat' dir='ltr'><strong>ua-</strong></span> 
     </span>
     <span class='ocr_line' id='line_1_115' title="bbox 1202 2507 1662 2538; baseline 0 -9"><span class='ocrx_word' id='word_1_838' title='bbox 1202 2510 1275 2536; x_wconf 78' lang='lat' dir='ltr'><strong>tura,</strong></span> <span class='ocrx_word' id='word_1_839' title='bbox 1293 2507 1346 2531; x_wconf 79' lang='lat' dir='ltr'><strong>uit-a</strong></span> <span class='ocrx_word' id='word_1_840' title='bbox 1365 2512 1389 2530; x_wconf 78' lang='lat' dir='ltr'><strong>et</strong></span> <span class='ocrx_word' id='word_1_841' title='bbox 1406 2515 1485 2538; x_wconf 84' lang='lat' dir='ltr'><strong>opera</strong></span> <span class='ocrx_word' id='word_1_842' title='bbox 1504 2507 1583 2536; x_wconf 79' lang='lat' dir='ltr'><strong>digna</strong></span> <span class='ocrx_word' id='word_1_843' title='bbox 1602 2507 1662 2529; x_wconf 63' lang='lat' dir='ltr'><strong>sint.</strong></span> 
     </span>
    </p>
   </div>
   <div class='ocr_carea' id='block_1_14' title="bbox 1133 2548 1756 2623">
    <p class='ocr_par' dir='ltr' id='par_1_22' title="bbox 1133 2548 1756 2623">
     <span class='ocr_line' id='line_1_116' title="bbox 1133 2548 1756 2580; baseline 0.002 -9"><span class='ocrx_word' id='word_1_844' title='bbox 1133 2548 1180 2580; x_wconf 70' lang='lat'><strong>49)</strong></span> <span class='ocrx_word' id='word_1_845' title='bbox 1199 2548 1310 2580; x_wconf 55' lang='lat' dir='ltr'><strong>AIDES]</strong></span> <span class='ocrx_word' id='word_1_846' title='bbox 1330 2550 1412 2572; x_wconf 81' lang='lat' dir='ltr'><strong>Editt.</strong></span> <span class='ocrx_word' id='word_1_847' title='bbox 1433 2550 1522 2571; x_wconf 66' lang='lat'><strong>‘2—4.:</strong></span> <span class='ocrx_word' id='word_1_848' title='bbox 1541 2549 1632 2573; x_wconf 75' lang='lat' dir='ltr'>SOLA</span> <span class='ocrx_word' id='word_1_849' title='bbox 1653 2549 1756 2572; x_wconf 74' lang='lat' dir='ltr'><strong>FIDEs</strong></span> 
     </span>
     <span class='ocr_line' id='line_1_117' title="bbox 1134 2590 1651 2623; baseline -0.002 -9"><span class='ocrx_word' id='word_1_850' title='bbox 1134 2590 1181 2622; x_wconf 82' lang='lat'><strong>50)</strong></span> <span class='ocrx_word' id='word_1_851' title='bbox 1202 2590 1360 2623; x_wconf 70' lang='lat' dir='ltr'><strong>praedicare]</strong></span> <span class='ocrx_word' id='word_1_852' title='bbox 1382 2592 1428 2614; x_wconf 79' lang='lat' dir='ltr'><strong>Ed.</strong></span> <span class='ocrx_word' id='word_1_853' title='bbox 1448 2593 1487 2614; x_wconf 69' lang='lat'><strong>4.:</strong></span> <span class='ocrx_word' id='word_1_854' title='bbox 1507 2592 1651 2621; x_wconf 80' lang='lat' dir='ltr'><strong>praedicari</strong></span> 
     </span>
    </p>
   </div>
   <div class='ocr_carea' id='block_1_15' title="bbox 1850 2641 1902 2668">
    <p class='ocr_par' dir='ltr' id='par_1_23' title="bbox 1850 2641 1902 2668">
     <span class='ocr_line' id='line_1_118' title="bbox 1850 2641 1902 2668; baseline 0.019 -1"><span class='ocrx_word' id='word_1_855' title='bbox 1850 2641 1902 2668; x_wconf 74' lang='lat'><strong>28·</strong></span> 
     </span>
    </p>
   </div>
  </div>
 </body>
</html>
