2366 2958
107 176 170 210 581
457 175 496 208 n.
541 174 771 207 APOLOGIA
792 174 1107 208 CONFESSIONIS
1130 174 1447 209 AUGUSTANAE.
1490 177 1530 210 Β.
1574 177 1766 212 ALTERA.
2047 181 2121 216 582

107 270 316 304 incommodo
346 269 475 301 seruari
502 273 653 309 possunt.
700 268 742 299 Et
766 269 799 299 in
823 268 888 299 boc
911 267 985 309 ipso
1008 277 1088 298 con—

106 319 209 344 uentu
231 313 314 344 satis
338 313 540 344 ostendimus
563 320 626 342 nos
646 318 783 352 propter
806 311 976 342 caritatem
999 309 1088 341 ἀδιά-

107 367 187 397 φορα
209 365 276 386 non
306 355 468 397 grauatim
501 354 742 385 obseruaturos
779 363 856 385 esse
890 362 965 385 cum
999 351 1088 394 alijs,

107 399 204 430 etiam
232 398 261 429 si
290 398 367 440 quid
396 397 593 429 incommodi
622 397 800 434 haberent,
829 396 891 427 sed
919 395 1087 437 publicam

108 441 329 478 concordiam,
352 450 437 483 quae
460 440 590 482 quidem
613 440 685 471 sine
707 439 892 471 offensione
914 438 1087 470 conscien-
1141 437 1264 480 gelium
1299 439 1449 480 probibet
1485 443 1662 474 vindictam
1695 445 1878 485 priuatam,
1917 444 2018 487 quue
2052 445 2117 478 hoc

108 484 225 515 tiarum
248 483 319 515 fieri
341 489 470 524 posset,
493 483 710 514 iudicauimus
723 482 875 513 omnibus
898 480 974 522 alijs
999 490 1087 512 com·
1141 479 1282 512 consilio
1307 480 1459 514 Christus
1490 486 1587 516 toties
1611 485 1773 525 inculcat,
1803 497 1844 519 ne
1873 487 2027 529 Apostoli
2058 499 2117 530 pu-

108 527 214 558 modis
247 526 494 558 anteferendam
528 535 616 557 esse.
673 525 741 557 Sed
775 525 816 556 de
849 524 913 555 hac
946 529 1017 554 tota
1051 532 1086 554 re
1140 530 1248 556 tarent
1278 533 1315 556 se
1340 525 1476 566 lmperia
1501 527 1624 559 debere
1653 530 1725 560 istis
1749 530 1893 571 eripere,
1917 531 1972 572 qui
1995 529 2117 573 alioqui

1110 283 1116 577 Ι
1141 267 1320 300 Caeterum
1348 280 1414 302 non
1441 269 1549 303 solum
1579 277 1734 304 externas
1762 272 1894 315 politias
1921 276 2121 316 approbare,

108 569 208 611 paulo
242 575 317 610 post
352 569 450 600 etiam
477 569 645 607 dicemus,
681 578 756 599 cum
779 568 819 599 de
844 567 949 604 votis,
983 572 1016 597 et
1045 565 1087 597 de
1140 568 1316 605 tenebant,
1347 567 1432 599 sicut
1461 570 1570 601 ludaei
1598 571 1640 602 de
1669 582 1772 613 regno
1803 572 1948 605 Messiae
1977 576 2118 605 somnia-

1140 311 1200 342 sed
1225 321 1289 343 nos
1314 312 1413 344 etiam
1432 313 1598 355 subijcere
1620 314 1698 353 illis,
1723 316 1808 347 sicut
1831 319 2023 349 necessario
2042 319 2121 351 sub-

1141 354 1199 384 diti
1233 364 1350 385 sumus
1378 354 1508 397 legibus
1542 363 1743 398 temporum,
1774 359 1902 391 vicibus
1936 360 2062 402 hyemis
2086 367 2120 393 et

1139 397 1279 427 aestatis
1322 403 1477 439 tanquam
1517 400 1635 431 diuinis
1677 401 1950 434 ordinationibus·
2011 403 2119 435 Euan-

107 618 275 654 potestate
296 610 534 643 Ecclesiastica
557 611 809 651 disputabimus.
1140 610 1230 648 bant,
1255 609 1323 641 Sed
1346 616 1381 641 vt
1404 612 1527 643 scirent
1551 623 1588 644 se
1613 614 1653 645 de
1677 625 1781 657 regno
1808 615 1972 656 spirituali
1996 617 2118 648 docere

194 652 380 686 Articulum
400 653 488 686 xvi.
521 654 680 694 recipiunt
708 651 893 693 aduersarij
925 650 997 681 sine
1020 649 1087 682 vlla
1140 659 1311 693 oportere,
1340 663 1406 685 non
1429 661 1555 686 mutare
1584 656 1712 688 ciuilem
1741 664 1873 690 statum.
1918 659 2032 701 ltaque
2054 660 2118 700 pri-

109 698 325 738 exceptione,
359 697 391 728 in
428 708 493 738 quo
527 696 671 728 confessi
705 704 837 732 sumus,
870 694 960 736 quod
989 692 1088 725 liceat
1142 702 1216 727 uata
1250 695 1408 735 vindicta,
1444 707 1509 728 non
1545 698 1700 737 consilio,
1733 701 1792 731 sed
1827 710 2005 743 praecepto
2040 712 2118 743 pro-

1139 738 1271 769 hibetur
1304 738 1421 771 Matth.
1452 742 1552 778 v.⁹⁷)
1591 748 1621 772 et
1653 741 1767 774 Roma.
1795 744 1921 785 xij.⁹8)
1977 744 2117 776 Publica

1140 791 1224 823 quae
1252 781 1287 812 fit
1316 791 1357 812 ex
1392 782 1504 814 officio
1532 785 1763 825 magistratuS,
1796 797 1863 817 non
1892 788 2116 826 dissuadetur,

1139 824 1198 855 sed
1233 825 1448 866 praecipitur,
1481 832 1513 857 et
1547 833 1597 857 est
1633 838 1716 868 opus
1740 827 1818 867 Dei,
1853 830 1942 860 iuxta
1977 829 2115 861 Paulum

1140 866 1255 899 Roma.
1280 868 1347 908 xiij.
1393 868 1459 900 lam
1486 868 1640 910 publicae
1671 871 1834 902 vindictae
1862 873 1992 913 species
2026 879 2116 911 sunt,

1138 910 1276 948 iudicia,
1310 909 1486 952 supplicia,
1522 911 1626 949 bella,
1659 912 1788 945 milicia.
1845 914 1897 946 De
1928 914 1980 946 his
2013 917 2114 947 rebus

1139 963 1236 994 quam
1265 952 1352 985 male
1381 954 1597 986 iudicauerint
1623 955 1713 987 multi
1742 957 1938 998 scriptores,
1973 964 2115 997 constat,

1139 996 1215 1037 quia
1243 997 1276 1027 in
1298 995 1363 1027 hoc
1392 1007 1504 1029 errore
1527 996 1677 1035 fuerunt,
1703 998 1921 1041 Euangelium
1949 1006 2117 1032 externam

1139 1039 1302 1080 quandam
1333 1049 1453 1071 nouam
1478 1047 1508 1071 et
1531 1042 1747 1072 monasticam
1770 1040 1915 1083 politiam
1939 1053 2031 1077 esse,
2054 1053 2118 1076 nec

1139 1082 1290 1113 viderunt
1333 1081 1549 1125 Euangelium
1591 1084 1748 1115 cordibus
1793 1084 1913 1116 afferre
1953 1086 2117 1118 iusticiam

1138 1132 1318 1162 aeternam,
1342 1123 1425 1156 foris
1448 1132 1556 1157 autem
1581 1127 1725 1167 probare
1748 1133 1868 1159 statum
1892 1127 2030 1160 ciuilem.

108 739 298 772 Christiano
322 750 440 782 gerere
462 740 687 781 magistratus,
712 747 869 769 exercere
892 737 1023 775 iudicia,
1046 747 1087 768 ex

108 782 331 825 Imperator-ijs
355 781 495 824 legibus,
519 792 580 814 seu
601 781 676 823 alrjs
688 780 920 822 praesentibus
944 778 1086 821 legibus,

109 826 273 868 supplicia
296 827 367 857 iure
391 826 608 862 constituere,
637 826 708 855 iure
730 822 819 855 bella
843 832 977 865 gerere,
1006 822 1087 853 mili-

109 875 192 905 tare,
217 870 286 900 iure
306 867 512 905 contrahere,
535 873 649 899 tenere
661 868 840 909 proprium,
864 866 1087 897 iusiurandum

109 911 356 953 postulantibus
375 910 622 952 magistratibus
641 911 731 948 dare,
755 908 953 941 contrahere
975 909 1086 939 matri-

109 956 272 992 monium,
302 954 442 995 denique
472 953 561 995 quod
595 952 827 994 legitimae⁹⁶›
862 951 1086 983 ordinationes

110 995 242 1034 ciuiles,
272 997 338 1027 sint
361 997 469 1028 bonae
499 1002 671 1028 creaturae
696 995 775 1033 Dei,
806 1001 839 1026 et
861 994 1085 1025 ordinationes

109 1040 255 1076 diuinae,
291 1039 410 1081 quibus
444 1046 512 1070 tuto
541 1038 749 1070 Christianus
778 1038 824 1069 vti
851 1043 972 1079 potest.
1025 1036 1087 1068 Hic

108 1088 198 1114 totus
226 1081 325 1113 locus
357 1082 398 1112 de
422 1082 609 1113 discrimine
638 1082 732 1124 regni
761 1079 900 1118 Christi,
931 1085 962 1110 et
991 1080 1086 1121 regni

109 1124 226 1160 ciuilis,
249 1124 350 1155 literis
364 1131 553 1156 nostrorum
570 1124 690 1156 vtiliter
702 1123 886 1155 illustratus
909 1128 971 1160 est,
995 1123 1084 1164 quod

108 1178 248 1210 regnum
278 1167 400 1198 Christi
431 1168 473 1198 sit
501 1166 692 1208 spirituale,
727 1167 793 1198 hoc
823 1172 890 1204 est,
923 1166 956 1196 in
985 1165 1086 1197 corde

109 1211 263 1242 noticiam
297 1209 380 1248 Dei,
414 1210 561 1242 timorem
595 1209 675 1248 Dei,
711 1216 744 1242 et
777 1209 891 1243 tidem,
924 1208 1086 1239 iusticiam

108 1260 275 1285 aeternam
300 1259 332 1284 et
354 1254 454 1284 vitam
476 1260 643 1285 aeternam
667 1253 837 1284 inchoans.
882 1251 1013 1282 Interim
1036 1249 1086 1282 fo-

109 1297 156 1327 ris
184 1296 272 1327 sinat
293 1306 357 1327 nos
387 1296 433 1326 vti
460 1295 606 1337 politicis
629 1296 893 1327 ordinationibus
921 1292 1086 1336 legitimis,

109 1348 380 1380 quarumcunque
410 1339 555 1380 gentium
586 1340 668 1370 inter
698 1348 780 1380 quas
809 1338 968 1374 viuimus,
1003 1337 1087 1367 sicut

1230 1167 1452 1200 Vanissimum
1486 1176 1515 1200 et
1551 1167 1616 1200 hoc
1649 1175 1722 1208 est,
1757 1171 1846 1211 quod
1879 1171 1923 1201 sit
1956 1170 2117 1212 perfectio

1139 1209 1346 1248 Christiana,
1374 1221 1440 1242 non
1471 1217 1583 1243 tencre
1611 1213 1791 1253 proprium.
1842 1213 1926 1244 Nam
1979 1215 2116 1247 erfectio

1139 1252 1326 1284 Christiana
1355 1260 1405 1284 est
1428 1255 1508 1293 sita,
1538 1264 1604 1285 non
1628 1255 1660 1285 in
1684 1261 1874 1297 contemptu
1898 1256 1960 1288 ciui
1977 1258 2041 1289 ium
2066 1268 2117 1289 or-

1139 1296 1351 1332 dinationum,
1373 1297 1478 1328 sedin
1502 1298 1644 1329 motibus
1662 1299 1784 1337 cordis,
1806 1299 1839 1329 in
1858 1309 1979 1340 magno
2000 1300 2117 1332 timore

1139 1337 1213 1376 Dei,
1236 1339 1268 1369 in
1291 1349 1410 1381 magna
1429 1339 1506 1379 fide,
1529 1340 1616 1372 sicut
1634 1340 1815 1379 Abraham,
1840 1340 1960 1381 Dauid,
1985 1343 2117 1382 Daniel,

109 1382 187 1413 sinit
205 1391 268 1412 nos
289 1382 333 1412 vti
351 1382 525 1420 medicina,
548 1388 604 1413 aut
616 1381 898 1417 Archstecmntca,
921 1385 977 1410 aut
1001 1380 1086 1417 cibo,
1140 1382 1236 1412 etiam
1259 1382 1291 1412 in
1315 1383 1443 1424 magnis
1468 1383 1585 1424 opibus
1613 1389 1712 1425 atque
1741 1385 1889 1427 imper-ijs
1920 1395 1986 1416 non
2009 1387 2117 1418 minus

108 1430 199 1466 potu,
220 1433 309 1455 aere.
355 1422 427 1455 Nec
455 1424 519 1456 fert
547 1423 765 1467 Euangelium
798 1432 904 1454 nouas
926 1420 1021 1464 leges
1045 1422 1086 1453 de

109 1473 198 1499 statu
221 1465 325 1505 ciuili,
355 1467 414 1498 sed
436 1467 611 1508 praecipit,
641 1474 675 1498 vt
699 1466 934 1508 praesentibus
956 1464 1087 1506 legibus

109 1510 386 1551 obtemperemus,
409 1511 480 1541 siue
503 1511 543 1541 ab
568 1509 720 1548 ethnicis,
745 1510 816 1541 siue
839 1509 880 1540 ab
904 1506 982 1548 alijs
1007 1517 1086 1539 con-

110 1553 197 1584 ditae
218 1553 301 1590 sint,
331 1558 363 1583 et
384 1551 449 1584 hac
473 1553 661 1584 obedientia
691 1553 862 1584 caritatem
883 1550 975 1583 iubet
996 1560 1087 1582 exer-

111 1605 196 1627 cere.
242 1595 433 1626 Insaniebat
467 1595 551 1626 enim
587 1594 865 1632 Carolostadius,
900 1595 956 1634 qui
990 1594 1087 1625 nobis

110 1638 300 1679 imponebat
327 1636 421 1680 leges
448 1636 619 1669 iudiciales
653 1637 762 1669 Moisi.
813 1636 866 1668 De
900 1635 952 1667 his
986 1637 1087 1668 rebus

110 1681 185 1712 ideo
225 1681 392 1722 copiosius
429 1681 635 1722 scripserunt
670 1681 793 1719 nostri,
826 1679 901 1722 quia
932 1678 1090 1711 Monaehi

110 1722 231 1755 multas
261 1724 468 1764 perniciosas
498 1724 670 1765 opiniones
693 1729 888 1765 sparserunt
915 1723 947 1753 in
970 1721 1087 1754 Eccle-

110 1767 206 1797 siam.
252 1765 466 1798 Vocauerunt
493 1766 639 1808 politiam
668 1765 919 1808 Euangelicam,
945 1775 1088 1797 commu-

111 1809 243 1840 nionem
273 1813 400 1846 rerum,
430 1810 582 1842 dixerunt
605 1820 680 1841 esse
703 1808 859 1846 consilia,
884 1818 951 1839 non
975 1814 1088 1839 tenere

110 1852 297 1894 proprium,
330 1863 395 1883 non
431 1852 557 1884 vleisci.
604 1853 675 1884 Hae
703 1852 875 1893 opiniones
904 1850 1002 1882 valde
1031 1852 1088 1882 ob-

112 1900 249 1926 scurant
275 1894 491 1937 Euangelium
519 1901 551 1926 et
573 1905 711 1937 regnum
735 1892 920 1936 spirituale,
950 1901 982 1925 et
1011 1900 1089 1925 sunt

111 1936 319 1979 periculosae
343 1940 444 1969 rebus
469 1938 619 1980 publicis
665 1939 748 1969 Nam
776 1936 993 1979 Euangelium
1021 1946 1088 1968 non

112 1980 249 2020 dissipat
272 1980 418 2020 politiam
441 1987 498 2012 aut
512 1981 760 2019 oeconomiam,
782 1981 843 2012 sed
856 1979 957 2011 multo
983 1981 1087 2022 magis

110 2024 286 2063 approbat,
310 2029 342 2054 et
362 2033 428 2054 non
452 2022 559 2056 solum
573 2030 706 2065 propter
729 2033 882 2065 poenam,
907 2024 966 2055 sed
991 2024 1087 2055 etiam

1139 1423 1276 1464 perfecti
1305 1431 1414 1463 erant,
1443 1435 1540 1467 quam
1569 1424 1626 1457 vlli
1653 1427 1819 1458 eremitae.
1866 1427 1934 1459 Sed
1962 1427 2118 1461 Monachi

1138 1465 1227 1498 illam
1251 1472 1419 1499 externam
1442 1468 1637 1511 hypocrisin
1665 1469 1852 1502 offuderunt
1883 1470 1989 1503 oculis
2012 1472 2116 1503 homi·

1138 1520 1227 1548 num,
1249 1520 1291 1541 ne
1315 1511 1417 1542 videri
1433 1513 1486 1550 ⁹⁹)
1514 1517 1629 1553 posset
1651 1512 1684 1544 in
1707 1513 1826 1554 quibus
1848 1514 1950 1545 rebus
1973 1514 2015 1545 sit
2037 1524 2118 1547 vera

1139 1550 1309 1593 perfectio.
1344 1553 1472 1589 Quibus
1495 1553 1647 1586 laudibus
1670 1561 1832 1588 vexerunt
1854 1557 2117 1590 communionem

1139 1605 1267 1634 rerum,
1296 1597 1391 1638 quasi
1419 1596 1665 1639 Euangelicam.
1710 1598 1755 1629 At
1782 1599 1846 1630 hae
1876 1598 1994 1631 laudes
2015 1599 2117 1641 pluri-

1139 1649 1226 1670 mum
1253 1639 1376 1671 habent
1405 1641 1562 1682 periculi,
1589 1642 1783 1683 praesertim
1819 1651 1893 1674 cum
1922 1640 2022 1685 longe
2052 1643 2118 1674 dis·

1140 1682 1284 1714 sentiant
1311 1692 1331 1714 a
1359 1684 1544 1724 scripturis.
1597 1683 1769 1725 Scriptura
1802 1685 1888 1716 enim
1922 1695 1991 1716 non
2023 1696 2118 1727 prae-

1141 1725 1230 1765 cipit,
1253 1730 1287 1757 vt
1310 1735 1364 1756 ros
1388 1727 1453 1757 sint
1465 1736 1670 1765 communes,
1693 1728 1753 1759 sed
1775 1726 1833 1759 lex
1856 1726 2019 1770 decalogi,
2044 1739 2118 1761 cum

1139 1767 1252 1809 inquit.
1297 1768 1372 1800 Non
1395 1767 1519 1801 furtum
1542 1768 1664 1808 facies,
1697 1770 1841 1802 dominia
1872 1770 2062 1813 distinguit,
2085 1777 2119 1804 et

1140 1819 1235 1841 suum
1260 1821 1423 1852 quemque
1446 1818 1559 1843 tenere
1580 1812 1681 1844 iubet.
1728 1812 1831 1844 Plane
1859 1812 1990 1845 furebat
2015 1814 2116 1857 Vuig-

1140 1851 1246 1891 lesus,
1274 1854 1329 1895 qui
1353 1855 1497 1896 negabat
1526 1853 1628 1886 licere
1650 1857 1880 1888 sacerdotibus
1904 1863 2019 1889 tenere
2042 1868 2117 1898 pro-

1141 1896 1255 1937 prium.
1285 1897 1369 1928 Sunt
1390 1897 1534 1929 infinitae
1554 1898 1800 1939 disputaciones
1825 1900 1866 1930 de
1879 1900 2118 1939 contractibus,

1141 1939 1182 1970 de
1210 1939 1329 1980 quibus
1359 1950 1526 1982 nunquam
1554 1942 1636 1972 satis
1664 1940 1734 1973 fieri
1768 1943 1865 1973 bonis
1900 1943 2117 1983 conscientijs

1141 1988 1264 2021 potest,
1291 1983 1352 2014 nisi
1376 1984 1481 2014 sciant
1504 1983 1592 2015 hanc
1619 1983 1785 2025 regulam,
1815 1985 1904 2026 quod
1928 1984 2116 2018 Christiano

1141 2023 1235 2055 liceat
1260 2026 1305 2056 vti
1329 2025 1482 2058 ciuilibus
1507 2026 1771 2059 ordinationibus
1794 2038 1835 2060 ac
1858 2026 1999 2070 legibus.
2024 2028 2117 2061 Haec

111 2072 248 2107 propter
282 2067 517 2098 conscientiam
558 2068 647 2098 iubet
679 2065 744 2098 illis
778 2076 896 2108 parere
930 2073 1086 2108 tanquam
1140 2066 1257 2109 regula
1287 2075 1397 2100 tuetur
1426 2069 1666 2105 conscientias,
1701 2080 1774 2102 cum
1797 2071 1896 2103 docet
1919 2078 2057 2103 eatenus
2079 2071 2118 2103 li·

111 2109 242 2140 diuinae
266 2109 472 2140 ordinationi⁴

198 2150 341 2183 lulianus
377 2153 560 2193 Apostata,
595 2150 715 2183 celsus
749 2157 781 2183 et
814 2150 984 2193 plaerique
1018 2151 1087 2194 alij,

110 2194 304 2226 obiecerunt
326 2193 534 2232 Christianis,
559 2195 647 2235 quod
670 2193 885 2237 Euangelium
909 2195 1086 2236 dissiparet

110 2236 333 2278 respublicas,
358 2238 433 2279 quia
446 2237 636 2279 prohiberet
649 2238 837 2275 vindictam,
860 2244 892 2269 et
908 2237 972 2269 alia
987 2248 1086 2279 quae-

110 2281 184 2311 dam
213 2281 357 2312 traderet
388 2291 502 2322 parum
530 2287 606 2321 apta
637 2279 722 2312 ciuili
751 2280 912 2312 societati.
959 2280 1000 2311 Et
1022 2281 1085 2313 hae

1140 2111 1224 2141 citos
1260 2120 1336 2143 esse
1371 2118 1563 2143 contractus
1595 2123 1707 2144 coram
1737 2112 1828 2152 Deo,
1863 2120 2025 2155 quatenus
2057 2124 2117 2146 eos

1139 2154 1350 2195 magistratus
1375 2164 1434 2186 seu
1458 2153 1552 2197 leges
1575 2157 1771 2197 approbant.

1226 2196 1287 2228 Hic
1317 2203 1405 2229 totus
1439 2196 1534 2229 locus
1562 2208 1672 2230 rerum
1705 2199 1914 2240 politicarum
1943 2209 1963 2230 a
1992 2201 2116 2231 nostris

1137 2239 1180 2270 ita
1205 2238 1391 2280 patefactus
1419 2247 1488 2279 est,
1521 2246 1555 2272 vt
1586 2240 1714 2281 plurimi
1747 2243 1823 2273 boni
1850 2242 1924 2280 viri,
1961 2243 2014 2284 qui
2046 2253 2115 2274 ver-

1136 2288 1251 2313 santur
1279 2283 1312 2313 in
1344 2283 1531 2325 republica,
1559 2290 1591 2315 et
1615 2284 1647 2315 in
1682 2285 1825 2326 negotijs
1850 2285 2115 2325 praedicanerint

1136 2335 1174 2356 se
1197 2336 1399 2368 magnopere
1421 2327 1552 2358 adiutos
1576 2337 1663 2365 esse,
1687 2329 1742 2369 qui
1764 2334 1861 2359 antea
1875 2327 2115 2360 Monachorum

1137 2368 1345 2410 opinionibus
1369 2370 1480 2401 vexati
1504 2370 1664 2408 dubitant,
1683 2372 1753 2407 ¹⁰⁰)
1783 2369 1903 2402 Vtrum
1926 2369 1983 2403 illa
2007 2370 2116 2403 ciuilia

110 2324 320 2364 quaestiones
356 2325 436 2355 mire
471 2330 688 2355 exercuerunt
722 2323 898 2364 Origenem
912 2346 920 2358 ‚
954 2323 1084 2355 Nazan-

110 2375 227 2397 zenum
261 2373 293 2397 et
326 2365 429 2405 alios,
463 2366 544 2397 Cum
575 2367 704 2408 quidem
738 2363 893 2397 facillime
926 2366 1084 2408 explicari

109 2409 249 2450 possint,
273 2410 300 2439 si
325 2410 468 2441 sciamus
489 2408 704 2451 Euangelium
729 2419 794 2440 non
818 2407 905 2440 ferre
927 2408 1021 2452 leges
1043 2410 1084 2441 de

109 2458 195 2482 statu
225 2451 336 2490 Ciuili,
365 2453 425 2483 sed
454 2462 528 2483 esse
557 2453 782 2483 remissionem
806 2458 1028 2492 peccatorum,
1053 2459 1084 2484 et

108 2493 350 2526 inchoationem
373 2495 460 2526 vitae
470 2502 625 2526 aeternae
647 2496 680 2526 in
701 2495 857 2526 cordibus
871 2495 1083 2534 credentium,
1136 2506 1183 2537 97)
1204 2505 1296 2529 Mateta.
1315 2506 1352 2538 ι]
1373 2507 1452 2531 Editt.
1474 2508 1563 2531 2-4.2
1583 2506 1674 2530 Matzh.
1695 2508 1796 2539 quinto,

1136 2549 1182 2580 98)
1202 2548 1291 2573 Roma.
1312 2550 1367 2581 xij]
1387 2549 1434 2574 Ed.
1456 2551 1495 2573 3.:
1516 2549 1647 2574 Romanos
1668 2550 1831 2574 duodecimo.

1136 2591 1182 2621 99)
1201 2591 1295 2623 videri]
1315 2591 1362 2616 Ed.
1381 2593 1421 2616 3.;
1440 2593 1530 2616 videre

108 2631 156 2663 96)
175 2631 315 2663 legitimae]
338 2632 385 2656 Ed.
406 2633 445 2656 4.:
465 2631 580 2663 legitime
1137 2634 1199 2665 100)
1219 2634 1357 2666 dubitant,]
1378 2635 1458 2659 Editt.
1479 2635 1568 2658 2—4.:
1589 2634 1750 2664 dubitabant,

1855 2685 1906 2711 ³7·
