2366 2958
186 165 253 198 595

185 267 285 333 2¹¹⁸?
305 255 420 299 vicarij
443 254 508 288 Dei
535 255 635 287 vitam
663 260 695 286 et
718 251 859 286 salutem
881 254 1092 287 innocentum
1114 255 1170 286 de·

201 311 241 332 en
266 306 332 331 ant.

186 419 249 449 DE
274 416 519 453 VTRAQVE
547 415 724 447 SPECIE
748 415 955 446 COENAE
978 415 1169 448 DOMlNl.

274 505 349 535 Non
372 508 482 544 potest
505 501 658 540 dubitari,
681 502 759 543 quin
781 501 870 543 pium
892 502 952 540 sit,
975 507 1008 533 et
1029 511 1169 534 consen·

187 554 318 579 taneum
342 545 537 576 institucioni
558 544 694 582 Christi,
717 550 750 576 et
772 544 883 576 verbis
902 543 996 576 Pauli
1019 545 1064 575 vti
1083 551 1169 576 vtra-

189 600 253 632 que
282 595 376 630 parte
408 588 440 619 in
467 587 578 619 Coena
608 586 751 619 Domini.
797 587 949 619 Christus
972 588 1057 619 enim
1079 588 1168 619 insti-

188 633 248 664 tuit
277 638 440 672 vtranque
475 637 618 671 partem,
649 637 683 662 et
709 631 865 669 instituit,
892 640 958 661 non
988 640 1049 671 pro
1075 636 1170 672 parte

188 673 381 712 Ecclesiae,
414 673 475 704 sed
498 683 558 714 pro
583 679 648 704 tota
673 673 836 705 Ecclesia.
881 673 963 704 Nam
987 683 1052 704 non
1076 683 1168 714 pres-

188 718 294 760 byteri
318 716 445 754 solum,
473 716 534 747 sed
558 722 627 747 tota
651 715 803 747 Ecclesia
832 717 1008 747 autoritate
1031 715 1168 753 Christi,

188 771 254 792 non
285 760 457 791 autoritate
488 757 631 790 humana
659 760 761 790 vtitur
789 759 1016 790 Sacramento.
1068 759 1170 800 ldque

188 801 283 834 sateii
313 802 527 833 aduersarios
563 802 800 833 existimamus.
855 802 920 832 lam
955 801 983 831 si
1013 800 1168 832 Christus

188 845 325 877 instituit
353 855 414 885 pro
437 850 506 876 tota
529 843 702 882 Ecclesia,
737 854 795 875 cur
819 843 924 875 altera
947 844 1078 884 species
1101 844 1168 875 adi-

188 890 285 921 mitur
307 888 391 929 parti
408 889 460 925 ⁴⁰)
484 886 668 925 Ecclesiae,
690 885 758 918 Cur
776 887 968 927 prohibetur
987 896 1068 918 vsus
1088 885 1170 917 alte-

188 933 257 963 rius
281 929 427 972 speciei?
473 929 539 961 Cur
562 937 704 962 mutatur
727 930 887 961 ordinatio
907 928 1052 960 Christi?
1075 938 1169 971 prae-

188 975 318 1012 sertim,
354 984 427 1004 cum
461 974 533 1013 ipse
566 980 663 1004 vocet
690 983 763 1004 eam
798 977 1030 1003 testamentum
1061 982 1170 1010 suum,

189 1017 287 1053 Quod
310 1017 337 1047 si
360 1015 501 1047 bominis
525 1020 754 1047 testamentum
777 1015 968 1046 rescindere
991 1025 1058 1046 ιιοιι
1080 1013 1169 1053 licet,

187 1059 290 1092 multo
318 1060 425 1090 minus
454 1057 576 1090 Christi
607 1063 838 1089 testamentum
874 1058 1065 1089 rescindere
1093 1056 1170 1089 lice-

189 1103 246 1134 bit.
281 1102 321 1133 Et
340 1101 464 1132 Paulus
486 1102 588 1143 inquit
611 1111 648 1132 se
671 1099 847 1132 aDomino
867 1101 1056 1142 accepisse,
1081 1101 1170 1142 quod

188 1146 330 1177 tradidit.
364 1144 557 1175 Tradiderat
580 1150 688 1175 autem
712 1153 807 1175 vsum
838 1144 1010 1185 Vtriusque
1032 1144 1170 1185 speciei,

189 1189 276 1220 sicut
294 1186 384 1219 clare
405 1187 548 1218 ostendit
576 1194 686 1218 textus
715 1187 741 1217 1.
767 1185 914 1218 Corinth.
941 1187 1050 1221 xi.⁴¹)
1097 1186 1170 1217 Hoc

188 1231 304 1268 facite,
328 1231 447 1271 inquit,
477 1231 615 1270 primum
644 1229 685 1261 de
715 1239 874 1271 corpore,
907 1235 1026 1271 postea
1053 1230 1169 1261 eadem

188 1275 292 1305 verba
326 1273 367 1304 de
401 1271 523 1313 poculo
554 1273 684 1314 repetit.
723 1272 764 1303 Et
793 1272 921 1304 deinde.
967 1272 1092 1303 Probet
1120 1282 1170 1303 se-

188 1317 294 1358 ipsum
317 1315 472 1353 homo‚et
495 1316 545 1346 sic
567 1316 607 1347 de
630 1326 716 1356 pane
739 1316 904 1353 comedat,
928 1321 960 1346 et
982 1326 1023 1346 ex
1047 1314 1169 1356 poculo

188 1361 288 1391 bibat.
312 1358 405 1390 Haec
421 1364 498 1390 sunt
515 1360 619 1390 verba
638 1359 856 1400 disponentis
880 1357 922 1389 Et
935 1358 1065 1400 quidem
1078 1368 1170 1399 prae·

188 1402 287 1440 satur,
306 1409 341 1433 vt
355 1402 409 1443 qui
421 1408 498 1433 sunt
511 1402 601 1433 vsuri
621 1411 726 1433 coena
744 1401 892 1440 Domini,
912 1400 1009 1432 simul
1025 1407 1169 1433 vtantur.

187 1445 300 1481 Quare
319 1450 450 1476 constat
476 1455 537 1486 pro
557 1451 626 1476 tota
644 1443 797 1476 Ecclesia
820 1450 1062 1476 sacramentum
1082 1445 1170 1475 insti-

188 1495 293 1520 tutum
316 1497 402 1519 esse.
434 1486 473 1518 Et
493 1494 603 1519 manet
620 1497 692 1519 mos
710 1487 844 1518 adhuc
836 1497 868 1518 ιιι
887 1486 1050 1529 Ecclesijs
1064 1487 1167 1518 Grae-

188 1532 249 1569 cis,
268 1530 309 1562 Et
329 1529 387 1561 suit
405 1531 570 1572 quondam
588 1532 685 1562 etiam
702 1531 734 1562 in
747 1530 874 1562 Latinis
887 1522 1064 1572 Ecclesijs,
1083 1530 1170 1561 sicut

187 1573 375 1616 Cyprianus
393 1579 425 1605 et
443 1573 665 1615 Hieronymus
682 1579 855 1606 testantur
885 1572 943 1605 Sic
961 1573 1046 1604 enim
1066 1573 1171 1615 inquit

187 1617 437 1668 Hieronymus
429 1627 461 1647 ιιι
485 1616 697 1657 Sophoniam.
734 1616 938 1648 Sacerdotes
961 1616 1016 1658 qui
1040 1615 1170 1647 Eucha-

187 1661 300 1692 ristiae
321 1660 487 1697 seruiunt,
511 1667 541 1690 et
565 1661 760 1702 sanguinem
782 1658 915 1690 Domini
943 1657 1075 1701 populis
1098 1659 1169 1689 eius

188 1703 337 1735 diuidunt
372 1708 435 1733 etc.
498 1702 587 1733 ldem
630 1709 770 1734 testatur
806 1702 963 1744 Synodus
996 1701 1168 1733 Toletana·

189 1746 259 1777 Nec
281 1743 416 1776 difficile
438 1745 537 1776 suerit
560 1755 712 1787 magnum
734 1755 889 1776 acciuum
910 1745 1169 1776 testimoniorum

190 1799 386 1831 congerere.
432 1787 494 1819 llic
522 1787 600 1819 nihil
623 1789 929 1830 exaggerainus,⁴²
936 1792 947 1824 )
970 1794 1095 1818 tantum
1120 1798 1169 1818 re-

191 1815 370 1873 linquimus
393 1832 543 1871 prudenti
566 1829 681 1862 lectori
688 1814 970 1872 texpendendum,
995 1831 1073 1872 quid
1095 1840 1169 1862 sen-

190 1875 341 1908 ciendum
366 1875 408 1904 sit
432 1874 472 1905 de
496 1874 606 1905 diuina
628 1875 846 1905 ordinatione.

277 1916 470 1958 Aduersarij
500 1917 530 1948 ἰιι
554 1917 785 1948 consutacione
809 1927 876 1948 non
899 1917 964 1947 hoc
987 1923 1107 1958 agunt,
1136 1922 1171 1947 vt

190 1967 350 1992 excusent
379 1959 582 1997 Ecclesiam,
618 1961 669 1991 (ui
698 1961 851 2001 adempta
881 1966 933 1990 est
959 1958 1064 1991 altera
1092 1969 1170 2010 pars

190 2004 399 2034 sacramenti.
451 2003 484 2033 ld
514 2004 621 2034 decuit
655 2005 761 2034 honos
791 2009 822 2034 et
859 2001 1035 2043 religiosos
1068 2004 1169 2033 viros.

191 2046 271 2077 Erat
293 2047 483 2086 quaerenda
512 2046 603 2077 firma
633 2047 716 2077 ratio
747 2028 959 2077 excusandae
987 2044 1171 2083 Ecclesiae,

192 2097 223 2121 et
247 2090 471 2120 docendarum
502 2090 800 2126 couscientiffinum
830 2089 950 2130 quibus
973 2099 1038 2119 non
1062 2094 1173 2129 potest

193 2134 388 2173 contingere
412 2132 472 2162 nisi
497 2142 573 2171 pars
598 2134 808 2163 sacramenti.
853 2132 948 2163 Nunc
975 2132 1037 2173 ipsi
1059 2130 1172 2162 desen-

192 2176 272 2206 dunt
295 2182 384 2206 recte
407 2173 573 2215 prohiberi
597 2175 734 2206 alteram
754 2180 892 2216 partem,
914 2180 945 2206 et
965 2180 1076 2206 vetant
1095 2185 1172 2205 con-

193 2219 312 2249 cedere
353 2228 446 2248 vnum
490 2219 658 2259 vtriusquc
698 2219 810 2259 partis.
869 2217 1010 2249 Primum
1046 2218 1171 2259 tingunt

192 2261 288 2292 inicio
313 2260 487 2291 Ecclesiae
511 2260 630 2292 alicubi
653 2272 775 2292 morem
800 2260 923 2298 fuisse,
948 2268 981 2292 vt
1006 2272 1071 2291 vna
1096 2270 1173 2301 pars

191 2311 314 2335 tantum
340 2304 574 2344 porrigeretur.
612 2304 727 2344 Neque
748 2310 855 2335 tamen
875 2303 1058 2344 exemplum
1078 2303 1174 2335 huius

192 2347 237 2377 rei
262 2354 357 2378 vetus
388 2346 485 2377 vllum
516 2347 634 2377 afferre
663 2353 814 2386 possunt.
861 2347 926 2377 Sed
957 2346 1102 2388 alli-gant
1125 2344 1172 2377 lo-

193 2400 252 2421 cos
287 2391 316 2420 in
347 2391 464 2431 quihus
499 2391 530 2420 lit
564 2391 685 2420 mentio
717 2391 830 2429 panis,
859 2395 892 2420 vt
922 2391 1007 2430 apud
1042 2390 1174 2425 Lucani,

193 2434 246 2463 vhi
273 2434 431 2473 scriptum
463 2441 531 2467 est,
561 2434 648 2474 quod
680 2431 831 2473 discipuli
861 2433 1055 2473 agnouerint
1080 2432 1171 2463 (Ίιι-ἰ-

192 2538 237 2567 40)
258 2537 335 2567 parti}
357 2537 401 2558 m.
422 2538 459 2559 IL:
482 2543 552 2567 part·-

191 2581 237 2608 ⁴1)
261 2581 280 2602 1,
303 2580 419 2602 (arioth,
442 2580 487 2611 ιιι.)
510 2580 556 2603 ΕιΙ,
578 2581 615 2604 3,.
638 2582 718 2611 prima
739 2579 959 2604 Chorintheurum
979 2580 1121 2603 vnum-imm

192 2624 238 2652 42)
259 2621 469 2652 annueramus]
490 2622 527 2645 Ed
559 2624 573 2645 3
604 2627 652 2654 'W’-
672 2632 735 2647 ert:
757 2630 935 2652 onager-mus,

635 159 748 194 Pml..
769 158 875 193 MEL.
898 158 1086 193 SCRIPTA
1109 159 1380 194 DoGMA'rICA
1401 159 1458 192 ET
1480 159 1754 194 SYMBOLch.

1189 2240 1314 2637 ἕ,

2136 163 2202 196 596

1221 259 1309 285 stum
1343 253 1376 284 in
1409 251 1572 285 fractione
1596 254 1702 295 panis.
1747 254 1857 286 Citant
1879 261 1913 286 et
1935 253 2018 287 alios
2041 255 2136 288 locos
2159 257 2201 288 de

1221 295 1385 327 fractione
1407 297 1513 337 panis.
1560 296 1756 338 Quanquam
1788 304 1897 328 autem
1924 307 1990 329 non
2020 297 2118 330 valde
2151 309 2200 331 re-

1221 348 1426 381 pugnamus,
1461 349 1527 380 quo
1558 340 1665 371 minus
1687 339 1788 382 aliqui
1817 341 1859 371 de
1881 346 2091 372 sacramento
2113 342 2200 373 acci-

1220 383 1368 423 piantur,
1401 387 1511 413 tamen
1547 381 1613 413 hoc
1648 392 1714 414 non
1750 383 1964 433 consequitur
1995 393 2092 414 vnam
2126 394 2201 425 par-

1221 432 1286 455 tem
1314 430 1441 455 tantum
1475 424 1585 456 datam
1614 435 1709 464 esse,
1743 426 1820 467 qnia
1847 426 1951 466 partis
1979 424 2202 467 appellatione

1221 466 1382 508 reliquum
1414 467 1622 508 significatur
1661 469 1823 500 communi
1859 469 2098 500 consuetudine
2131 478 2202 500 ser-

1221 511 1337 541 monis.
1383 509 1520 541 Addunt
1555 510 1597 541 de
1624 509 1728 542 Laica
1756 512 1994 549 communione,
2022 521 2108 553 quae
2134 521 2201 543 non

1221 558 1291 584 erat
1323 562 1405 583 vsus
1439 551 1576 584 alterius
1605 558 1729 585 tantum
1757 555 1900 594 speciei,
1934 537 1994 586 sed
2019 555 2200 595 Vtriusque

1220 595 1262 627 Et
1293 595 1456 636 siquando
1479 595 1682 627 Sacerdotes
1705 596 1806 627 Laica
1830 598 2058 628 communione
2088 598 2135 628 vti
2157 598 2202 629 iu·

1221 639 1351 672 bentur‚
1374 638 1593 680 significatur,
1614 639 1702 680 quod
1715 649 1734 670 a
1748 640 1928 671 ministerio
1939 640 2202 671 consecrationis

1220 681 1338 712 remoti
1371 679 1503 712 suerint.
1559 681 1677 732 Neque
1716 681 1782 714 hoc
1817 683 1972 725 ignorant
2005 682 2203 724 aduersarij,

1220 724 1281 754 sed
1309 724 1490 755 abutuntur
1517 724 1646 755 inscitia
1679 725 1921 765 imperitorum,
1954 725 2009 767 qui
2044 735 2118 756 cum
2147 735 2202 757 au-

1221 767 1313 798 diunt
1340 766 1475 798 Laicam
1496 768 1776 806 communionem,
1806 768 1916 799 statim
1945 768 2111 799 somniant
2133 778 2202 799 mo·

1206 819 1291 840 ‘rem
1313 810 1419 840 nostri
1441 810 1613 851 temporis,
1637 820 1702 851 quo
1726 811 1823 842 datur
1846 810 1958 841 Laicis
1981 817 2105 842 tantum
2123 820 2202 851 pars

1221 852 1431 883 sacramenti.
1477 853 1529 883 Ac
1557 853 1667 884 videte
1689 854 1936 894 impudentiam,
1959 852 2096 885 Gabriel
2117 854 2205 885 inter

1222 899 1375 926 caeteras
1409 904 1530 926 causas
1564 896 1701 927 recitat.
1734 906 1794 927 cur
1828 907 1896 927 non
1934 896 2030 927 detur
2062 901 2203 937 vtraque

1221 946 1319 978 parS,
1350 937 1428 977 quia
1455 937 1553 968 fuerit
1583 928 1758 970 discrimen
1790 939 1874 970 inter
1899 938 2022 970 Laicos
2050 944 2083 970 et
2103 949 2204 983 pres·

1225 983 1360 1021 hyteros
1388 977 1583 1011 faciendum.
1638 980 1680 1011 Et
1710 980 1868 1013 credibile
1897 987 1948 1012 est
1971 981 2058 1013 hanc
2080 982 2204 1023 praeci-

1221 1032 1320 1072 puam
1343 1031 1478 1053 causam
1501 1032 1590 1061 esse,
1613 1033 1673 1054 cur
1695 1022 1891 1055 defendatur
1912 1023 2089 1065 probibitio
2108 1025 2204 1055 vnius

1221 1065 1342 1106 partiS,
1377 1070 1413 1096 vt
1446 1065 1588 1108 dignitas
1622 1066 1747 1097 ordinis
1781 1065 1943 1108 religione
1976 1067 2118 1107 quadam
2147 1067 2204 1098 fiat

1222 1107 1493 1139 commendatior.
1550 1108 1624 1140 Hoc
1655 1114 1707 1139 cst
1734 1108 1907 1140 consilium
1940 1109 2136 1147 humanum,
2169 1116 2205 1140 vt

1222 1149 1302 1180 nihil
1330 1151 1481 1182 dicamus
1508 1150 1689 1188 inciuilius,
1723 1153 1811 1193 quod
1844 1162 1910 1193 quo
1944 1157 2073 1192 spectet
2105 1151 2204 1183 facile

1221 1193 1359 1225 iudicari
1393 1200 1513 1234 potest.
1569 1194 1612 1225 Et
1650 1195 1683 1225 in
1718 1193 1952 1226 consutacione
1984 1193 2131 1236 allegant
2164 1194 2206 1225 de

1221 1235 1298 1286 fiii-js
1321 1234 1406 1274 Heli,
1429 1237 1518 1278 quod
1540 1238 1665 1269 amisso
1690 1247 1817 1269 summo
1840 1237 2047 1272 sacerdotio,
2067 1237 2205 1288 petituri

1222 1279 1288 1310 sint
1311 1289 1408 1310 vnam
1432 1286 1558 1320 partem
1581 1275 1822 1311 sacerdotalem
1855 1281 1883 1310 l.
1907 1280 2062 1322 Regum.
2055 1281 2099 1319 .ij.
2145 1280 2206 1311 Hic

1222 1322 1336 1353 dicunt
1364 1332 1461 1354 vsum
1487 1324 1584 1354 vnius
1617 1323 1741 1363 speciei
1778 1323 1997 1365 significatum
2027 1332 2114 1354 esse.
2165 1321 2206 1353 Et

1222 1365 1357 1396 addunt.
1404 1365 1463 1397 Sic
1485 1375 1567 1407 ergo
1591 1372 1623 1397 et
1646 1367 1750 1397 nostri
1773 1347 1864 1397 Laici
1889 1376 1952 1397 vna
1974 1372 2071 1407 parte
2093 1375 2206 1397 sacer-

1223 1407 1339 1445 dotali,
1362 1418 1429 1439 vna
1451 1410 1565 1449 specie
1589 1409 1733 1440 contenti
1757 1418 1834 1440 esse
1856 1409 1988 1440 debent.
2036 1407 2138 1439 Plane
2156 1407 2206 1440 lu·

1222 1451 1302 1481 dunt
1329 1451 1531 1493 aduersarij,
1567 1461 1642 1483 cum
1669 1453 1710 1482 ad
1733 1458 1977 1483 sacramentum
2001 1450 2206 1482 transferunt

1222 1493 1394 1524 historiam
1423 1494 1463 1524 de
1492 1495 1637 1535 posteris
1660 1493 1747 1526 Heli.
1792 1494 1838 1525 lbi
1872 1494 2070 1526 describitur
2098 1503 2205 1535 poena

1222 1535 1309 1567 Heli.
1360 1536 1446 1567 Num
1479 1535 1544 1568 hoc
1577 1547 1709 1578 quoque
1742 1536 1872 1575 dicent,
1912 1537 2034 1568 Laicos
2069 1542 2206 1577 propter

1222 1588 1363 1629 poenam
1395 1580 1558 1611 remoueri
1592 1581 1634 1610 ab
1668 1579 1772 1610 altera
1805 1586 1909 1620 parte.
1955 1579 2206 1610 Sacramentum

1223 1623 1406 1653 institutum
1435 1628 1506 1659 est,
1536 1622 1580 1653 ad
1609 1621 1850 1658 consolandas,
1878 1628 1911 1653 et
1938 1621 2114 1663 erigendas
2142 1627 2206 1653 ter·

1223 1666 1305 1695 ritas
1329 1670 1475 1703 menteS,
1506 1675 1579 1697 cum
1604 1665 1743 1696 credunt
1771 1675 1905 1696 carnem
1929 1647 2070 1702 Christi,
2093 1664 2205 1695 datam

1223 1717 1285 1758 pro
1319 1708 1387 1738 vita
1409 1708 1537 1751 mundi,
1559 1708 1667 1739 cibum
1691 1717 1786 1746 esse,
1808 1719 1883 1740 cum
1905 1708 2045 1739 credunt
2065 1716 2103 1738 se
2127 1716 2204 1738 con-

1223 1752 1352 1782 iunctos
1381 1746 1534 1786 Christo,
1563 1750 1735 1782 viuificaii.
1795 1751 1918 1782 Verum
1947 1750 2131 1790 aduersarij
2155 1759 2204 1781 ar-

1223 1799 1456 1834 gumentantur
1478 1774 1600 1824 Laicos
1629 1795 1791 1825 remoueri
1815 1795 1857 1825 ab
1881 1792 1987 1825 ultera
2011 1799 2105 1833 parte
2128 1802 2205 1833 poe·

1222 1846 1287 1868 nae
1310 1846 1422 1868 causa.
1475 1836 1624 1874 Debent,
1645 1837 1806 1878 inquiunt,
1829 1847 1906 1867 esse
1930 1836 2094 1873 contenti,
2116 1835 2205 1866 Satis

1222 1890 1284 1921 pro
1312 1879 1463 1920 imperio.
1509 1880 1577 1911 Cur
1604 1886 1714 1911 autem
1743 1879 1884 1911 debent?
1928 1878 2002 1910 Non
2025 1884 2077 1910 est
2130 1887 2204 1908 uae·

1223 1923 1327 1954 tenda
1357 1924 1458 1960 ratio,
1492 1923 1551 1953 sed
1582 1922 1636 1954 lex
1659 1929 1752 1958 esto,
1783 1922 1939 1963 quidquid
1964 1922 2076 1952 dicunt
2128 1919 2204 1950 beo-

1225 1965 1310 2008 logi,
1350 1965 1442 1996 Haec
1476 1972 1527 1996 est
1561 1968 1744 2006 ἑωλοκρασία
1774 1964 1928 1997 Ecciaua
1981 1963 2204 2005 Agnoscimus

1225 2011 1310 2041 enim
1346 2009 1426 2040 istas
1461 2007 1671 2039 thrasonicas
1701 2018 1823 2045 voces,
1856 2017 1939 2048 quas
1974 2009 2002 2037 si
2037 2006 2206 2046 exagitare

1225 2051 1400 2089 tenemus,
1423 2061 1489 2082 non
1513 2051 1666 2082 defutura
1690 2052 1787 2081 nobis
1811 2056 1900 2081 esset
1924 2050 2042 2081 oratio.
2078 2048 2205 2079 Videtis

1226 2096 1311 2127 enim
1336 2100 1459 2136 quanta
1487 2095 1530 2124 sit
1558 2095 1774 2135 impudentia,
1803 2094 1944 2134 lmperat
1971 2099 2126 2133 tanquam
2148 2089 2206 2122 ali-

1226 2139 1301 2180 quis
1324 2138 1500 2179 l'yrannus
1529 2138 1559 2168 in
1585 2137 1784 2180 tragoediis.
1814 2137 1910 2171 Quod
1935 2134 2068 2171 nolunt,
2091 2132 2206 2170 velint,

1227 2183 1349 2213 debent
1372 2190 1449 2211 esse
1472 2181 1629 2212 contenti.
1664 2179 1749 2211 Num
1769 2179 1831 2210 hae
1854 2180 1999 2210 rationes
2022 2187 2106 2219 quas
2130 2177 2208 2208 citat

1228 2225 1435 2256 excusabunt.
1452 2226 1503 2260 4·“)
1534 2223 1595 2254 1ιο5
1629 2225 1662 2255 ἰιι
1691 2223 1813 2254 ludicio
1844 2221 1923 2255 Dei.
1952 2221 2006 2262 qui
2033 2218 2207 2261 prohibent

1227 2273 1354 2309 partem
1378 2267 1594 2299 sacramenti
1625 2267 1679 2308 qui
1708 2266 1837 2297 seuiunt
1862 2266 1893 2296 ln
1918 2263 2066 2295 homines
2088 2263 2208 2298 bonos,

1228 2317 1358 2341 vtemes
1390 2310 1518 2351 integro
1547 2314 1767 2340 sacramento.
1817 2308 1851 2339 Si
1886 2307 1950 2338 hnc
1980 2307 2108 2337 ratione
2131 2314 2205 2346 pro-

1228 2354 1360 2391 hibent,
1395 2359 1427 2383 vt
1458 2354 1498 2384 sit
1530 2353 1655 2384 ordinis
1685 2351 1881 2387 discrimen,
1910 2349 1992 2380 haec
2020 2350 2096 2401 ipsa
2124 2348 2208 2379 ratio

1227 2406 1363 2428 mouere
1386 2397 1518 2433 debeat,
1543 2406 1584 2427 ne
1608 2396 1834 2426 assent-inmut-
1856 2393 2080 2432 aduersarijs,
2103 2389 2155 2422 vel
2179 2391 2208 2421 si

1227 2439 1348 2481 alioqui
1382 2450 1506 2470 morem
1542 2449 1616 2470 cum
1646 2439 1725 2480 ipsis
1758 2437 1922 2468 seruaturi
1946 2445 2089 2467 ciamus.
2133 2432 2209 2465 Ali·

1228 2491 1303 2514 sunit
1328 2483 1517 2514 discrimina
1541 2482 1665 2513 ordinis
1689 2480 1918 2514 sacerdotum,
1941 2486 1970 2509 ct
1996 2476 2123 2518 populi.
2147 2476 2207 2507 sed

1227 2537 1291 2557 non
1321 2532 1373 2557 est
1401 2527 1594 2558 obscurum.
1623 2525 1700 2566 quid
1724 2523 1863 2554 habeant
1892 2521 2040 2562 ‹onsiliJ',
2065 2531 2122 2551 cur
2144 2519 2209 2551 boo

1227 2623 1273 2649 ⁴³)
1294 2629 1370 2646 excusa
1374 2621 1464 2653 abunt}
1486 2621 1533 2644 hd
1554 2620 1577 2643 3.
1597 2620 1672 2643 nalo.
1691 2619 1824 2641 exc-nubit
