2366 2958
127 145 192 178 633
477 145 516 178 11.

130 239 334 271 sericordiae
366 239 553 279 promissae
585 239 617 269 in
652 237 809 276 Christo,
839 243 872 269 et
898 247 1009 270 curam
1028 237 1107 268 obe-

131 282 242 313 diendi
276 281 461 319 vocationi,
495 282 581 312 sicut
615 287 649 312 et
687 280 812 313 Paulus
847 280 1005 312 describit
1037 289 1109 321 per-

131 323 321 362 fectionem,
345 323 618 356 transformamur
640 334 660 355 a
683 323 835 355 claritate
858 324 890 354 in
915 321 1108 360 claritatem,

131 374 287 408 tanquam
310 377 329 397 a
353 366 483 398 Domini
506 367 632 408 spiritu.
666 366 743 398 Non
765 367 821 403 ait,
844 365 944 397 alium
967 365 1108 396 subinde

131 409 297 442 cucullum
331 409 530 450 accipimuS,
565 416 621 440 aut
655 408 739 440 alios
769 408 923 445 calceos,
958 414 1013 439 aut
1042 407 1109 439 alia

131 451 274 495 cingula.
320 451 512 483 Miserabile
534 458 586 483 est
606 453 639 483 in
661 450 814 483 Ecclesia
839 450 923 482 tales
948 450 1108 481 Pharisai·

131 505 202 533 cas,
225 495 290 526 imo
314 494 554 526 Mahometicas
578 504 681 525 voces
704 494 772 537 legi
797 500 895 535 atque
918 493 1040 530 audiri,
1062 493 1108 524 vi-

131 537 262 575 delicet,
285 535 520 578 perfectionem
545 537 731 579 Euangelij,
754 538 848 578 regni
862 534 995 573 Christi,
1019 536 1107 577 quod

131 586 182 612 est
206 581 271 611 vita
294 586 446 618 aeterna,
473 581 504 611 in
524 580 576 611 his
600 579 710 611 stultis
737 579 1026 611 obseruationibus
1055 589 1108 610 ve·

130 624 242 660 stium,
266 627 296 653 et
319 621 470 653 similium
494 633 656 665 nugarum
681 622 848 654 collocari.

217 665 314 696 Nunc
342 666 453 696 audite
481 666 704 706 Areopagitas
738 671 873 696 nostros
903 674 999 705 quam
1029 664 1109 694 indi-

130 719 228 751 gnam
260 709 464 739 sentenciam
497 709 668 749 posuerint
705 708 736 738 in
766 705 1006 738 confutacione.
1053 706 1108 737 Sic

130 752 220 783 aiunt
244 749 403 782 SACRtS
427 750 595 782 LlTERlS
625 749 894 782 ExPRESSVM
918 755 970 780 est
993 749 1108 780 Mona-

130 794 248 825 sticam
272 794 383 831 vitam,
406 794 516 824 debita
536 794 768 824 obseruatione
789 792 998 830 custoditam,
1011 802 1108 833 quam

129 847 190 878 per
215 836 352 878 gratiam
376 836 458 874 Dei,
481 836 617 877 quilibet
641 835 816 866 Monastici
840 836 1009 866 custodire
1033 844 1109 876 pos-

130 885 224 916 sunt,
262 879 381 909 mereri
415 879 513 909 vitam
548 884 735 916 aeternam,
770 884 801 909 et
841 878 970 919 quidem
1004 876 1108 909 multo

130 922 312 953 auctiorem
331 920 485 952 Christus
509 922 557 952 eis
581 922 743 962 promisit,
768 922 821 962 qui
843 919 1031 962 reliquerint
1055 920 1108 951 do-

131 975 218 996 mum
237 969 293 995 aut
315 962 437 995 fratres
461 971 522 995 etc.
564 964 654 995 Haec
677 970 753 995 sunt
775 964 879 995 verba
902 964 1109 995 aduersario-

130 1017 219 1044 rum,
248 1007 279 1037 in
309 1007 429 1047 quibus
457 1006 522 1037 hoc
553 1008 691 1047 primum
724 1007 1003 1047 impudentissime
1031 1006 1109 1037 dici-

130 1054 201 1087 tur,
223 1049 313 1090 quod
336 1050 443 1080 sacris
467 1049 572 1080 literis
596 1059 790 1090 expressum
822 1050 881 1087 sit,
909 1050 1008 1080 vitam
1039 1048 1109 1079 Μο-

129 1092 293 1123 nasticam
317 1092 436 1123 mereri
458 1093 558 1123 vitam
581 1099 760 1123 aeternam.
796 1091 859 1123 Vbi
873 1092 957 1122 enim
970 1090 1108 1133 loquun-

130 1141 185 1166 tur
206 1144 326 1165 sacrae
348 1133 464 1165 literae
493 1136 534 1166 de
563 1134 774 1166 Monastica'.²
819 1135 875 1166 Sic
906 1140 1007 1176 agunt
1035 1144 1107 1166 cau-

130 1187 202 1208 sam
226 1177 425 1219 aduersarij,
441 1178 490 1209 sic
514 1177 615 1208 citant
638 1178 822 1219 scripturas
842 1176 931 1208 nihili
946 1177 1109 1215 homines,

130 1230 206 1251 cum
229 1230 326 1251 nemo
350 1221 479 1251 nesciat
504 1221 721 1251 Monasticam
745 1230 864 1251 recens
888 1220 1108 1261 excogitatam

129 1272 219 1300 esse,
243 1269 353 1294 tamen
374 1262 521 1305 allegant
545 1264 754 1294 autoritatem
777 1264 974 1304 scripturae,
999 1269 1030 1294 et
1042 1263 1111 1304 qui-

129 1305 203 1337 dem
239 1305 350 1337 dicunt
382 1306 449 1337 hoc
476 1316 569 1337 suum
603 1307 772 1338 decretum
805 1315 999 1347 expressum
1033 1315 1110 1336 esse

128 1348 162 1379 in
185 1349 370 1389 scripturis.
419 1348 597 1380 Praeterea
621 1347 820 1380 contumelia
843 1347 992 1380 afficiunt
1017 1347 1109 1379 Chri-

128 1396 233 1428 stum,
256 1401 329 1422 cum
354 1392 465 1423 dicunt
489 1391 638 1423 homines
661 1401 721 1433 per
748 1391 968 1422 Mouasticam
991 1391 1109 1422 mereri

127 1434 228 1464 vitam
251 1439 429 1465 aeternam.
476 1433 570 1465 Deus
594 1444 636 1465 ne
658 1444 740 1465 suae
763 1434 894 1475 quidem
924 1433 991 1475 legi
1019 1433 1108 1464 hune

127 1474 290 1507 bonorem
323 1477 450 1515 tribuit,
484 1477 573 1517 quod
601 1482 767 1508 mereatur
800 1477 897 1507 vitam
928 1482 1108 1515 aeternam,

128 1519 215 1550 sicut
238 1517 327 1551 clare
349 1519 430 1550 dicit
452 1520 538 1560 apud
562 1518 772 1551 Ezechielem
797 1518 878 1560 Cap.
901 1530 956 1550 xx.
972 1521 999 1556 ⁷)
1032 1518 1107 1561 Ego

129 1561 206 1593 dedi
229 1562 277 1592 eis
300 1568 481 1603 praecepta
502 1572 569 1593 non
593 1563 699 1600 bona,
730 1569 761 1592 et
791 1562 910 1593 iudicia
933 1563 964 1593 in
989 1562 1108 1603 quibus

127 1615 195 1636 non
219 1605 344 1636 viuent.
390 1604 532 1636 Primum
561 1604 627 1637 hoc
662 1610 787 1636 certum
815 1611 882 1643 est,
917 1605 1005 1646 quod
1039 1605 1108 1636 vita

128 1647 315 1680 monastica
348 1657 415 1679 non
446 1653 592 1679 meretur
624 1648 851 1679 remissionem
881 1654 1107 1689 peccatorum,

129 1691 190 1722 sed
219 1689 308 1721 hanc
335 1690 400 1722 fide
430 1691 534 1732 gratis
563 1691 761 1731 accipimuS‚
794 1696 830 1722 vt
857 1700 959 1731 supra
987 1690 1107 1721 dictum

129 1739 191 1765 est.
236 1732 366 1764 Deinde
389 1740 524 1775 propter
547 1733 733 1770 Christum,
757 1743 817 1774 per
848 1733 1109 1764 misericordiam

129 1777 272 1808 donatur
289 1776 357 1807 vita
380 1783 531 1814 aeterna,
554 1775 605 1807 his
629 1777 683 1818 qui
707 1776 771 1806 fide
802 1776 966 1817 accipiunt
994 1775 1108 1806 remis-

128 1819 268 1857 sionem,
292 1829 356 1850 nec
378 1825 549 1860 opponunt
571 1820 687 1850 merita
710 1829 771 1850 sua
793 1819 912 1850 iudicio
932 1817 1006 1857 Det,
1020 1819 1106 1850 sicut

129 1868 161 1894 et
182 1861 374 1893 Bernardus
397 1862 595 1904 grauissime
619 1862 706 1893 dicit.
752 1861 901 1893 Necesse
930 1867 981 1892 est
1006 1862 1108 1902 primo

129 1905 273 1936 omnium
307 1905 462 1943 credere,
499 1905 589 1946 quod
628 1905 855 1936 remissionem
895 1911 1109 1945 peccatorum

129 1947 254 1979 habere
287 1956 354 1978 non
395 1948 526 1988 possis,
566 1948 630 1979 nisi
663 1957 723 1989 per
762 1946 998 1990 indulgentiam
1035 1946 1109 1978 Dei.

132 1989 263 2022 Deinde
296 1990 384 2031 quod
417 1989 497 2021 nihil
532 2000 671 2030 prorsus
704 1989 829 2021 babere
863 2000 966 2032 queas
1001 1991 1109 2032 operis

134 2034 229 2071 boni,
263 2033 325 2064 nisi
360 2040 392 2063 et
425 2033 490 2064 hoc
525 2033 652 2064 dederit
680 2034 764 2074 ipse.
816 2032 988 2064 Postremo
1022 2033 1111 2074 quod

134 2082 301 2107 aeternam
335 2077 434 2106 vitam
469 2074 569 2106 nullis
602 2082 699 2117 potes
730 2076 887 2116 operibus
920 2076 1111 2117 promereri,

133 2120 196 2150 nisi
221 2119 322 2161 gratis
342 2119 438 2149 detur
462 2124 493 2149 et
516 2117 583 2149 illa.
630 2118 772 2149 Caetera
795 2129 881 2160 quae
910 2119 942 2150 in
972 2119 1111 2150 eandem

133 2162 338 2194 sentenciam
378 2168 561 2202 sequuntur
599 2171 700 2203 supra
734 2161 954 2194 recitauimus.

133 2211 243 2237 autem
267 2206 299 2235 in
322 2204 386 2235 fine
410 2204 613 2235 Ber-nardus.
658 2203 763 2235 Nemo
787 2214 824 2236 se
852 2205 1006 2243 seducat,
1035 2205 1111 2246 quia

133 2249 161 2279 si
190 2249 276 2279 bene
310 2247 459 2289 cogitare
493 2245 648 2282 voluerit,
683 2247 826 2278 inueniet
853 2246 970 2289 procul
999 2248 1110 2286 dubio,

134 2291 223 2333 quod
243 2300 308 2322 nec
332 2300 405 2322 cum
430 2290 542 2321 decem
573 2288 717 2321 millibus
751 2290 899 2331 possitss)
933 2300 1110 2322 occurrere

135 2335 165 2365 ei
190 2335 245 2376 qui
270 2344 344 2365 cum
369 2333 483 2375 viginti
508 2331 651 2364 millibus
669 2333 759 2364 venit
771 2333 812 2364 ad
825 2343 871 2364 se.
907 2332 988 2365 Cum
1002 2339 1109 2364 autem

135 2387 198 2409 nec
232 2377 362 2408 diuinae
394 2374 479 2418 legis
494 2378 521 2415 ⁹)
552 2376 706 2418 operibus
734 2385 916 2408 mereamur
945 2376 1111 2408 remissio-

153 2515 182 2547 7)
201 2515 265 2545 Cap.
286 2513 345 2545 ιιι]
364 2512 413 2537 Ed.
432 2513 471 2538 3.:
491 2516 574 2545 eapite
594 2513 729 2544 vige-imo.

152 2558 182 2589 ⁸)
202 2555 294 2588 possit]
314 2556 364 2580 Ed.
383 2558 421 2580 4.:
440 2560 529 2588 posset

153 2600 183 2632 9)
201 2599 278 2631 legis]
298 2599 348 2623 Ed.
369 2600 393 2622 4.
413 2599 487 2624 male:
507 2599 578 2630 loges

560 144 787 177 APOLOGIA
812 143 1131 176 CONFESSIONlS
1153 143 1468 177 AUGUSTANAE.
1512 143 1552 175 B.
1597 142 1788 175 ALTERA.

1010 2161 1111 2192 Addit
1134 2179 1135 2182 =

2021 192 2027 196 ᾗ
2071 144 2137 176 634

1131 240 1138 293 1
1161 247 1235 269 nem
1258 243 1471 279 peccatorum
1495 244 1550 269 aut
1572 238 1669 269 vitam
1689 243 1875 275 aeternam,
1905 238 1965 269 sed
1995 247 2137 269 necesse

1131 300 1137 344 ι
1161 280 1203 311 sit
1233 291 1393 322 quaerere
1421 281 1679 312 misericordiam
1708 281 1905 321 promissam
1930 281 1962 310 in
1993 279 2137 319 Christo,

1161 321 1264 353 multo
1289 324 1396 355 minus
1421 324 1710 355 obseruationibus
1734 323 1948 360 Monasticis,
1976 334 2050 354 cum
2072 324 2139 354 sint

1161 375 1272 396 merae
1295 366 1488 397 traditiones
1511 366 1691 403 humanae,
1715 365 1908 396 tribuendus
1932 371 1981 396 est
2005 365 2059 396 hic
2079 365 2137 396 ho-

1162 418 1234 445 nor,
1257 409 1344 449 quod
1367 414 1556 440 mereantur
1579 409 1805 439 remissionem
1831 413 2058 449 peccatorum,
2083 414 2139 440 aut

1161 450 1259 480 vitam
1291 457 1470 485 aeternam.
1516 451 1562 482 lta
1591 449 1784 491 simpliciter
1813 452 1954 482 obruunt
1985 449 2137 492 Euange-

1131 488 1136 566 1
1160 491 1239 524 lium
1263 493 1303 524 de
1326 495 1469 535 gratuita
1493 494 1687 525 remissione
1712 500 1941 535 peccatorum,
1965 499 1996 524 et
2019 494 2059 524 de
2082 504 2138 534 ap-

1160 534 1395 576 prehendenda
1421 537 1647 567 misericordia
1666 537 1829 577 promissa
1852 537 1884 567 in
1908 535 2060 573 Christo,
2084 536 2138 577 qui

1161 578 1282 609 docent
1304 577 1524 609 Monasticam
1547 580 1645 610 vitam
1669 579 1786 610 mereri
1810 579 2038 610 remissionem
2062 588 2139 619 pec-

1162 627 1322 659 catorum,
1343 627 1401 652 aut
1425 621 1523 652 vitam
1546 628 1733 659 aeternam,
1763 627 1795 652 et
1818 621 1970 652 fiduciam
1994 621 2137 652 debitam

1161 662 1295 694 Christo
1320 663 1523 695 transferunt
1558 665 1591 695 in
1622 662 1696 694 illas
1725 663 1845 694 stultas
1876 664 2138 695 obseruationes.

1162 705 1227 737 Pro
1257 705 1390 738 Christo
1425 705 1538 738 colunt
1573 716 1654 737 suos
1690 705 1858 745 cucullos,
1895 716 1973 738 suas
2007 707 2158 738 sordes·

1162 748 1244 780 Cum
1267 755 1376 780 autem
1400 755 1430 780 et
1461 749 1524 790 ipsi
1556 755 1676 791 egeant
1704 749 1945 786 misericordia,
1970 749 2066 790 impie
2094 748 2139 779 fa-

1161 792 1260 828 ciunt,
1284 792 1372 834 quod
1396 792 1523 833 tingunt
1545 793 1662 823 merita
1686 793 2012 834 supererogationis,
2035 801 2140 834 eaque

1161 834 1234 874 alijs
1260 835 1414 866 vendunt.
1461 834 1603 866 Breuius
1627 835 1668 865 de
1690 834 1741 865 his
1766 836 1863 866 rebus
1889 835 2040 872 dicimus,
2063 835 2137 876 quia

1161 887 1202 908 ex
1226 877 1276 908 his
1301 887 1385 918 quae
1409 887 1511 918 supra
1534 878 1575 908 de
1599 876 1842 915 iustificatione,
1863 878 1902 908 de
1917 878 2137 919 poenitencia,

1161 921 1202 951 de
1236 921 1467 951 traditionibus
1507 919 1656 951 humanis
1691 920 1846 953 diximus,
1886 920 1967 951 satis
2006 926 2137 951 constat

1131 990 1135 996 .
1161 968 1239 994 vota
1264 962 1451 994 Monastica
1482 973 1546 994 non
1579 972 1655 993 esse
1684 963 1852 1003 precium,
1886 968 2021 1003 propter
2050 963 2138 1004 quod

1131 1001 1256 1201 'detur
1290 1006 1442 1037 remissio
1475 1012 1688 1047 peccatorum
1724 1011 1755 1036 et
1793 1006 1861 1036 vita
1894 1012 2039 1036 aeterna.
2097 1005 2138 1036 Et

1162 1058 1235 1079 cum
1248 1047 1401 1079 Christus
1424 1054 1523 1079 vocet
1545 1049 1740 1079 traditiones
1763 1046 1873 1080 cultus
1891 1047 2033 1086 inutiles,
2046 1047 2138 1080 nullo

1161 1091 1259 1122 modo
1283 1097 1357 1122 sunt
1382 1090 1542 1132 perfectio
1565 1089 1781 1133 Euangelica.

1247 1149 1370 1182 Verum
1402 1150 1583 1192 aduersarij
1616 1150 1720 1181 videri
1750 1149 1865 1181 volunt
1892 1156 2000 1181 astute
2028 1151 2139 1182 mode-

1131 1204 1136 1215 ·
1162 1193 1226 1223 rari
1263 1192 1434 1235 vulgarem
1466 1194 1715 1234 persuasionem
1745 1193 1786 1224 de
1815 1191 2029 1233 perfectione.
2075 1193 2139 1224 Ne·

1162 1242 1241 1277 gant
1263 1235 1482 1267 Monasticam
1507 1237 1606 1267 vitam
1628 1235 1864 1276 perfectionem
1888 1245 1982 1274 esse,
2012 1236 2072 1267 sed
2095 1236 2138 1267 di·

1162 1284 1238 1309 cunt
1264 1284 1383 1310 statum
1408 1289 1484 1310 esse
1503 1279 1724 1320 acquirendae
1743 1277 2010 1319 perfectionis.*)
2044 1277 2138 1310 Belle

1161 1321 1283 1353 dictum
1306 1327 1375 1360 est,
1408 1327 1439 1353 et
1467 1322 1671 1353 meminimus
1698 1321 1785 1352 hauc
1814 1322 2053 1353 correctionem
2084 1331 2139 1353 ex·

1161 1369 1232 1395 tare
1254 1375 1272 1395 a
1297 1364 1340 1395 ud
1365 1364 1561 1396 Get-sonem.
1605 1364 1754 1404 Apparet
1778 1365 1862 1395 enim
1891 1364 2069 1406 prudentes
2093 1365 2138 1395 vi-

1160 1416 1217 1437 ros
1248 1375 1394 1438 offensos
1422 1407 1603 1439 immodicis
1631 1406 1696 1438 illis
1725 1407 1883 1448 encomijs
1913 1407 1998 1438 vitae
2025 1403 2139 1439 Mona·

1160 1450 1283 1487 sacae,
1317 1459 1391 1481 cum
1420 1460 1486 1481 nou
1515 1450 1675 1481 auderent
1709 1451 1741 1481 in
1770 1456 1876 1481 totum
1904 1449 2079 1481 detrahere
2108 1450 2138 1482 ei

1160 1490 1291 1523 laudem
1319 1492 1551 1533 perfectionis,
1584 1493 1752 1523 addidisse
1791 1491 1879 1524 hane
1914 1488 2138 1533 ἐπανόρθωσιν,

1161 1535 1249 1576 quod
1279 1535 1321 1566 sit
1352 1541 1459 1567 status
1489 1536 1710 1577 acquirendae
1739 1534 1963 1576 perfeetionis.
2007 1535 2081 1566 Hoc
2111 1536 2140 1567 si

1161 1577 1341 1619 sequimur,
1365 1578 1466 1609 nihilo
1490 1579 1598 1621 magis
1621 1579 1681 1609 erit
1704 1577 1907 1616 monastica,
1937 1584 2044 1609 status
2068 1588 2139 1619 per-

1161 1619 1334 1658 fectionis,
1368 1631 1466 1662 quam
1495 1621 1562 1652 vita
1594 1619 1782 1662 agricolae,
1817 1628 1873 1652 aut
1906 1620 2002 1652 fabri.
2055 1621 2139 1652 Nam

1160 1662 1194 1695 hi
1236 1674 1368 1705 quoque
1403 1669 1480 1695 sunt
1520 1669 1626 1695 status
1659 1664 1882 1705 acquirendae
1915 1662 2139 1705 perfectionis.

1162 1705 1287 1737 Omnes
1310 1707 1396 1737 enim
1418 1706 1568 1738 homines
1591 1707 1623 1738 in
1648 1717 1844 1748 quacunque
1863 1707 2041 1738 vocatione
2064 1716 2139 1747 per-

1161 1746 1335 1779 fectionem
1365 1755 1521 1790 expetere
1550 1750 1690 1787 debent,
1725 1748 1790 1780 hoc
1824 1756 1893 1787 est,
1923 1759 2078 1780 crescere
2106 1749 2138 1779 in

1161 1791 1279 1822 timore
1302 1790 1383 1829 Dei,
1405 1792 1437 1822 in
1461 1791 1537 1829 fide,
1562 1792 1594 1822 in
1618 1791 1794 1824 dilectione
1823 1792 1961 1833 proximi
1990 1798 2023 1823 et
2050 1792 2138 1823 simi-

1161 1832 1249 1865 libus
1283 1834 1459 1866 virtutibus
1489 1845 1505 1865 s
1531 1834 1724 1866 iritualibus.
1775 1834 1898 1866 Extant
1930 1834 1962 1865 in
1992 1833 2139 1874 historijs

1161 1875 1377 1908 Eremitarum
1400 1887 1516 1919 exemp
1531 1888 1550 1908 a
1573 1878 1708 1917 Antonij
1729 1883 1760 1909 et
1781 1876 1931 1916 aliorum,
1946 1887 2031 1918 quae
2043 1887 2138 1909 exae-

1162 1925 1265 1960 quant
1287 1930 1411 1962 genera
1435 1921 1537 1958 vitae,
1574 1921 1736 1952 Scribitur
1764 1920 1908 1951 Antonio
1922 1921 1974 1957 ³¹²⁶)
2003 1920 2138 1961 petenti,

1135 1945 1140 2032 Ι
1162 1968 1197 1993 vt
1219 1961 1315 1994 Deus
1339 1963 1401 1993 sibi
1424 1963 1626 2001 ostenderet,
1647 1970 1804 2005 quantum
1828 1964 1860 1994 in
1882 1962 1947 1994 hoc
1973 1964 2061 1994 vitae
2084 1973 2138 2004 ge-

1162 2015 1243 2037 nere
1266 2005 1454 2046 proficeret,
1478 2007 1640 2047 quendam
1663 2007 1695 2037 in
1719 2007 1799 2037 vrbe
1822 2004 2026 2038 Alexandria
2047 2013 2138 2036 suto·

1163 2057 1232 2079 rem
1255 2055 1472 2080 monstratum
1496 2059 1589 2087 esse,
1612 2059 1671 2089 per
1693 2049 1867 2087 somnium,
1890 2049 1942 2080 cui
1967 2059 2138 2089 compara·

1135 2106 1139 2135 Ι
1161 2097 1261 2122 retur.
1301 2091 1465 2122 Postridie
1489 2092 1654 2123 Antonius
1677 2092 1815 2123 veniens
1837 2092 1870 2122 in
1892 2092 2019 2129 vrbem,
2043 2101 2138 2122 acce-

1131 2139 1137 2147 ·
1162 2133 1207 2164 dit
1229 2134 1272 2165 ad
1294 2140 1452 2172 sutorem,
1474 2133 1707 2176 exploraturus
1721 2133 1807 2166 illius
1826 2134 1982 2166 exercitia
1994 2140 2026 2165 et.
2038 2134 2137 2172 dona,

1162 2175 1347 2208 collocutus
1367 2187 1441 2208 cum
1464 2177 1612 2216 homine,
1631 2177 1710 2209 nihil
1732 2177 1839 2215 audit,
1861 2177 1924 2208 nisi
1948 2187 2042 2208 mane
2065 2187 2138 2208 eum

1160 2229 1220 2260 pro
1244 2220 1401 2251 vniuersa
1426 2220 1559 2252 ciuitate
1586 2221 1701 2262 paucis
1734 2220 1846 2251 verbis
1877 2229 1990 2257 orare,
2019 2219 2137 2251 deinde

1181 2382 1208 2413 ‘J
1227 2381 1414 2414 perfectionis]
1433 2381 1489 2406 huic
1511 2383 1567 2406 voci
1591 2382 1656 2413 (sol.
1677 2381 1708 2406 Ss
1728 2382 1757 2404 4¹²
1776 2382 1818 2406 lin.
1846 2380 1900 2413 16.)
1926 2381 2088 2405 Lutherns
2112 2381 2138 2405 in

1230 2418 1341 2475 ζιηίἒνιρίηε
1364 2416 1424 2441 haec
1447 2417 1591 2449 adscripsit:
1620 2418 1659 2446 ,l.
1679 2416 1807 2440 Pert'ectio
1845 2416 1867 2439 2.
1893 2415 1979 2440 Status
2003 2416 2138 2447 perfectio—

1135 2520 1138 2526 ·
1164 2494 1209 2525 ’Ἶ
1228 2494 1357 2519 Scribitur
1375 2492 1503 2526 Antonio]
1523 2492 1581 2518 haec
1600 2492 1675 2517 verba
1698 2493 1763 2524 (sol.
1783 2492 1815 2517 Ss
1834 2494 1864 2516 Ἰδ
1884 2492 1926 2517 lin.
1948 2493 2054 2525 penult.)
2074 2491 2136 2516 Lu-

1136 2529 1137 2532 ’
1233 2529 1349 2552 theras
1367 2528 1443 2552 rubro
1463 2529 1542 2552 colore
1560 2526 1696 2551 subnotavi:
1715 2531 1737 2551 et
1756 2528 1781 2550 δη
1799 2528 1909 2558 mar-ysne
1928 2527 2072 2559 adscripsit:
2094 2526 2135 2555 ,8.

1232 2564 1387 2627 2:52⁰ng
1431 2561 1516 2593 (Hane
1542 2565 1563 2585 et
1586 2562 1770 2594 praecedentem
1797 2565 1878 2586 annot.
1909 2561 1928 2586 S
1943 2562 1976 2592 pi
1992 2569 2005 2585 e
2018 2560 2034 2584 k
2048 2567 2062 2584 e
2073 2568 2085 2583 r
2096 2568 2112 2583 u
2125 2568 2136 2583 ι
