2366 2958
73 166 136 204 281

75 265 162 290 tacere
173 267 280 297 propter
290 264 447 288 voluntatem
461 266 488 286 et
496 261 645 286 mandatnm
655 261 707 291 dei,
718 265 743 284 et
753 264 839 284 tamen
853 260 975 284 fiduciam
990 266 1051 292 ope-

75 307 130 324 rum
149 300 262 324 damnat.
291 299 368 323 Hanc
378 304 479 329 semper
488 304 578 320 omnes
589 296 712 320 catholici
723 302 754 319 ae
765 296 800 327 pij
811 295 1007 319 damnauerunt.
1023 294 1050 326 ¹¹)

143 341 208 374 (sol.
239 341 285 373 Ἄ)
312 340 463 372 Aduersarij
495 339 602 364 eludunt
632 339 790 362 sentenciam
821 336 917 362 Christi
941 337 1052 361 conficta

73 376 301 408 interpretacione,
329 375 361 399 de
379 382 430 406 qua
447 374 535 406 qualia
552 375 605 398 sint
626 373 758 397 hominum
783 373 870 396 futura
891 371 1000 401 iudicia,
1028 371 1051 395 si

74 411 178 443 quando
195 410 342 442 proferetur
359 410 384 433 in
405 408 550 440 publicum,
578 407 716 439 prudentes
734 407 782 431 viri
805 406 880 430 facile
905 407 1052 430 existimare

73 448 190 477 possunt.
228 444 294 468 Cum
308 443 422 468 feceritis
443 443 546 472 omnia,
567 443 661 472 dicite,
680 441 748 465 serui
767 441 870 465 inutiles
889 447 987 469 sumus,
1014 440 1051 463 sie

72 480 282 511 interpretantur,
299 478 403 502 inutiles
423 477 482 506 deo,
500 477 547 501 sed
565 483 618 500 non
634 476 719 500 nobis.
847 481 849 483 ’

143 521 228 551 Quam
245 521 326 545 multa
349 520 391 545 hie
409 521 462 544 dici
488 523 596 552 possent
619 519 650 542 de
674 518 724 542 hac
750 517 848 548 frigida
875 517 1050 548 exposicioiie,

72 557 126 582 nisi
143 555 286 580 Caesareae
305 555 449 579 Maiestatis
467 554 575 578 Domini
593 554 676 577 nostri
695 551 901 581 clementissimi,
919 552 1051 575 racionem

72 590 242 620 haberemus,
271 590 343 614 cuius
371 590 472 614 titulum
497 596 555 612 cum
582 587 724 619 aduersarij
751 585 866 610 addituri
893 590 982 610 essent
1008 586 1051 609 isti

74 625 187 656 scripto,
206 624 334 648 debebant
357 631 411 647 esse
437 623 630 654 diligenciores.
645 621 672 653 0)
700 620 768 652 (fol.
788 621 835 652 8⁸¹)
860 619 951 651 Longe
976 620 1051 643 aliter

75 656 178 683 enarrat
195 658 264 682 hunc
281 658 367 682 locum
386 658 555 686 Ambrosius,
574 657 617 688 qni
635 655 733 687 iuquit,
758 654 896 686 Sequitur,
921 660 949 678 vt
974 661 1050 677 nemo

73 694 101 719 in
119 693 241 724 operibus
260 693 394 724 glorietur,
413 693 474 724 quia
491 693 546 716 iure
563 690 680 714 Domino
700 689 821 713 debemus
837 689 865 718 1³)
891 689 1049 720 obsequium.

75 728 197 759 ert-paulo
215 732 285 759 post,
304 727 481 758 Agnoscenda
502 726 606 757 gracia,
633 724 680 748 sed
704 731 757 747 non
781 723 926 754 ignoranda
949 727 1049 747 natura.

28 760 31 761 ⁷
71 760 127 788 Sed
149 769 198 786 nos
221 762 336 785 breuiter
360 761 538 790 ostendemus,
569 759 639 791 quod
662 759 727 782 haec
749 765 800 781 vox
826 757 930 782 Christi.
946 758 1052 782 darnnet

71 797 164 821 merita
182 800 208 819 et
226 797 376 820 meritorum
394 795 522 820 fiduciam.
552 794 610 818 Hoc
628 794 711 825 ipsum
730 793 784 824 agit
802 791 929 822 Christus,
940 796 1052 815 rtreuo-

72 833 113 856 cet
131 838 179 855 nos
197 829 229 854 ab
248 830 296 854 hac
320 830 399 862 impia
422 829 517 853 fiducia
541 829 691 852 meritorum
713 831 871 851 nostrorum.
908 827 1052 857 Argumen-

72 868 142 890 tatur
159 868 245 889 autem
263 872 296 888 ex
315 864 491 893 similitudine,
510 863 580 895 quod
597 869 650 886 non
664 863 792 893 possimus
804 861 880 885 deum
895 862 1052 886 constituere

72 899 227 924 debitorem.
255 898 329 924 Sicut
345 905 435 922 seruus
452 898 551 922 faciens
571 897 685 921 officium
703 904 757 920 non
767 896 901 920 constituit
920 896 1053 920 dominum

71 934 225 963 debitorem,
243 934 281 958 ita
298 941 346 958 nec
365 940 422 963 vos,
440 932 536 964 inquit,
557 932 634 956 deum
655 932 764 963 potestis
790 930 931 954 debitorem
957 931 1052 954 consti-

71 971 152 998 tuere,
171 975 229 993 cum
247 968 304 992 sitis
321 967 399 991 serui.
437 966 502 991 Cum
522 970 608 990 autem
627 965 690 989 deus
709 973 761 989 non
782 966 814 989 sit
834 964 950 995 debitor,
970 965 1053 996 sequi-

72 1006 123 1032 tur,
141 1002 212 1034 quod
230 1002 338 1033 gloriari
355 1009 409 1026 non
427 1001 566 1033 possimus,
586 1007 666 1032 opera
685 1007 741 1023 esse
759 1000 903 1030 meritoria¹
923 999 1053 1031 quomodo

72 1038 140 1061 euim
158 1040 298 1065 merentur,
317 1037 340 1060 si
359 1036 422 1060 deus
439 1035 505 1060 nihil
525 1035 602 1059 debet
618 1035 686 1059 illis?

143 1078 211 1111 (fol,
230 1079 281 1110 gb)
300 1079 412 1103 Accedit
429 1079 547 1110 insuper,
571 1077 640 1109 quod
659 1080 738 1103 vocat
756 1083 805 1100 nos
827 1084 917 1101 seruos
941 1077 1054 1100 inutiles.

70 1114 130 1138 1100
148 1114 305 1144 intelligenti
325 1117 443 1138 naturam
462 1113 590 1137 sermonis
615 1111 745 1142 signifieat
762 1110 956 1135 insufficientes.
989 1110 1054 1140 Quis

71 1149 141 1172 enim
159 1148 223 1172 satis
243 1149 315 1171 timet
333 1148 427 1171 deum?
446 1148 507 1171 satis
528 1147 611 1170 eredit
630 1146 697 1170 deo?
716 1146 778 1170 satis
798 1146 883 1177 diligit
902 1146 996 1170 deum?
1014 1152 1053 1169 sa-

73 1183 106 1207 tis
123 1183 257 1214 pacienter
275 1182 370 1206 tolerat
395 1182 522 1206 aduersa?
546 1183 608 1205 saus
634 1181 719 1212 diligit
741 1181 905 1212 proximum?
930 1180 1054 1204 satisfacit

70 1216 210 1241 vocacioni
235 1217 313 1240 suae?
348 1216 389 1241 Ita
418 1216 524 1240 inutiles
547 1219 625 1239 vocat
647 1215 806 1245 formaliter,
824 1215 987 1247 *loquendum
1015 1216 1055 1238 est

75 1251 144 1275 enirn
158 1252 186 1283 ⁴1)
206 1258 263 1274 cum
281 1250 407 1283 sophistis
426 1250 573 1274 diaiectice.
600 1249 645 1275 Sic
662 1251 687 1281 ι’)
711 1249 808 1273 Paulus
829 1249 905 1273 docet
916 1255 996 1280 opera
1007 1249 1054 1272 im·

69 1285 168 1310 munda
184 1292 250 1314 esse,
269 1292 326 1309 eum
344 1285 436 1315 inquit,
464 1285 489 1317 ³)
516 1284 577 1309 Non
596 1284 664 1316 quod
683 1284 759 1313 volo,
784 1283 852 1307 facio
876 1284 986 1313 bonum,
1008 1283 1055 1307 sed

69 1319 140 1351 quod
157 1327 210 1343 non
229 1319 301 1349 volo,
318 1319 423 1344 malum.
451 1318 517 1343 Item
537 1326 596 1343 earo
616 1318 775 1349 concupiscit
793 1318 917 1342 aduersus
927 1318 1053 1349 spiritum.

68 1353 169 1378 Haeret
193 1353 260 1377 enim
285 1354 312 1378 in
335 1357 428 1377 natura
456 1357 606 1385 peccatum,
634 1352 862 1383 concupiscencia,
894 1356 1054 1384 contemptus

70 1387 126 1418 dei,
154 1387 306 1413 diffidencia
329 1394 393 1419 erga
418 1387 502 1412 deum.
539 1387 613 1411 Haec
638 1387 708 1412 vicia
732 1386 797 1418 (fol,
819 1386 868 1418 9⁵)
893 1389 1055 1410 remorantur

69 1423 154 1447 eciam
173 1426 295 1453 sanctos,
321 1426 347 1446 et
365 1422 543 1446 contaminant
567 1421 637 1446 bona
660 1427 749 1453 opera.
785 1420 858 1445 Haec
881 1424 922 1445 est
944 1420 1055 1452 simplex

70 1460 97 1482 et
113 1458 222 1489 propria
237 1455 372 1481 sentencia
389 1456 530 1482 verborum
550 1455 658 1480 Christi.

139 1498 267 1532 Sequitur
283 1499 364 1531 igitur
382 1499 517 1524 conclusio
542 1499 637 1524 tollens
661 1498 784 1523 fiduciam
807 1499 973 1528 meritorum,
998 1505 1055 1523 cum

70 1541 156 1567 neque
175 1534 278 1559 debitor
296 1535 331 1558 sit
347 1533 421 1565 deus,
439 1541 524 1566 neque
542 1541 621 1566 opera
638 1536 730 1559 nostra
747 1533 800 1557 sint
814 1533 982 1563 sufficiencia,
993 1541 1055 1565 quo-

69 1569 150 1594 modo
179 1568 351 1601 gloriabimur
379 1568 412 1592 de
434 1569 551 1594 meritis?
571 1569 592 1600 ι)
622 1568 691 1593 Num
722 1568 880 1599 gloriabitur
904 1575 1008 1599 seruus,
1033 1568 1054 1591 si

70 1605 162 1635 agrum
179 1603 342 1635 negligenter
360 1603 487 1628 coluerit?

139 1644 276 1671 Postremo
301 1653 334 1670 ne
351 1646 409 1678 ipsa
433 1645 536 1677 quidem
559 1645 769 1670 aduersariorum
793 1645 978 1677 interpretat-io
1002 1645 1054 1669 lae-

75 1681 114 1706 dit
132 1688 190 1705 nos.
226 1680 302 1715 Nam*
313 1681 336 1705 si
354 1686 435 1712 opera
454 1681 503 1704 deo
522 1687 575 1704 non
594 1683 653 1704 sunt
670 1680 759 1710 rtilia,
783 1681 899 1713 sequitur
920 1680 996 1704 deum
1013 1679 1054 1703 ni-

70 1715 108 1740 hil
124 1715 178 1740 illis
201 1715 305 1740 debere.
335 1714 403 1747 (sol.
421 1714 471 1747 Sb)
497 1713 574 1744 Quod
599 1715 621 1738 si
643 1715 708 1739 nihil
731 1713 808 1738 debet
830 1714 892 1744 illis,
922 1715 1054 1747 quomodo

71 1749 213 1775 tribuemus
237 1750 274 1774 eis
289 1749 318 1781 ¹³)
345 1750 455 1780 gloriam
485 1750 590 1774 meriti?
631 1748 685 1774 Sed
714 1750 863 1773 omittamus
892 1748 939 1773 has
967 1749 1055 1781 spino-

88 1887 120 1919 n)
140 1886 350 1918 damnauerunt]
369 1885 429 1910 Post
447 1885 492 1910 Ιιοο
508 1884 608 1910 verbum
625 1887 651 1910 in
670 1885 736 1917 Chy
744 1890 781 1910 tr.
801 1885 889 1910 addita
908 1889 962 1910 sunt
981 1885 1054 1910 haec:

140 1921 180 1945 Ae
199 1921 266 1945 mira
282 1921 490 1945 aduersariorum
508 1921 621 1944 coecitas
641 1925 687 1950 est,
706 1924 759 1944 tam
778 1925 933 1952 arroganter
946 1920 1054 1951 gloriari

141 1955 173 1980 de
192 1956 299 1986 meritis,
318 1963 376 1979 eum
393 1956 443 1987 ipsi
461 1962 564 1987 quoque
586 1955 732 1985 fateantur,
759 1955 848 1979 omnia
872 1959 962 1979 nostra
985 1956 1054 1980 bona

141 1997 223 2021 opera
240 1990 372 2014 immunda
391 1997 462 2020 esse,
481 1997 539 2013 cum
555 1990 701 2021 fateantur,
719 1997 821 2022 semper
839 1990 865 2014 in
883 1994 975 2014 natura
992 1991 1053 2014 liae-

142 2031 200 2048 rere
224 2028 372 2057 peccatum,
395 2025 565 2058 sicuttinquit
587 2023 737 2056 Scriptura,
761 2023 825 2054 Quis
848 2028 935 2056 potest
958 2025 1053 2055 dicere,

141 2059 265 2083 mundum
293 2063 332 2082 est
359 2065 405 2082 eor
429 2059 530 2082 meum?
556 2059 653 2090 pudeat
674 2066 722 2083 nos
746 2059 773 2083 in
792 2062 866 2082 tanta
888 2059 1054 2083 immundicie

142 2094 227 2117 carnis
246 2094 343 2118 iactare
360 2093 466 2122 merita,
491 2100 547 2117 cum
566 2094 643 2117 etiam
667 2094 751 2118 saneti
770 2098 911 2125 querantur
935 2100 964 2117 se
987 2093 1053 2118 diffi-

140 2127 204 2152 dere
222 2128 296 2168 pec,
314 2135 342 2152 se
360 2128 436 2152 irasci
454 2127 552 2151 iudicio
570 2127 636 2158 Dei,
660 2135 688 2152 se
709 2127 797 2153 multis
820 2128 895 2152 malis
919 2128 1053 2153 affectibus

141 2170 243 2188 vexari.

89 2205 121 2238 o)
140 2204 347 2238 diligeneioresJ
368 2204 415 2229 hac
436 2212 496 2229 voce
511 2205 598 2235 finitur
622 2203 731 2229 Gnelf.
748 2205 798 2237 sol.
825 2206 867 2236 ⁷¹,
884 2206 934 2238 fol.
961 2205 991 2228 'lb
1010 2214 1052 2229 va-

142 2242 196 2268 eah
224 2248 297 2273 quum
323 2239 352 2264 ob
380 2246 480 2264 effusam
506 2239 704 2271 Spalatinus
731 2240 758 2264 iu
785 2239 868 2270 infima
891 2243 968 2273 parte
991 2240 1055 2272 folin·

142 2275 172 2297 ’1-
189 2276 274 2308 pn'ma
291 2273 368 2300 verba
379 2274 442 2307 folii
460 2275 503 2298 8⁸:
523 2274 632 2304 ,Longe
655 2275 730 2299 aliter
747 2280 852 2298 enarrat
876 2274 944 2299 hunc
967 2274 1054 2299 locum

141 2309 296 2334 Ambrosius
314 2311 382 2334 etc.‘
403 2308 548 2341 adscripsit,
567 2308 654 2341 quibus
671 2308 788 2333 lectorum
807 2309 908 2340 doceat,
926 2317 970 2341 ea,
989 2317 1053 2342 quae

139 2343 203 2373 solio
221 2345 251 2368 8·
271 2352 321 2376 sqq.
341 2344 437 2377 scripta
456 2344 512 2373 sint,
533 2342 583 2375 hie,
602 2342 690 2375 quibus
699 2343 750 2374 fol.
777 2344 805 2367 7ι
823 2343 921 2375 finitur,
940 2344 1055 2377 proxime

143 2386 195 2404 cuo
212 2378 337 2404 afflue-raa.

90 2422 122 2454 p)
140 2421 255 2452 Domina
274 2421 407 2454 debemus]
428 2421 556 2453 Chytr.:
576 2421 699 2445 dehemus
715 2421 775 2446 Deo

91 2464 122 2496 q)
141 2469 181 2488 es:
199 2462 278 2498 enirn]
297 2464 426 2496 Chytr.:
445 2465 513 2490 enim
532 2469 572 2489 est

93 2507 122 2540 r)
140 2507 196 2540 Sic}
215 2507 346 2533 Onold.:
365 2507 438 2532 Sient

97 2550 123 2582 s)
142 2558 200 2575 cum
219 2550 324 2582 inquit]
341 2551 368 2574 dn
386 2550 496 2582 Chytr.
515 2551 604 2575 omissa
623 2554 686 2575 nm.
831 2562 833 2564 v

74 2599 77 2602 ⁴
100 2593 125 2625 t)
144 2594 312 2623 gloriabimur
330 2593 363 2617 de
381 2592 508 2627 mertun]
527 2593 610 2619 Ono}
619 2593 659 2618 d.'.
672 2592 857 2624 ‘gloriabuntur
874 2592 907 2616 de
924 2590 1039 2617 merito?
1079 2570 1083 2630 ξ

92 2635 123 2668 u)
142 2635 191 2668 eis]
210 2636 337 2667 Chytr.:
357 2636 408 2660 illis

441 167 480 200 Π.
526 165 760 200 APOLOGIA
783 163 1096 198 CONFESSIONIS
1120 161 1437 196 AUGUSTANAE.
1481 161 1523 193 Α.
1567 159 1712 193 PR10R.

1077 1785 1311 2216 Q]

2013 158 2081 190 282

1103 265 1146 282 sas
1161 258 1187 288 v)
1206 260 1339 289 argucim,
1367 265 1423 281 cum
1449 264 1525 281 nemo
1551 263 1604 280 non
1629 254 1774 285 intelligat,
1797 252 1927 277 Christum
1951 252 2001 276 hae
2023 254 2080 284 ipsa

1103 298 1167 316 voce
1190 292 1311 316 fiduciam
1335 293 1483 316 meritorum
1506 291 1618 315 voluisse
1642 289 1779 319 castigare.
1821 287 1854 310 Et
1879 292 1964 311 tamen
1987 287 2080 311 aduer—

1103 326 1163 358 sarij
1187 326 1283 350 audent
1307 326 1410 350 eludere
1436 325 1611 349 testimonium
1635 324 1742 348 inuenta
1766 321 1905 353 sophistica
1928 321 2082 353 interpren-

1103 361 1188 384 cione.
1215 359 1268 384 Sed
1287 368 1339 383 uon
1358 364 1395 383 est
1413 367 1476 392 opus
1496 360 1537 383 hic
1555 357 1870 390 longiore'disputacione.
1889 360 1993 380 constat
2003 356 2081 385 enim,

1103 395 1172 426 quod
1191 394 1284 426 vbique
1304 395 1431 425 scriptura
1448 398 1518 417 vetat
1535 394 1641 424 gloriari
1661 394 1688 416 in
1706 392 1791 420 nobis,
1807 391 1839 423 w)
1859 394 1931 414 vetat
1950 389 2080 413 confidere

1102 429 1200 453 nostris
1220 428 1342 459 operibus
1365 432 1409 451 aut
1433 429 1540 452 viribus.
1577 427 1640 451 Ideo
1666 431 1736 450 recte
1760 426 1888 454 diximus,
1916 424 1985 455 quod
2010 424 2081 447 bona

1103 471 1183 494 opera
1202 468 1227 486 et
1242 463 1268 494 x)
1288 462 1410 486 mandata
1430 470 1445 485 a
1464 462 1512 486 deo
1531 462 1679 485 necessario
1699 461 1752 484 sint
1777 460 1844 492 (fol.
1865 459 1926 491 10¹)
1952 458 2080 487 facienda,

1103 504 1185 529 neque
1217 500 1302 521 tamen
1334 495 1513 520 confidendum
1544 503 1600 520 esse
1615 496 1641 526 θ’)
1674 495 1729 519 istis
1756 493 1892 526 operibus,
1918 493 1966 517 sed
1992 493 2082 523 gracia

1102 531 1208 555 Christi.

1172 564 1225 589 Sed
1252 566 1392 596 scriptura,
1419 564 1554 595 inquiunt,
1577 564 1657 588 vxitur
1686 563 1813 587 vocabulo
1839 561 1978 590 mercedis,
2003 561 2083 592 igitur

1104 607 1185 631 opera
1203 603 1262 623 sunt
1280 599 1420 623 metroria.
1458 598 1528 627 Quid
1547 597 1656 622 afferunt
1675 597 1831 627 aduersarij,
1853 597 1904 620 uisi
1929 595 2038 627 pueriles
2058 600 2084 618 et

1102 634 1210 658 frinolas
1229 634 1355 664 argucias,
1371 633 1394 665 z)
1415 636 1575 664 aucupantur
1593 632 1720 656 vocabula
1742 636 1765 654 ct
1790 631 1823 654 ad
1847 631 2009 654 dialecticam
2028 631 2083 653 exi-

1102 673 1180 700 gunt,
1199 675 1282 699 neque
1302 672 1388 691 tamen
1405 666 1512 698 phrasin
1532 667 1674 696 scripturae
1694 666 1843 689 obseruant.
1858 665 1896 695 υ)

1172 703 1236 734 (jol.
1259 702 1324 734 lob)
1344 702 1428 725 Porro
1447 708 1480 724 ne
1499 701 1540 724 cui
1564 701 1664 724 molesti
1691 700 1766 723 simus
1791 701 1817 724 in
1841 699 1881 722 his
1897 698 1938 727 hb)
1963 697 2083 721 tenuibus

1102 737 1216 768 argucijs
1235 736 1336 767 prolixe
1355 736 1515 764 refellendis,
1533 735 1570 766 c0)
1590 739 1650 758 sunt
1669 735 1737 758 enim
1756 738 1863 765 propter
1888 733 2030 756 exilitatem
2047 733 2085 756 ita

1103 773 1241 801 obscurae,
1259 775 1287 794 vt
1306 771 1350 795 rix
1369 772 1396 795 in
1415 770 1511 793 scholis
1531 769 1642 800 intelligi
1661 774 1765 800 queant,
1781 768 1823 799 dd)
1848 768 1961 791 breuiter
1978 773 2084 798 respon-

1104 806 1236 835 debimus,
1264 805 1410 829 mercedem
1437 804 1487 828 dici
1513 810 1565 827 non
1591 808 1695 834 propter
1718 803 1869 833 dignitatem
1894 809 2014 832 operum,
2038 801 2085 824 sed

1104 844 1210 872 propter
1228 840 1426 871 promissionem
1445 838 1495 862 dei.
1524 838 1666 862 Promissio
1686 841 1780 867 autem,
1798 841 1826 859 nt
1843 836 1919 859 docet
1929 835 2033 865 Paulus,
2046 835 2084 866 ΕΘ)

1104 875 1155 898 fide
1174 874 1315 906 accipitur,
1340 880 1393 897 non
1416 877 1525 904 propter
1547 879 1627 903 opera
1646 876 1748 900 nostra,
1771 871 1816 894 sed
1840 874 1944 902 propter
1965 871 2086 893 meritum

1105 909 1210 933 Christi.
1247 907 1321 932 Sicut
1337 907 1369 939 ff)
1401 908 1538 938 promissio
1567 906 1644 930 fidem
1670 906 1846 937 requirit‚gg)
1872 905 1945 928 iuxta
1968 903 2086 933 Paulum,

1105 945 1141 968 ita
1159 950 1257 967 merces
1277 942 1354 966 fidem
1372 942 1493 973 requirit,
1517 941 1577 972 quia
1595 945 1632 964 est
1650 947 1690 963 res
1710 941 1844 971 promissa.
1879 939 1987 963 Interim
2010 945 2087 962 causa

1105 985 1211 1001 mouens
1230 977 1425 1008 promittentem
1448 983 1502 1000 nou
1527 980 1566 999 est
1591 975 1704 1006 dignitas
1727 981 1834 1005 operum
1858 977 2017 1002 nostrorum,
2041 971 2087 995 sed

1104 1013 1222 1036 meritum
1241 1011 1348 1036 Christi.
1385 1011 1456 1034 Haec
1474 1010 1551 1034 facile
1570 1009 1789 1040 intelligerentur,
1808 1009 1830 1032 si
1849 1008 1995 1032 doctrinam
2012 1006 2087 1030 Pauli

1107 1045 1173 1077 (sol.
1196 1046 1260 1076 11³)
1285 1045 1317 1068 de
1341 1045 1570 1077 promissionibus,
1597 1044 1629 1067 de
1653 1045 1752 1074 gracia,
1777 1043 1809 1066 de
1831 1042 2031 1071 iusuficacione,
2053 1041 2087 1064 de

1105 1081 1157 1104 fide
1180 1088 1235 1104 non
1259 1080 1445 1111 oppressissent
1470 1080 1497 1104 in
1521 1079 1641 1103 Ecclesia
1665 1077 1860 1110 philosophicae
1885 1077 2086 1108 disputaciones.

1104 1115 1195 1146 Itaque
1213 1122 1261 1138 nos
1280 1115 1306 1138 in
1325 1114 1489 1138 confessione
1507 1113 1547 1137 his
1570 1113 1668 1137 duabus
1693 1112 1830 1141 sentenciis
1854 1112 1880 1136 in
1904 1111 1954 1135 hnc
1976 1118 2004 1134 re
2027 1117 2087 1133 con-

1106 1150 1170 1173 tenti
1190 1149 1292 1179 suimus,
1311 1148 1381 1180 quod
1399 1149 1550 1172 necessario
1567 1147 1689 1172 facienda
1711 1147 1762 1171 sint
1785 1146 1855 1170 bona
1879 1153 1959 1177 opera
1981 1148 2089 1177 propter

1106 1183 1255 1207 mandatum
1275 1183 1331 1213 dei,
1350 1187 1375 1206 et
1393 1183 1464 1214 quod
1488 1189 1540 1206 non
1566 1182 1704 1206 debeamus
1727 1180 1858 1206 confidere
1882 1180 1978 1204 nostris
2002 1179 2087 1211 operi-

1106 1218 1168 1247 bus,
1195 1218 1241 1241 sed
1269 1218 1383 1248 gratuita
1407 1218 1579 1248 promissione
1603 1215 1709 1241 Christi.
1745 1215 1813 1240 Nam
1840 1220 1868 1238 vt
1895 1214 2000 1238 iusticia
2022 1213 2088 1244 legis

1105 1256 1237 1276 mereatur
1254 1252 1370 1284 praemia
1388 1252 1469 1282 legis,
1493 1255 1562 1275 certe
1590 1251 1704 1282 graciam
1728 1254 1753 1274 et
1775 1250 1905 1273 iusticiam
1927 1255 2015 1272 coram
2039 1248 2088 1271 deo

1105 1293 1159 1311 non
1178 1294 1306 1310 meremur
1331 1287 1425 1310 nostris
1450 1286 1580 1317 operibus.
1618 1285 1685 1309 Nam
1710 1285 1754 1316 qui
1778 1283 1846 1308 hanc
1870 1283 1980 1315 gloriam
2003 1282 2091 1306 tribuit

1107 1321 1228 1353 operibus
1252 1321 1361 1350 nostris,
1381 1320 1494 1344 detrahit
1507 1320 1550 1352 bh)
1577 1319 1608 1343 de
1632 1320 1716 1350 gloria
1740 1317 1845 1343 Christi.
1882 1317 1956 1343 Sicut
1979 1320 2089 1341 testatur

1105 1355 1212 1385 Paulus,
1232 1362 1289 1379 enm
1304 1356 1350 1385 ait,
1365 1355 1395 1386 ii)
1415 1354 1445 1379 Si
1464 1355 1570 1378 iusticia
1589 1358 1627 1378 est
1646 1361 1677 1378 ex
1696 1354 1762 1384 lege,
1780 1353 1878 1377 frustra
1887 1351 2004 1377 Christus
2022 1358 2091 1376 mor-

1109 1393 1168 1412 tuus
1187 1393 1234 1413 est.

1176 1423 1210 1447 Et
1236 1423 1264 1447 in
1295 1422 1361 1447 hane
1393 1423 1552 1447 sentenciam
1581 1423 1688 1446 dicimus
1716 1429 1764 1446 nos
1788 1422 1846 1446 sola
1868 1421 1919 1445 fide
1946 1419 2090 1449 iustificari,

1106 1458 1167 1489 quia
1192 1457 1257 1481 fides
1283 1457 1455 1489 apprehendit
1481 1458 1595 1488 graciam
1620 1461 1645 1481 et
1668 1456 1871 1480 misericordiam
1895 1456 1951 1484 dei,
1975 1455 2090 1479 sentiens

1106 1492 1183 1516 nobis
1203 1492 1278 1515 deum
1297 1498 1353 1515 esse
1370 1492 1516 1523 propicium
1535 1495 1641 1523 propter
1659 1490 1799 1515 Christum.
1835 1491 1908 1515 Haec
1925 1489 1990 1514 fides
2007 1489 2090 1520 impu-

1106 1530 1177 1551 tatur
1194 1533 1242 1558 pro
1262 1526 1365 1550 iusticia
1384 1533 1471 1550 coram
1491 1526 1550 1555 deo,
1570 1525 1635 1557 (fol.
1656 1525 1720 1558 lib)
1738 1525 1773 1549 Et
1783 1526 1844 1556 quia
1862 1525 1956 1556 accipit
1973 1524 2091 1555 spiritum

1107 1565 1231 1591 sanctum,
1242 1560 1284 1585 hic
1303 1565 1413 1585 renouat
1422 1561 1504 1585 corda
1515 1564 1539 1584 et
1550 1560 1660 1592 impellit
1671 1559 1704 1583 ad
1714 1560 1779 1584 bene
1790 1560 1958 1591 operandum.
1977 1558 2053 1583 Sicut
2062 1558 2090 1581 in

1107 1595 1235 1627 propheta
1254 1596 1378 1627 scriptum
1398 1600 1444 1625 est,
1462 1595 1540 1620 Dabo
1559 1595 1644 1626 legem
1661 1601 1743 1618 meam
1755 1594 1914 1618 ineordibus
1925 1600 2021 1618 eorum.
2050 1592 2091 1616 Ita

1107 1630 1177 1654 bona
1206 1637 1287 1661 opera
1315 1629 1414 1654 fructus
1443 1633 1503 1653 sunt
1529 1629 1602 1653 fidei.
1638 1629 1744 1653 Interim
1767 1633 1853 1653 tamen
1875 1628 1938 1652 fides
1963 1626 2092 1658 agnoscit,

1107 1664 1178 1696 quod
1205 1668 1310 1696 propter
1335 1664 1482 1695 Christum,
1510 1671 1564 1688 non
1583 1668 1692 1696 propter
1720 1667 1810 1687 nostra
1835 1670 1914 1694 opera
1926 1661 1971 1694 kk)
1995 1661 2091 1685 habea-

1106 1706 1162 1723 mus
1177 1699 1206 1731 ¹¹)
1231 1699 1308 1723 deum
1326 1699 1480 1731 propicium.
1517 1698 1582 1723 Ideo
1606 1697 1671 1722 fides
1690 1697 1828 1728 iustificat,
1846 1705 1899 1721 non
1919 1703 2012 1729 opera,
2030 1696 2092 1727 quia

1126 1853 1156 1885 v)
1176 1852 1308 1885 spinosas]
1327 1852 1455 1883 Chytr.:
1475 1852 1608 1884 speciosas

1117 1897 1154 1927 w)
1175 1900 1245 1920 vetat
1263 1895 1370 1927 gloriari
1389 1896 1416 1919 in
1435 1895 1512 1920 nobis
1519 1894 1538 1927 ‚]
1556 1896 1583 1919 οἰι
1601 1894 1721 1920 Onold.
1741 1893 1835 1920 desunt.

1123 1939 1156 1971 x)
1176 1938 1212 1971 et]
1233 1938 1265 1963 ab
1284 1938 1405 1964 Onold.
1426 1942 1449 1963 et
1467 1938 1580 1970 Chytt.
1599 1937 1677 1963 abest.

1124 1982 1154 2014 y)
1174 1981 1243 2014 esse]
1262 1982 1298 2007 sic
1316 1980 1437 2011 Gueif.;
1457 1980 1590 2007 Onold.:
1609 1985 1662 2011 est3
1680 1982 1708 2005 in
1729 1979 1840 2011 Chytr.
1859 1982 1970 2005 neutrum
1989 1978 2089 2010 quirur.

1128 2025 1156 2057 z)
1176 2024 1317 2058 argucias,]
1337 2025 1472 2050 Onold.:
1492 2025 1631 2054 versucias,

1111 2068 1156 2100 aa)
1176 2071 1337 2100 aucupantur
1356 2068 1483 2093 vocabula
1500 2081 1534 2086 —
1553 2065 1711 2100 obseruant.]
1737 2065 1860 2098 Chytr.:
1885 2069 1911 2089 et
1936 2065 2018 2089 videri
2045 2072 2090 2088 vo-

1174 2100 1398 2168 {giltigfflffwioe
1423 2102 1568 2135 disputare,
1593 2109 1649 2126 cum
1672 2101 1776 2134 phrasin
1800 2099 1952 2132 Scripturae
1975 2106 2028 2123 non
2051 2099 2090 2123 in-

1106 2180 1154 2212 hb)
1173 2180 1224 2211 his]
1243 2179 1308 2204 hanc
1324 2188 1405 2205 vocem
1424 2180 1551 2205 Foerst.
1571 2180 1597 2203 in
1615 2186 1660 2204 sua
1680 2177 1730 2204 Ed.
1752 2176 1811 2203 Cod.
1830 2177 1938 2202 Guelf.
1958 2177 2022 2201 male
2032 2176 2091 2200 omi—

1176 2215 1216 2245 sit,
1237 2217 1318 2239 exstat
1337 2215 1398 2240 em'm
1416 2215 1442 2238 in
1461 2214 1504 2239 hoe
1524 2213 1582 2238 Cod.
1601 2221 1676 2246 aeque
1695 2221 1726 2238 uc
1743 2213 1768 2237 in
1793 2212 1911 2238 Onold.
1933 2215 1955 2237 a
1980 2211 2088 2243 Chytr.

1110 2257 1153 2289 ce)
1173 2257 1346 2289 refellendis,]
1367 2256 1493 2282 Guelf.:
1512 2257 1678 2287 reuellendiS,

1107 2301 1155 2333 dd)
1176 2305 1235 2325 sunt
1261 2302 1329 2368 epim
1353 2314 1386 2320 -
1410 2300 1525 2333 queant]
1549 2300 1682 2330 Onold.,
1707 2299 1837 2330 Chytr.:
1864 2298 1937 2329 (sunt
1962 2298 2030 2322 enim
2056 2310 2090 2316 —

1175 2340 1271 2368 queant

1112 2379 1156 2410 ee)
1176 2382 1204 2402 ut
1223 2379 1299 2403 docet
1316 2378 1412 2402 Paulus
1420 2377 1438 2411 ‚]
1457 2378 1503 2403 On
1511 2378 1588 2403 old.:
1608 2381 1636 2402 ut
1654 2377 1750 2402 Paulus
1769 2377 1854 2406 docet,

1118 2422 1155 2453 ff)
1174 2420 1260 2455 Sicut]
1279 2421 1403 2451 Chytr.:
1422 2420 1498 2446 Sicut
1515 2421 1595 2452 igitur

1106 2465 1156 2497 gg)
1174 2464 1253 2489 fidem
1271 2463 1403 2497 requirig]
1421 2464 1466 2489 Ch
1473 2468 1550 2496 yth:
1569 2464 1679 2495 requirit
1696 2462 1781 2492 fidem,

1105 2508 1155 2540 hb)
1175 2508 1266 2532 tribuit
1284 2521 1317 2526 —
1336 2506 1461 2540 detrahit]
1481 2506 1605 2538 Chytr.:
1626 2506 1743 2530 tribuunt
1761 2517 1794 2523 --
1813 2503 1952 2529 detrahunt

1123 2551 1157 2583 ii)
1179 2558 1235 2575 cum
1254 2550 1313 2582 ait‚]
1330 2550 1357 2574 in
1375 2549 1487 2581 Chytr.
1512 2549 1605 2573 desunt.

1105 2592 1156 2626 kk)
1174 2597 1268 2618 nostra
1287 2590 1376 2626 opera]
1396 2592 1526 2617 Onold.:
1546 2599 1627 2623 opera
1644 2596 1735 2616 nostra

1080 2641 1083 2656 z
1123 2636 1158 2669 n)
1176 2635 1327 2669 habeamus]
1347 2635 1470 2667 Chytr.:
1489 2635 1612 2659 habemns
