2366 2958
215 195 282 228 523

217 290 295 315 aimus
313 289 412 320 accepti
427 287 486 312 Deo
502 292 610 318 propter
628 286 768 314 Christum,
787 284 856 315 quod
873 283 945 307 bona
962 290 1045 314 opera
1061 289 1114 307 non
1132 282 1190 306 rcd-
1213 280 1220 317 ζ

218 325 281 348 dant
308 327 424 355 pensitam
448 321 641 346 conscientiam.
683 319 724 342 Ex
751 318 791 342 his
819 317 937 342 omnibus
961 317 1092 348 seqnitur,
1121 316 1192 349 quod
1215 318 1219 332 ἱ

217 362 338 390 oporteat
355 357 460 386 sentire,
477 355 547 387 quod
564 356 668 386 propter
687 351 817 376 Christum
835 359 880 384 pei·
903 350 1121 380 misericordiam,
1139 357 1192 375 non
1216 340 1220 388 ²

216 397 323 425 propter
341 392 438 422 legem.
456 389 588 414 iustificati
605 391 794 418 consequantur
812 386 891 411 uitam
910 390 1051 410 aeternam.

287 426 358 455 Quid
375 426 454 456 igitur
471 425 503 448 de
521 422 656 447 mercede?
683 421 796 445 Primum
814 421 836 444 si
851 420 1002 450 diceremus,
1013 419 1098 444 Vitam
1111 423 1193 443 aeter-

217 468 278 486 nam
296 461 348 484 dici
368 459 527 487 mercedem,
546 457 606 488 quia
624 456 731 479 debetur
749 454 892 479 iustificatis
915 458 1022 486 propter
1044 453 1193 485 promissio-

217 502 287 525 nem,
305 494 368 519 nihil
387 493 493 518 absurdi
512 493 663 516 diceremus.
692 489 759 514 Sunt
777 490 845 513 enim
864 488 987 513 ordinata
1004 489 1073 512 inter
1083 495 1111 512 se
1129 487 1193 511 liaec

218 530 296 554 dona.
334 529 407 552 Sicut
425 532 450 551 et
468 526 628 557 Augustinus
647 525 691 548 ait.
726 523 805 547 Dona
822 531 869 548 sua
887 523 997 547 c'oronnt
1014 521 1085 546 Deus
1103 522 1129 546 in
1147 528 1194 545 no-

218 564 266 588 bis.
304 563 358 587 Sed
375 562 501 592 scriptura
519 561 599 584 uitam
622 563 753 582 aeternam
772 562 850 582 uocat
873 557 1032 586 mercedem,
1056 563 1109 580 non
1135 555 1195 587 quia

218 602 323 630 propter
341 603 419 628 opera
437 595 570 624 debeatur,
587 593 633 617 sed
651 593 713 624 quia
730 596 877 623 compenset
893 590 1047 615 afflictiones
1066 595 1093 614 et
1107 596 1196 621 opera,
1218 617 1219 620 Ἴ

219 637 245 655 et
271 633 292 655 si
317 635 421 662 propter
447 629 525 653 aliam
555 635 660 652 causam
684 627 821 657 contingit.
861 625 936 651 Sicut
963 623 1095 649 hereditas
1122 624 1196 647 uenit
1219 645 1222 658 ‚

218 666 272 690 filio
294 665 419 694 familias,
444 671 496 687 riou
521 666 627 694 propter
651 660 738 685 officia
755 668 818 689 sua,
843 665 868 684 et
893 664 977 684 tumen
995 663 1035 682 est
1051 665 1150 683 merces
1169 661 1195 681 et

219 700 397 731 compensatio
425 699 571 722 officiorum
599 695 654 727 fiiij.
689 694 758 720 Satis
786 698 826 718 est
848 695 928 724 igitur
952 700 1046 717 nomen
1070 693 1195 716 mercedis
1219 690 1224 722 J

218 734 267 759 hac
291 734 395 757 ratione
419 733 559 756 conuenire
583 731 654 754 uitae
678 734 811 758 aeternae,
835 730 895 760 quia
918 728 973 751 uita
996 732 1102 751 aeterna
1126 733 1194 750 com·
1219 731 1224 751 l

219 773 311 800 pensat
329 768 400 791 hona
417 774 496 798 opera
514 770 539 789 et
557 764 724 789 afflictiones.
760 762 820 786 Non
844 767 884 787 est
907 762 986 793 igitur
1010 761 1065 784 uita
1087 765 1195 784 aeterna
1218 765 1222 795 j

218 810 328 831 merceS,
346 802 404 833 quia
424 808 504 832 opera
519 799 658 828 sufficiant,
676 798 738 830 quia
756 797 882 821 debeatur
905 803 951 828 pro
976 795 1105 826 operibus.
1141 793 1195 819 Sed
1218 800 1221 817 Ι

219 837 399 866 consecutiue,
427 836 487 867 quia
514 842 571 858 cum
601 836 706 865 propter
727 831 805 856 aliam
829 838 932 855 causam
958 829 1084 860 contigit,
1109 833 1196 853 tamen

219 875 371 902 compensat
388 877 467 901 opera
485 873 510 893 et
527 868 692 892 afflictiones.

287 905 429 929 Praetereo
452 903 615 928 concedimus
643 907 723 932 opera
745 907 807 924 uere
832 906 887 923 esse
910 898 1055 926 meritoria,
1080 904 1134 921 non
1156 904 1195 920 re-

218 940 349 964 missionis
367 942 542 970 peccatorum,
561 941 605 961 aut
622 934 818 960 iustificationis.
850 933 910 957 Non
929 933 996 956 enim
1014 931 1126 963 placent,
1144 931 1195 955 nisi
1218 943 1221 963 ἱ

219 975 246 998 in
265 973 407 998 iustificatis
425 977 531 1004 propter
548 971 634 1000 fidem,
651 969 707 994 Nec
726 972 784 992 sunt
803 968 885 998 digna
902 967 956 991 nita
975 971 1090 990 aeterna.
1119 964 1196 990 Sicut

220 1009 289 1033 enim
307 1008 463 1036 iustificatio,
480 1008 518 1031 ita
537 1004 677 1033 uiuificatio
701 1003 751 1026 fide
771 1002 901 1032 contingit
924 1005 1032 1032 propter
1054 999 1196 1029 Christum,
1217 975 1222 1028 i

220 1043 266 1067 sed
284 1046 342 1066 sui-it
360 1042 492 1066 meritoria
509 1041 620 1064 aliorum
638 1038 793 1070 premiorum
813 1035 1002 1068 corporalium,
1027 1039 1053 1058 et
1075 1034 1196 1065 spiritua·
1218 1036 1222 1067 i

220 1077 296 1106 lium,
321 1083 386 1107 quae
410 1075 553 1100 redduntur
574 1078 627 1097 tum
645 1073 670 1096 in
695 1072 744 1095 bac
771 1071 836 1100 uita,
860 1074 914 1094 tum
938 1073 996 1101 post
1018 1068 1086 1092 hanc
1105 1069 1195 1093 uitam.

218 1111 313 1135 Differt
331 1111 399 1134 enim
417 1110 488 1134 Deus
508 1109 631 1140 pleraque
650 1106 748 1137 premia
766 1105 849 1129 donec
868 1104 996 1135 glorificer
1014 1108 1119 1127 sanctos
1137 1106 1198 1134 post

219 1145 288 1170 hanc
306 1146 400 1174 uitam,
418 1145 479 1176 quia
496 1143 551 1166 uult
569 1150 613 1166 eos
636 1142 662 1165 in
685 1141 734 1164 linc
758 1139 812 1163 uita
839 1138 955 1162 exerceri
980 1137 1014 1162 ad
1038 1136 1197 1161 mortifican-

220 1180 280 1204 dum
303 1184 418 1208 ueterem
441 1178 579 1202 hominem.
615 1174 787 1206 Euangelinm
810 1174 892 1204 gratis
917 1172 1024 1196 exhibet
1045 1172 1196 1204 promissio-

218 1221 276 1239 nem
295 1213 484 1238 iustificationis
503 1217 529 1236 et
547 1209 729 1235 uiuificatiocis
749 1215 853 1239 propter
871 1207 1011 1232 Christum.
1039 1207 1076 1229 At
1093 1207 1119 1230 in
1139 1206 1196 1236 lege
1220 1205 1223 1212 ⁴

219 1256 274 1272 non
292 1249 383 1279 gratis,
403 1247 448 1271 sed
467 1254 514 1278 pro
532 1245 654 1277 operibus
679 1242 785 1267 offertur
808 1247 833 1266 et
858 1242 966 1266 debetur
989 1247 1097 1264 merceS.
1133 1238 1198 1263 Cum
1220 1215 1224 1258 i

218 1283 298 1314 igitur
316 1289 395 1314 opere
418 1281 470 1304 sint
493 1280 620 1312 quaedam
643 1278 759 1309 impletio
782 1277 862 1308 legis,
886 1280 956 1300 recte
981 1275 1099 1299 dicuntur
1119 1275 1196 1298 meri·
1220 1261 1225 1294 Ι

220 1318 301 1347 toria,
327 1320 397 1340 recte
422 1315 517 1339 dicitur
541 1316 578 1338 eis
602 1310 689 1337 deberi
713 1318 822 1336 merces.
859 1311 893 1334 Et
915 1310 979 1334 haec
1001 1316 1100 1333 merces
1130 1309 1198 1340 parit

219 1351 316 1383 gradus
336 1350 500 1381 premiorum,
518 1350 590 1373 iuxta
607 1348 671 1371 illud
688 1345 775 1370 Pauli.
804 1345 985 1376 Vnusquisque
1005 1344 1116 1375 accipiet
1133 1350 1198 1367 mer-

220 1386 309 1410 cedem
328 1386 402 1409 iuxtn
419 1392 492 1408 suum
511 1383 635 1407 lahorem.
672 1381 708 1404 Hi
727 1379 823 1411 gradus
841 1383 901 1403 sunt
917 1385 1016 1403 merces
1034 1384 1142 1410 opernm
1159 1381 1197 1402 at-

220 1426 269 1452 que
287 1419 463 1443 afflictionum.

288 1453 342 1478 Sed
361 1453 521 1477 contendunt
537 1451 696 1482 aduersarij,
718 1450 800 1473 uitam
823 1454 956 1473 aeternam
980 1447 1084 1478 proprie
1110 1446 1199 1470 deberi

220 1495 268 1521 pro
295 1487 431 1520 operibus,
458 1487 518 1519 quia
548 1485 643 1510 Paulus
672 1485 716 1509 ait.
760 1483 862 1508 Reddet
891 1482 1029 1513 unicuique
1058 1480 1200 1514 secundnm

220 1529 300 1555 opera
326 1523 390 1546 eins.
417 1521 510 1546 Iohau.
537 1521 562 1545 5.
595 1519 645 1549 Qui
677 1519 746 1543 bona
771 1517 905 1548 fecerunt,
933 1518 959 1541 in
988 1515 1199 1540 resurrectionem

220 1558 298 1582 uitae.
328 1556 421 1580 Mutih.
440 1555 482 1580 25.
509 1555 613 1579 Esnriui
637 1558 663 1578 et
686 1553 792 1578 dedistis
816 1551 879 1576 mibi
905 1551 1069 1576 manducare.
1105 1549 1136 1573 Iu
1159 1548 1199 1572 his

219 1592 285 1616 locis
304 1591 434 1621 omnibus,
452 1591 478 1614 in
498 1589 590 1620 quibus
608 1595 687 1620 opera
704 1588 857 1616 laudantur,
881 1591 987 1610 necesse
1005 1587 1045 1607 est
1063 1584 1096 1608 ad
1114 1582 1199 1608 Ceno-

220 1633 281 1650 nem
304 1633 382 1658 supra
412 1625 535 1648 traditum
558 1630 703 1652 recurrere,
727 1622 797 1653 quod
822 1627 903 1653 opera
926 1627 979 1644 non
1002 1618 1121 1649 placeant
1143 1617 1200 1641 sine

221 1660 339 1689 Christo,
362 1659 433 1691 quod
457 1666 510 1683 uon
533 1658 567 1681 sit
591 1657 766 1682 excludendus
789 1656 919 1679 mediator
943 1654 1070 1679 christus.
1111 1651 1200 1682 Quare

222 1702 279 1719 cnm
298 1699 383 1718 textus
402 1694 448 1723 ait,
466 1692 586 1724 operibus
603 1691 677 1715 reddi
697 1692 776 1714 uitam
794 1694 942 1719 aeternam,
964 1686 1102 1719 siguificat
1124 1686 1201 1710 reddi

221 1729 374 1758 iustificatis,
392 1729 453 1759 quia
470 1735 523 1751 nou
542 1727 645 1758 placent
670 1725 728 1750 Deo
748 1726 816 1749 bona
838 1731 930 1756 opera,
953 1723 1003 1747 nisi
1028 1722 1054 1745 in
1078 1720 1200 1746 iustifica-

222 1765 270 1793 εἰς,
289 1763 339 1787 hoc
358 1768 410 1792 est,
430 1763 455 1786 in
475 1761 529 1790 his,
548 1761 592 1792 qui
610 1761 724 1784 sentiunt
742 1767 769 1783 se
787 1763 907 1790 acceptos
930 1764 987 1782 esse
1011 1755 1070 1779 Deo
1093 1760 1201 1787 propter

222 1797 362 1823 Christum.
398 1797 432 1820 Et
450 1796 580 1820 iustificati
600 1794 744 1818 necessario
764 1794 866 1824 pariunt
884 1793 951 1816 bona
971 1797 1066 1822 opera,
1090 1797 1135 1814 seu
1154 1789 1200 1813 ho-

222 1839 270 1857 nos
288 1831 398 1860 fructus,
418 1835 445 1854 ut
463 1830 565 1854 Esuriui
590 1834 615 1853 et
638 1829 744 1852 dedistis
768 1828 830 1852 mihi
854 1828 946 1850 cibum.
984 1825 1033 1849 uie
1055 1832 1113 1848 cnm
1137 1824 1201 1848 dici-

222 1872 263 1890 tnr
291 1866 364 1890 reddi
393 1866 448 1889 uita
471 1869 577 1888 aeterna
600 1863 638 1887 his
662 1862 782 1893 operibus
804 1862 956 1892 intelligitur
979 1859 1052 1883 reddi
1075 1859 1200 1882 iusticiae.

222 1900 311 1925 Fidem
330 1901 409 1931 igitur
428 1898 606 1931 complectitur
623 1905 681 1921 cum
701 1899 818 1921 nominat
843 1896 948 1919 frui-tus.
986 1894 1068 1918 Porro
1094 1894 1201 1925 scriptu-

223 1942 252 1959 ra
270 1935 387 1958 nominat
405 1934 511 1961 fructus,
530 1937 558 1956 ut
577 1932 697 1955 ostendat
721 1932 818 1962 requiri
837 1938 889 1954 non
908 1928 1072 1960 hypocrisin,
1095 1927 1140 1951 sed
1165 1927 1201 1951 iu-

224 1970 323 1994 sticiam
341 1975 406 2000 qnae
424 1969 456 1991 sit
475 1967 580 1995 efficax,
606 1971 631 1990 et
655 1966 781 1997 quaedam
806 1972 876 1989 noua
899 1964 967 1993 uita,
992 1962 1094 1994 pariens
1119 1962 1201 1986 bonos

223 2004 331 2028 nucius.

294 2037 348 2061 Nec
368 2044 415 2061 nos
434 2037 545 2068 aliquam
565 2035 679 2059 ociosum
699 2034 866 2058 subtilitatem
886 2033 929 2056 hic
948 2031 1104 2056 affectamus.
1136 2030 1202 2054 Sunt

225 2072 293 2096 enim
312 2071 481 2103 grauissimae
501 2077 594 2094 causae
613 2074 717 2100 propter
735 2076 798 2100 quas
816 2067 880 2091 haec
900 2068 1067 2098 disputamus.
1099 2064 1202 2088 Etenim

225 2107 246 2131 si
266 2107 405 2137 largiamur
424 2105 579 2135 aduersarijs
598 2104 668 2134 quod
687 2110 765 2134 opera
789 2105 935 2126 mereantur
959 2101 1038 2124 uitam
1061 2103 1202 2128 aeternam,

225 2148 286 2165 mox
311 2145 431 2164 attexunt
454 2139 499 2163 illa
522 2138 647 2166 absurda.
671 2137 740 2168 quod
764 2143 843 2168 opera
873 2136 925 2167 legi
954 2135 1004 2159 Dei
1033 2133 1203 2162 satisfaciant,

225 2176 296 2207 quod
316 2182 366 2198 non
386 2173 498 2197 habeant
517 2180 581 2204 opus
599 2171 790 2200 misericordia.
808 2170 877 2202 quod
896 2171 975 2194 simus
993 2169 1067 2197 insti,
1086 2167 1136 2191 hoc
1155 2171 1202 2197 est,

225 2211 324 2241 accepti
345 2208 403 2232 Deo
422 2213 527 2239 propter
545 2211 632 2230 nostra
651 2213 744 2237 opera,
763 2213 816 2229 non
836 2210 943 2236 propter
966 2202 1109 2231 Christum,
1132 2202 1203 2234 qnod

226 2244 359 2277 plusquam
385 2243 468 2273 legem
491 2241 576 2265 facere
601 2240 718 2264 homines
741 2241 848 2271 possint.
884 2239 924 2262 lta
947 2242 1003 2262 tota
1027 2237 1148 2261 doctrina
1172 2236 1203 2259 dc

227 2279 330 2303 iusticia
348 2277 407 2301 fidei
433 2276 558 2300 obruitur.
594 2274 641 2298 Est
665 2279 749 2298 nutem
775 2274 948 2297 necessarium
971 2273 1081 2296 retinere
1105 2271 1130 2295 in
1155 2269 1203 2294 Ec-

228 2313 306 2337 clesia
324 2319 412 2344 puram
431 2311 574 2335 doctrinam
594 2309 625 2332 de
643 2310 744 2333 iusticia
761 2308 831 2332 iidei.
868 2307 955 2338 Quare
979 2306 1097 2337 cogimur
1115 2304 1204 2329 Phari-

228 2349 310 2371 saicaa
331 2347 466 2378 opiniones
486 2344 692 2368 aduersariorum
713 2342 909 2374 reprehendi-re,
927 2345 953 2364 et
971 2344 998 2363 nt
1008 2341 1119 2371 gloriam
1130 2339 1204 2364 Chri-

228 2383 261 2405 sti
279 2381 450 2406 illustremus.
469 2385 494 2403 et
511 2384 539 2402 ut
559 2378 726 2409 conscientiis
751 2377 835 2400 iii-ma·
859 2376 1052 2399 consolationes
1077 2381 1204 2405 propona-

229 2424 293 2439 mus.
331 2415 470 2444 Quomodo
490 2414 556 2437 enim
576 2413 706 2443 concipiet
723 2411 882 2435 conscientia
901 2410 998 2434 firmam
1018 2415 1086 2466 spem
1105 2408 1205 2434 salutis.

229 2458 285 2474 cum
304 2451 330 2474 in
351 2449 447 2473 iudicio
467 2450 559 2471 sentiet
578 2453 657 2478 opera
675 2446 783 2476 indigna
801 2451 866 2472 osse,
884 2444 932 2467 nisi
952 2444 1012 2467 sciet
1050 2443 1147 2465 omines
1167 2448 1204 2465 re-

229 2486 313 2515 putari
333 2485 412 2507 iustos
431 2487 456 2506 et
474 2483 569 2506 saluari
589 2488 633 2512 per
652 2480 863 2506 misericordiam.
877 2483 981 2509 propter
994 2477 1134 2504 Christum,
1153 2483 1205 2499 non

230 2523 333 2550 propter
353 2524 480 2549 propriam
499 2517 564 2547 legia
585 2516 769 2546 impletionem.
806 2514 847 2536 An
867 2512 1019 2536 Laurentius
1038 2511 1064 2534 in
1084 2510 1204 2534 craticula

231 2553 356 2576 sentiebat
375 2561 400 2574 sc
421 2552 468 2575 ho„-
487 2558 565 2582 opere
584 2550 635 2579 legi
650 2549 698 2573 Dei
718 2548 876 2575 satisfacere,
895 2554 921 2569 nc
939 2547 995 2569 aine
1014 2550 1120 2577 peccato
1139 2550 1205 2573 esse,

231 2594 258 2609 se
280 2594 332 2610 non
362 2587 478 2615 indigere
503 2585 643 2608 mediatore
669 2583 790 2611 Christo,
813 2586 838 2605 et
863 2580 1042 2604 misericordie
1066 2579 1123 2603 Dei.
1160 2578 1206 2602 lile

232 2628 294 2644 nero
313 2628 364 2643 nun
386 2621 505 2643 :lincunt
523 2627 537 2642 a
556 2618 696 2649 Propheta,
714 2619 756 2649 qni
775 2618 820 2641 alt.
857 2615 916 2639 Non
934 2616 1014 2639 intre·
1033 2615 1058 2637 in
1083 2614 1206 2637 indicium

232 2663 288 2679 cnm
306 2663 382 2679 seruo
403 2658 462 2681 tuo.
487 2655 547 2685 qnia
564 2660 616 2677 non
641 2652 819 2676 iustificabitur
841 2656 928 2674 coram
952 2653 978 2672 tc
1001 2649 1083 2672 omnia
1106 2648 1205 2672 uiuent.

667 189 782 223 PffiL.
803 189 907 221 affin.
928 187 1118 221 scitiP'rit
1137 186 1407 220 Dot'ffliss'iua
1428 188 1487 221 ET
1507 187 1780 226 SYMBOHGA.
1812 211 1815 224 ⁴

2157 190 2225 224 524

1241 281 1392 322 pei-nardus
1409 283 1506 307 fatetur
1524 290 1572 308 sna
1588 291 1670 316 opera
1685 292 1747 313 non¹
1758 291 1816 314 esse
1839 283 1921 315 digna
1941 284 1998 308 nita.
2018 288 2139 315 aeterna,
2163 292 2223 309 cum

1242 317 1341 354 ui9uit,
1359 315 1459 356 perdite
1477 317 1542 347 uixi.
1560 317 1614 342 Sed
1631 319 1710 350 erigit
1727 325 1756 343 ae
1774 323 1800 342 et
1815 325 1888 349 spem
1904 318 1998 342 salutis
2018 319 2136 351 concipit
2151 319 2224 348 inde,

1243 351 1314 382 quod
1332 354 1410 374 sentit
1427 355 1533 382 propter
1551 352 1681 377 Christum
1698 360 1745 385 per
1763 352 1968 376 misericordiam
1983 352 2077 377 donari
2094 353 2224 377 remissio-

1217 392 1220 398 ·
1243 391 1303 408 nem
1322 389 1497 424 peccatorum,
1515 390 1542 409 et
1559 387 1640 410 uitam
1657 391 1798 416 aeternam,
1815 386 1891 411 Sicut
1907 386 2024 411 Psalmus
2043 386 2129 416 docet,
2146 386 2225 412 Beati

1216 439 1219 446 ,
1243 425 1350 450 quornm
1374 426 1494 443 remissae
1517 424 1578 444 sunt
1599 421 1757 452 iniquitates.
1793 420 1829 445 Bt
1850 420 1947 446 Paulus
1969 422 2016 445 nit.
2050 420 2140 445 Dauid
2160 421 2226 446 dicit

1243 453 1430 492 beatitudinem
1448 453 1569 484 hominis,
1589 456 1630 479 cui
1647 455 1719 480 Deus
1738 456 1847 486 impnnt
1870 455 2000 480 iusticiam
2017 455 2075 478 eine
2092 455 2223 486 operibns.

1243 487 1319 526 ῌυηο
1337 491 1375 511 ait
1392 487 1487 511 Paulus
1506 488 1610 512 beatum
1631 496 1700 519 esse,
1724 490 1766 514 cui
1788 490 1930 520 imputatur
1951 489 2056 513 iusticia
2078 495 2124 520 per
2146 488 2224 514 fidem

1244 529 1270 545 in
1282 520 1436 560 Christum,
1455 523 1555 546 etiamsi
1574 523 1646 547 nulla
1663 523 1758 548 habeat
1781 523 1850 548 bona
1875 530 1964 555 opera.
1998 523 2105 547 Talibus
2130 530 2223 548 conso-

1243 555 1384 580 lationibus
1411 556 1551 587 erigendae
1575 562 1634 581 sunt
1657 558 1848 587 conscientiae,
1871 562 1898 581 et
1919 556 2124 586 confirmandae,
2153 557 2224 588 quod

1245 594 1358 629 propter.
1368 589 1501 629 Christum
1523 598 1568 622 per
1585 591 1664 616 fidem
1688 593 1842 623 contingant
1853 592 1882 623 Ι1)
1906 591 2026 615 remissio
2049 595 2223 622 peccatorum.

1244 629 1377 663 reputacio
1396 625 1531 655 iusticiae,
1555 630 1581 648 et
1598 627 1651 650 nita
1671 630 1786 650 aeterna.
1822 625 1899 655 Quod
1921 626 1944 649 si
1969 626 1995 650 iu
2020 625 2084 649 locis
2107 625 2141 649 de
2162 632 2224 658 ope·

1244 658 1315 681 ribus
1339 657 1389 682 hoc
1413 659 1492 683 modo
1516 659 1580 684 fides
1603 660 1778 691 intelligetur,
1800 660 1865 684 nihil
1892 659 2011 684 officiunt
2035 663 2141 684 nostrae
2164 666 2223 684 sen-

1245 693 1354 716 tenciae.
1390 693 1427 716 Et
1444 693 1561 725 profecto
1580 701 1684 718 neccsse
1703 698 1742 718 est
1766 701 1867 725 semper
1891 693 1990 718 addere
2006 693 2100 723 fidem,
2122 700 2156 717 ne
2179 701 2223 718 ex-

1245 726 1377 750 cludamus
1395 728 1566 752 mediatorem
1585 728 1724 753 Christum.
1754 727 1845 752 Fidem
1863 731 1949 759 autem
1967 728 2037 752 bona
2054 735 2134 760 opere
2150 729 2223 759 sequi

1247 760 1352 791 debent,
1371 762 1432 792 quia
1448 761 1512 786 fides
1529 763 1585 786 sine
1603 763 1678 787 bouis
1697 763 1828 795 operibns,
1846 762 1991 793 hypocrisis
2010 765 2059 786 est.

1314 795 1418 819 Habent
1435 799 1461 819 et
1479 797 1507 820 iu
1528 796 1632 821 Scholis
1657 798 1783 828 quaedam
1807 796 2027 828 apophthegmata
2050 799 2223 820 commtanen

1246 833 1351 852 nostrae
1369 830 1527 859 sentenciae,
1544 832 1632 861 qualia
1648 835 1721 861 sunt,
1740 831 1811 862 quod
1828 831 1899 855 bona
1922 837 2004 862 opera
2027 830 2148 860 placeant
2164 829 2224 853 Deo

1245 867 1351 901 propter
1368 864 1486 894 gratiam.
1521 865 1587 888 Item
1605 865 1675 896 qnod
1692 867 1727 890 sit
1744 865 1927 890 confidendum
1945 864 2045 896 gratiae
2063 863 2123 888 Dei.
2151 863 2224 888 Haec

1247 897 1316 920 dicta
1453 899 1587 923 commode
1609 901 1819 931 interpretantur.
1855 899 1964 923 Veteres
1987 898 2055 922 euim
2078 897 2233 922 sentiebant

1247 930 1429 970 confidendum
1446 939 1502 956 esse
1519 934 1634 963 gratiae,
1651 933 1702 958 hoc
1719 939 1772 963 est,
1789 933 1984 958 misericordiae
2002 932 2053 956 Dei
2076 931 2225 963 promitten-

1247 968 1289 1004 tis,
1307 965 1379 996 qnod
1397 971 1502 997 propter
1524 965 1655 991 Christum
1677 969 1755 992 simus
1777 968 1886 998 accepti.
1921 968 1957 991 At
1981 966 2137 990 recentiores
2159 965 2225 990 fidu-

1247 1005 1315 1037 ciam
1332 999 1489 1023 transferunt
1514 1000 1548 1024 ad
1569 1005 1686 1025 nostrum
1709 1009 1783 1033 opus.
1819 1001 1942 1026 Seutinnt
1965 1000 2147 1025 confidendum
2168 1006 2226 1024 esse

1248 1036 1362 1063 gratiam
1380 1033 1432 1073 hoc
1450 1038 1503 1064 est,
1523 1034 1665 1066 dilectioni,
1684 1043 1735 1066 qua
1752 1043 1799 1060 uos
1816 1035 1900 1060 Deum
1919 1035 2061 1066 diligimus.
2096 1034 2169 1058 Haec
2186 1034 2226 1057 in·

1248 1071 1404 1106 terpretacio
1423 1072 1464 1091 est
1481 1068 1584 1092 uiciosa.
1621 1069 1682 1093 Non
1701 1070 1769 1094 enim
1787 1069 1909 1093 debemus
1927 1069 2059 1093 confidere
2081 1074 2171 1092 nostra
2189 1068 2226 1092 di-

1247 1101 1374 1141 lectione,
1402 1109 1459 1126 cum
1481 1103 1516 1126 sit
1536 1103 1667 1127 immunda
1691 1108 1718 1128 et
1741 1104 1852 1134 exigua,
1875 1103 1923 1127 sed
1940 1103 2111 1134 promissione
2128 1102 2227 1126 miseri-

1248 1135 1363 1175 cordiae.
1399 1135 1515 1161 Iactatur
1533 1141 1559 1161 et
1576 1137 1642 1167 hoc,
1661 1137 1732 1168 qnod
1750 1138 1819 1162 bona
1836 1143 1917 1168 opera
1934 1136 2039 1160 ualeant
2056 1136 2152 1160 nirtnte
2169 1142 2227 1167 paa-

1247 1177 1328 1210 sionis
1347 1169 1453 1195 Christi.
1479 1170 1560 1195 Recte
1579 1172 1674 1196 dictum
1693 1176 1742 1201 est,
1759 1172 1806 1196 sed
1823 1171 1884 1196 fidei
1902 1171 2058 1195 mentionem
2075 1169 2132 1193 fieri
2149 1176 2229 1201 opor·

1248 1208 1297 1228 tuit
1314 1211 1338 1237 in
1357 1204 1398 1228 his
1416 1206 1564 1237 sentencijs.
1599 1205 1660 1230 Non
1686 1207 1754 1230 enim
1778 1205 1984 1230 communicatur
2007 1204 2084 1228 nobis
2108 1204 2231 1228 meritum

1248 1239 1376 1270 passionis
1393 1237 1500 1269 Christi,
1517 1240 1568 1264 nisi
1585 1240 1613 1264 id
1636 1240 1687 1264 fide
1709 1240 1930 1272 apprehendamus
1953 1242 1980 1263 et
2001 1244 2162 1270 opponamus
2183 1237 2229 1262 ad-

1249 1280 1338 1296 uersus
1357 1277 1470 1297 terrores
1487 1275 1586 1305 peccati
1604 1279 1631 1298 et
1647 1275 1747 1300 mortis.
1783 1273 1878 1299 Paulus
1895 1275 1966 1299 enim
1983 1274 2074 1305 inquit.
2168 1272 2174 1277 ”

1249 1312 1289 1331 est
1307 1308 1463 1339 propiciatio
1482 1315 1528 1339 per
1545 1309 1631 1334 fldem.
1667 1308 1748 1339 Item,
1771 1309 1892 1333 Ecclesia
1913 1309 1940 1332 in
1962 1307 2080 1332 omnibns
2104 1306 2230 1338 precatio-

1250 1342 1326 1366 nibus
1345 1342 1427 1371 addit,
1445 1349 1492 1374 per
1509 1343 1651 1367 Dominum
1668 1347 1786 1368 nostrum
1803 1343 1888 1368 Iesum
1906 1342 2047 1368 Christum.
2083 1340 2134 1366 Hie
2151 1341 2231 1365 enam

1250 1376 1409 1401 admonendi
1427 1380 1486 1400 sunt
1502 1377 1620 1402 homiues
1639 1377 1672 1402 de
1689 1377 1749 1402 fide.
1777 1377 1915 1408 Significat
1932 1376 2000 1401 enim
2015 1375 2132 1400 Ecclesia
2141 1378 2231 1399 noatra

1251 1417 1346 1442 opera,
1364 1414 1390 1435 et
1406 1415 1507 1435 nostras
1525 1419 1615 1443 preces
1632 1411 1690 1436 Deo
1708 1412 1827 1443 placere,
1851 1412 1872 1435 si
1891 1410 2026 1436 credamne
2048 1409 2134 1434 Deum
2155 1409 2231 1434 nobis

1251 1445 1403 1476 propicium,
1421 1449 1448 1468 et
1465 1453 1513 1469 uos
1531 1446 1656 1470 exaudire
1674 1450 1780 1477 propter
1797 1444 1950 1470 Pontificem
1967 1443 2107 1469 Christum.

1318 1479 1436 1503 Haecin
1460 1481 1606 1511 praesentia
1631 1479 1761 1504 sufficiant
1782 1480 1816 1504 de
1841 1479 1890 1504 lioc
1914 1479 1984 1503 loco.
2019 1477 2121 1503 summ
2144 1482 2232 1502 autem

1252 1513 1320 1537 hanc
1337 1513 1498 1537 sentenciam
1516 1521 1592 1545 quam
1611 1514 1772 1539 defendimus
1781 1513 1928 1545 Euangelio
1946 1517 2148 1537 consentaneam
2165 1518 2231 1541 eane,

1252 1552 1278 1571 et
1296 1547 1345 1579 pijs
1363 1548 1528 1580 conscientijs
1545 1548 1706 1573 firmissimas
1731 1549 1924 1573 consolationes
1947 1547 2048 1572 afferre.
2083 1546 2149 1571 Ideo
2171 1545 2232 1578 piae

1251 1586 1350 1606 mentes
1369 1589 1422 1606 nori
1441 1583 1571 1613 patiantur
1589 1590 1617 1606 se
1635 1583 1669 1607 ab
1686 1582 1737 1606 huc
1754 1584 1889 1606 sentencia
1906 1585 2011 1613 propter
2032 1581 2121 1612 iniqua
2146 1583 2173 1604 et
2189 1586 2231 1604 ce-

1251 1616 1381 1640 lumniosa
1399 1616 1497 1641 iudicia
1513 1616 1721 1640 aduersariorum
1742 1616 1846 1640 abduci.
1881 1615 2018 1647 Scriptura
2040 1614 2171 1646 praedicit
2192 1613 2230 1638 fli-

1252 1655 1336 1674 turum
1361 1657 1431 1679 esse,
1455 1654 1483 1674 ut
1506 1653 1533 1674 in
1557 1651 1677 1674 Ecclesia
1697 1653 1848 1682 grassentur
1871 1650 1934 1674 mali
1956 1650 2092 1678 doctores,
2118 1649 2163 1680 qni
2186 1655 2233 1680 op-

1252 1691 1342 1716 pressa
1367 1685 1470 1709 iusticia
1496 1685 1556 1709 fidei
1582 1685 1610 1708 in
1637 1684 1779 1714 Christum,
1806 1684 1920 1708 doceant
1943 1684 2038 1708 mereri
2055 1683 2234 1708 remissionem

1251 1724 1416 1751 peccatorum
1434 1726 1479 1751 per
1496 1723 1600 1744 nostros
1618 1719 1700 1744 cultus
1719 1723 1745 1743 et
1763 1726 1852 1750 opera.
1889 1719 1923 1742 Et
1939 1725 1980 1742 res
1998 1721 2089 1749 gestan
2105 1718 2131 1742 in
2150 1716 2233 1742 isi-asi

1251 1757 1311 1777 sunt
1329 1754 1416 1783 imago
1434 1753 1512 1777 futui-i
1531 1757 1614 1778 status
1632 1754 1660 1777 in
1678 1753 1805 1778 Ecclesia.
1842 1752 1966 1777 Videmus
1983 1755 2070 1776 autem
2088 1751 2233 1783 Prophetes

1252 1787 1347 1819 ubique
1371 1793 1461 1812 taxare
1483 1787 1550 1812 hauc
1582 1794 1774 1820 persuasionem
1798 1787 1901 1819 populi.
1923 1787 1968 1819 qni
1991 1786 2137 1812 somniabat
2149 1786 2178 1818 θ)
2203 1792 2234 1810 ee

1253 1823 1344 1846 mereri
1363 1822 1541 1846 remissionem
1560 1827 1726 1854 peccatorum
1744 1829 1791 1854 per
1813 1821 1940 1845 sacrificia
1957 1820 2038 1851 legis,
2061 1825 2088 1844 et
2105 1819 2154 1844 hae
2176 1820 2232 1851 opi·

1252 1858 1330 1881 uione
1349 1857 1497 1881 cumulabat
1511 1857 1538 1889 ο)
1557 1863 1636 1888 opera
1664 1860 1690 1880 et
1708 1856 1801 1880 cuitus.
1837 1855 1876 1879 Ita
1899 1855 1924 1878 iu
1948 1854 2065 1878 Ecclesia
2089 1854 2163 1878 inniti
2186 1860 2231 1878 cx·

1227 1902 1230 1906 ·
1252 1892 1331 1915 istunt
1349 1892 1391 1922 qui
1410 1891 1503 1915 falsam
1521 1891 1714 1922 persuasionem
1735 1891 1767 1920 de
1785 1890 1836 1914 suis
1855 1889 1975 1921 operibus
1998 1893 2025 1912 et
2049 1888 2162 1913 cultibus
2185 1887 2231 1912 ha·

1253 1925 1324 1949 berit.
1364 1925 1468 1950 aion-iit
1496 1929 1581 1949 autem
1608 1931 1656 1949 uos
1684 1925 1818 1955 scriptura,
1846 1931 1878 1947 ne
1905 1922 2069 1947 multitudiue
2095 1923 2233 1955 impiorum

1252 1960 1439 1992 perturbemur.
1476 1960 1516 1983 Ac
1535 1959 1613 1983 facile
1635 1963 1720 1991 potest
1744 1958 1800 1982 fieri
1825 1957 1946 1981 iudicium
1970 1958 2002 1981 de
2026 1957 2118 1988 spiritu
2141 1955 2233 1981 adner-

1252 1995 1388 2018 sariorum.
1426 1993 1550 2018 Videmus
1562 1994 1631 2018 enim
1651 1994 1676 2017 in
1702 1992 1787 2016 multis
1811 1992 1927 2016 articulis
1951 1991 2115 2015 manifestam
2138 1991 2234 2015 nei-ita·-

1254 2033 1305 2052 tcm
1324 2028 1356 2052 ab
1376 2029 1412 2051 eis
1431 2028 1557 2051 damnari.
1594 2027 1649 2052 Nec
1667 2026 1782 2050 offendat
1800 2033 1953 2057 quemqnam
1977 2025 2048 2058 qnod
2072 2025 2123 2050 sibi
2144 2024 2234 2050 tocie-

1253 2064 1307 2087 siae
1325 2069 1420 2087 nomen
1439 2062 1579 2085 uindicant.
1615 2061 1682 2085 Nam
1703 2061 1819 2085 Ecclesia
1837 2060 1934 2085 Christi
1951 2059 2021 2091 apud
2043 2059 2093 2084 hoa
2111 2065 2165 2088 est.
2188 2059 2233 2090 qni

1253 2097 1426 2128 Euangelinin
1445 2095 1541 2120 Christi
1560 2100 1631 2119 recte
1651 2096 1753 2123 docent,
1772 2102 1825 2118 uon
1843 2095 1912 2126 apud
1931 2094 1990 2118 illos
2009 2094 2052 2125 qui
2064 2100 2158 2125 prauae
2176 2093 2233 2126 opi-

1254 2132 1343 2155 niones
1356 2135 1446 2155 contra
1462 2129 1630 2162 Euangelium
1647 2129 1799 2158 defendunt,
1814 2131 1881 2154 sicut
1896 2128 1981 2160 inquit
1998 2127 2134 2153 Dominae.
2164 2126 2234 2153 On·

1255 2172 1327 2190 meae
1345 2172 1437 2189 uocem
1455 2172 1537 2189 meam
1556 2163 1685 2196 audinum]

1573 2281 1634 2313 DE
1657 2280 1917 2313 ncchsssui.

1343 2378 1563 2418 Septimum
1587 2374 1761 2408 articulum
1779 2373 2004 2406 consessionis
2024 2380 2161 2406 nostrae
2177 2373 2234 2405 da·

1257 2426 1467 2458 miiauerunt,
1490 2419 1522 2451 in
1535 2429 1600 2461 quo
1613 2419 1767 2457 diximus.
1788 2415 1975 2450 Ecclesiam
1995 2426 2072 2449 esse
2095 2425 2235 2459 consi-e-

1276 2570 1307 2597 n)
1327 2565 1490 2598 contingant!
1510 2565 1557 2590 td.
1578 2565 1615 2590 ³.:
1634 2563 1768 2594 contingat

1277 2613 1307 2640 o)
1327 2610 1469 2670 sboirmiabat
1494 2628 1500 2634 .
1513 2627 1536 2633 ..
1563 2605 1721 2637 cumulabat}
1747 2605 1793 2630 Sd.
1815 2608 1851 2630 4.;
1876 2605 2041 2630 somniabant
2060 2622 2084 2629 ..
2097 2623 2103 2628 .
2122 2605 2237 2629 nnan-

1347 2650 1393 2670 ant
