2366 2958
136 159 180 192 97
626 156 652 191 l.

136 254 207 284 fidei,
225 253 323 277 dicens.
344 255 366 277 1.
387 252 476 277 Corin.
495 251 570 275 xm.
606 250 698 280 Fides,
722 257 794 282 spes,
819 251 946 281 charitas,
971 253 1020 276 tria
1042 252 1114 283 haec,

135 289 219 312 maior
239 291 324 311 autem
342 287 434 311 hoium
453 286 574 309 charitas.
610 285 670 308 Non
691 285 770 316 igitur
794 285 842 309 soli
861 285 936 316 fidei,
961 286 1006 310 sed
1030 285 1114 311 cbari-

137 323 185 346 tati
203 322 288 354 potius
308 325 334 345 et
353 321 453 352 gratiae
471 319 636 344 attribuenda
654 323 693 342 est
711 318 870 344 iustificatio.
900 320 947 344 Ait
965 320 1114 351 01110111ρο-

136 356 234 385 stolus=
261 355 289 379 Si
317 362 418 379 omnem
446 354 522 377 fidem
551 353 680 382 habuero,
711 354 747 377 ita
773 357 801 377 ut
828 358 928 377 montes
953 354 1114 385 transferam,

136 390 289 414 charitatem
307 394 392 413 autem
410 396 462 413 non
481 388 606 417 habuero,
625 388 689 412 nihil
709 395 773 411 sum.
811 387 926 419 Cumque
951 389 1021 412 idem
1046 389 1116 413 dicat

136 423 236 448 Coloss.
255 424 278 448 3.
310 423 393 455 Super
411 423 498 447 omnia
516 426 601 446 autem
621 421 772 445 charitatem
791 422 892 451 habete,
906 423 1035 446 Lutherus
1054 431 1114 447 con-

137 462 177 482 tra
194 459 239 487 ait,
258 458 335 481 fidem
354 458 454 481 elevare
473 460 576 487 oportet
598 464 675 487 super
694 463 782 480 omnes
806 457 919 480 virtutes.
956 456 985 480 Si
1010 458 1115 488 quando

136 499 198 516 vero
223 493 260 516 ait
282 491 391 521 Paulus,
415 491 495 514 fidem
518 490 669 520 iustificare,
696 494 722 513 et
746 490 822 513 fidem
847 497 904 514 esse
922 491 1049 514 iustitiam
1068 499 1115 515 no-

137 531 224 555 stram,
242 526 352 556 intelligi
372 525 457 554 debet,
475 532 528 549 non
547 525 578 548 de
597 524 648 548 fide
665 524 734 553 sola,
764 531 840 555 quam
868 525 962 555 p01u10
987 525 1115 549 Lutherus

136 561 260 589 obtrudit,
278 560 324 584 sed
343 560 374 583 de
392 558 443 583 fide
462 566 506 590 per
524 559 690 583 dilectionem
709 562 846 590 operante,
870 566 946 590 quarn
971 560 1052 590 vulgo
1070 567 1116 584 vo-

137 602 222 619 camus
241 594 317 618 fidem
336 593 494 625 formatam]

446 702 518 742 [Ad
540 703 662 734 artic.
686 702 812 742 V.]35)
1138 667 1143 758 1

224 781 257 812 ln
282 778 422 812 articulo
447 780 579 821 quinto,
603 779 692 820 quod
715 780 854 821 Spiritus
887 785 1023 812 sanctus
1055 791 1116 822 per
1137 765 1142 814 1

136 825 240 856 verba
273 830 306 855 et
333 828 544 855 sacramenta
572 822 686 860 detur,
720 828 875 864 tanquam
906 833 965 864 per
994 823 1114 855 instru-
1137 829 1141 863 ξ

136 873 256 908 menta,
281 866 526 907 comprobatur·
545 866 597 903 37)
642 864 699 896 Sic
722 865 808 896 enim
831 866 990 906 scriptum
1013 866 1114 898 habe·
1138 876 1142 899 ι

137 915 190 942 tur
214 910 279 940 Act
302 908 362 940 X.:
385 907 506 939 Adbuc
527 905 683 949 loquente
697 909 750 946 3ὃ)
773 909 877 939 verba
900 909 1004 947 llaec,
1028 910 1114 941 ceci·
1138 902 1142 964 J

137 952 184 983 dit
207 952 350 993 Spiritus
363 951 397 982 S.
422 960 523 991 super
535 960 663 988 omnes,
686 952 741 992 qui
765 951 939 982 audierunt
955 954 1007 990 ³⁹)
1031 951 1113 983 Ver·
1138 965 1142 990 ς

137 996 226 1026 bum.
270 994 312 1026 Et
333 994 402 1026 1011.
426 993 466 1025 1.:
499 993 560 1024 Hie
589 999 657 1031 est,
680 994 734 1035 qui
760 995 904 1035 baptizat
931 994 964 1025 in
993 995 1115 1036 Spiritu

137 1038 172 1069 S.
218 1037 316 1073 Quod
339 1043 447 1068 autem
470 1035 546 1067 fidei
569 1036 768 1068 mentionem
792 1037 845 1068 hic
867 1035 1003 1076 faciunt,
1026 1043 1114 1069 eate-

137 1090 201 1113 nus
229 1080 490 1117 admittitur‚⁴⁰)
519 1084 682 1120 quatenus
711 1080 752 1109 de
787 1079 852 1110 fide
869 1082 921 1117 ⁴¹)
949 1090 1016 1111 non
1040 1079 1115 1112 sola
1138 1088 1142 1114 t

138 1127 189 1162 (ut
217 1122 317 1164 aliqui
342 1121 429 1153 male
452 1122 605 1159 docent),
630 1122 690 1152 sed
714 1132 799 1163 quae
822 1132 881 1163 per
905 1122 1115 1155 dilectionem
1139 1121 1143 1177 l

139 1172 295 1207 operatur
325 1169 375 1203 (ut
405 1162 589 1205 Apostolus
616 1169 708 1196 recte
737 1165 835 1196 docet
864 1163 939 1196 Gal.
971 1164 1114 1205 V.⁴²))‚
1139 1180 1143 1211 ι

139 1207 339 1250 intelligitur.
356 1210 408 1245 ⁴³)
454 1207 487 1237 ln
513 1207 674 1247 baptismo
699 1208 785 1238 enim
817 1218 883 1238 non
914 1206 988 1240 sola
1020 1208 1115 1247 fides,
1139 1214 1143 1248 ῑ

138 1251 199 1282 sed
228 1256 261 1282 et
283 1260 380 1291 spes,
409 1251 549 1286 caritas,
576 1252 728 1290 quaest)
760 1249 858 1281 simul
886 1248 1114 1289 infunduntur,
1140 1251 1143 1275 ἱ

137 1299 174 1325 ut
201 1291 349 1324 declarat
373 1289 565 1322 Alexander
594 1290 704 1332 Papa,
734 1291 772 1323 C.
803 1291 951 1324 Maiores
989 1294 1031 1324 de
1059 1296 1115 1325 ba.-

136 1336 257 1376 ptisino
281 1340 313 1366 et
336 1335 406 1365 eius
430 1333 560 1365 effectu.
577 1335 647 1372 ⁴⁴⁸)
682 1334 780 1369 Quod
800 1340 833 1365 et
855 1333 957 1377 longe
969 1342 1046 1367 ante
1062 1338 1115 1373 ⁴⁵)
1140 1366 1143 1372 ,

137 1379 248 1410 docuit
271 1376 435 1409 lohannes
459 1377 631 1417 Baptista,
656 1377 698 1408 de
711 1375 844 1408 Christo
867 1376 1011 1419 loquens
1034 1378 1116 1411 Luc.
1140 1377 1144 1389 ’

135 1420 189 1452 111.
233 1421 308 1462 lpse
331 1429 394 1451 vos
418 1419 600 1461 baptizabit
622 1419 654 1451 in
678 1418 801 1461 Spiritu
823 1421 859 1452 S.
883 1426 916 1452 et
937 1421 1025 1463 igne.
1042 1423 1095 1460 ⁴⁶)
1140 1393 1145 1454 1

135 1593 182 1626 36)
202 1594 243 1618 Ad
269 1597 316 1617 art.
344 1592 386 1623 V.]
411 1591 502 1616 Coei.
526 1591 553 1614 t'n
575 1592 735 1623 inscriptione
765 1591 861 1617 exhibet
893 1594 967 1618 etiam
990 1594 1126 1625 argumen-v

203 1632 266 1651 tum:
298 1627 339 1651 De
369 1626 513 1650 ministerio
541 1625 690 1657 Evangelii.
713 1627 772 1651 item
798 1627 923 1658 Pflug.:
951 1627 992 1652 De
1019 1628 1119 1660 Spiritu

204 1661 311 1686 Sancto.
994 1678 998 1681 -

136 1703 183 1736 37)
202 1704 232 1728 In
251 1704 361 1728 articulo
380 1703 479 1734 quinto,
499 1703 569 1734 quod
587 1716 620 1720 —
638 1715 672 1721 —
691 1703 896 1736 comprobatur-J
920 1705 1042 1736 Pflug.:
1067 1706 1118 1729 Ar-

201 1739 307 1762 ticulum
337 1738 470 1769 quintum,
493 1737 580 1768 quoad
604 1738 768 1769 praecipuam
797 1739 1001 1773 confessionem,
1024 1740 1054 1764 C.
1080 1739 1117 1764 M.

202 1777 328 1804 acceptat,
347 1772 416 1804 quod
436 1779 473 1802 sp.
493 1779 512 1795 s.
532 1779 577 1803 per
595 1772 675 1795 verba
693 1776 719 1795 ct
736 1777 900 1797 sacramenta
919 1774 995 1797 detur
1019 1782 1035 1798 a
1059 1773 1116 1798 Deo

202 1811 324 1838 tanquam
350 1813 396 1837 per
421 1806 598 1829 instrumenta.
640 1806 739 1829 Mon.:
767 1807 797 1830 In
825 1808 944 1832 Articulo
974 1808 1019 1832 .5⁰.
1048 1809 1118 1840 quod

204 1841 314 1873 Spiritus
334 1840 361 1865 S.
381 1847 427 1871 per
445 1840 524 1863 verba
542 1844 567 1863 et
585 1845 747 1864 sacramenta
765 1842 840 1865 detur
864 1846 984 1874 tanquam
1008 1850 1054 1874 per
1079 1844 1118 1867 iu-

201 1879 351 1904 strumenta,
372 1875 448 1899 Caes.
467 1874 530 1898 Mas
549 1875 708 1906 comprobat.
1041 1876 1047 1881 ⁰

135 1919 182 1950 38)
201 1918 333 1950 loquente]
353 1917 395 1941 Ch
403 1926 418 1949 y
426 1922 463 1941 tr.
472 1935 478 1947 ‚
496 1917 517 1940 F
524 1917 561 1941 ab
569 1925 588 1941 r.
597 1927 602 1941 :
621 1918 744 1949 loquente
761 1917 840 1942 Petro

132 1961 180 1993 39)
199 1961 346 1992 audierunt]
364 1961 385 1985 C
392 1961 408 1984 h
416 1968 431 1992 y
439 1964 474 1984 tr.
484 1979 491 1990 ‚
510 1959 550 1984 Fr
557 1968 571 1984 a
578 1969 594 1984 n
603 1968 616 1983 c
625 1959 649 1984 k.
663 1979 670 1990 ‚
689 1961 714 1985 H
721 1969 736 1985 a
743 1969 778 1986 s.:
797 1962 939 1986 audiebant

132 2004 180 2037 40)
199 2004 364 2035 admittitur,]
382 2003 446 2027 Fab
454 2011 488 2027 r.:
508 2003 677 2035 approbatur,

133 2047 180 2079 41)
200 2046 305 2104 gzfide]
321 2046 492 2077 uieChytr.‚
511 2045 618 2076 Faba,
636 2047 731 2078 Has.,·
749 2047 942 2080 Dess.:fide;
961 2047 1115 2073 Fr:.nck.:

240 2088 266 2105 es

133 2124 180 2156 42)
201 2122 258 2149 Gal.
280 2123 324 2156 V.]
346 2124 471 2154 Chytr.:
491 2123 525 2147 ad
543 2122 651 2147 Galatas
670 2124 772 2155 (omisso
791 2125 882 2157 capitia
899 2125 1011 2157 numero)

134 2167 181 2199 43)
200 2167 376 2198 intelligitur]
395 2167 522 2197 Chytr.‚
541 2166 648 2190 raian:
668 2168 838 2198 intelligatur.

134 2210 181 2244 44)
200 2209 357 2241 caritasque]
388 2209 424 2233 cic
451 2213 516 2234 recte
543 2208 656 2240 Chytr.
668 2228 675 2240 ,
706 2209 810 2240 Febr„
838 2210 993 2241 Franck.,
1022 2211 1116 2242 Has,-

203 2243 312 2268 Dess.:
331 2245 438 2274 caritas,
458 2251 523 2276 quae

134 2287 199 2319 440)
210 2286 360 2310 Alexander
378 2286 465 2318 l'apa,
482 2287 512 2311 C.
533 2286 649 2310 Maiores
672 2287 704 2310 de
727 2287 856 2319 baptismo
875 2292 901 2312 et
925 2290 979 2313 eius
1004 2288 1117 2320 effectu.]

201 2321 286 2352 pot-iun
302 2320 470 2344 Innocentius
487 2320 554 2350 111.,
573 2320 658 2352 Papa,
682 2322 708 2345 in
733 2320 864 2346 Decretal.
890 2321 970 2354 Greg.
996 2322 1044 2348 IX.
1070 2322 1115 2347 lib.

204 2354 252 2379 ΠΙ.
277 2355 316 2379 tit.
337 2354 420 2378 XLII.
448 2354 490 2378 De
517 2355 646 2386 baptismo
666 2360 691 2379 et
710 2356 764 2379 eius
784 2356 889 2386 effectu,
910 2364 965 2389 cap.
985 2357 1027 2387 3.‚
1054 2357 1120 2389 quod

206 2388 305 2413 orditur
322 2398 339 2413 a
358 2395 416 2414 voce
433 2388 549 2413 Maiores
569 2389 639 2421 (vide
657 2389 736 2422 Corp.
756 2390 808 2414 iur.
830 2397 920 2416 canon.
947 2391 988 2416 ed.
1013 2391 1118 2416 Richter

205 2423 235 2447 P.
254 2422 288 2447 11.
308 2431 331 2454 p.
350 2422 521 2454 eis—621).

137 2466 185 2498 45)
204 2465 371 2523 longelante]
390 2467 426 2490 oie
444 2466 573 2497 Chytr.,
591 2465 743 2497 Franck..
768 2467 859 2497 Has.;
878 2468 986 2499 Dese„
1011 2467 1116 2493 Faba:

206 2504 266 2524 ante
295 2507 363 2531 onge

138 2542 186 2575 46)
205 2542 249 2567 Sic
268 2543 336 2566 enim
361 2543 484 2574 scriptum
507 2543 618 2567 babetur
635 2545 695 2568 Act.
714 2544 749 2569 X.
770 2558 802 2562 —
821 2558 854 2562 —
872 2545 900 2568 'm
922 2543 1022 2576 Spiritu
1044 2544 1073 2570 S.
1093 2549 1119 2569 et

208 2576 292 2608 igne.)
308 2585 356 2609 pro
375 2576 412 2601 ln's
430 2576 575 2602 exhibentur
591 2579 618 2602 in
635 2578 745 2609 Pslug.
765 2577 836 2603 haee:
855 2578 907 2603 Sed
925 2579 996 2610 quod
1014 2580 1047 2603 de
1065 2587 1117 2603 me-

207 2611 265 2635 ritis
275 2612 421 2635 inculcatur
430 2613 457 2636 in
467 2612 586 2642 articulo.
602 2613 634 2638 C.
645 2613 681 2637 M.
693 2620 774 2645 seque
785 2613 888 2645 repulit,
897 2617 926 2637 ut
935 2614 1049 2645 priorem
1057 2614 1118 2639 arti-

193 2669 344 2690 namura.
359 2670 442 2690 OPER.
458 2671 520 2690 VOL.
537 2671 624 2692 xxvii.

696 155 979 189 CONFU'rATto
1003 156 1316 192 CONFESSIONIS
1338 161 1655 194 AUGUSTANAE.

1467 256 1539 294 [Ad
1562 257 1682 288 artic.
1706 256 1846 295 V1.]⁴⁷)

1255 337 1352 374 Quod
1375 347 1481 372 autem
1504 341 1645 373 articulo
1669 348 1764 373 sexto
1781 343 1833 379 ⁴⁸)
1863 342 2072 382 confitentur,
2089 346 2145 379 ⁴⁹)

1168 380 1266 412 fidem
1289 382 1410 413 debere
1425 385 1478 417 ⁵⁰)
1501 394 1618 423 parere
1643 386 1749 416 bonos
1768 383 1914 423 fructus,
1938 391 2043 417 ratum
2067 396 2144 428 gra-

1167 429 1302 465 tumque
1323 424 1543 463 babetui·,·“¹)
1575 428 1727 467 quoniam
1744 429 1796 465 512)
1824 427 1909 459 fides
1938 428 2010 459 sine
2040 429 2145 470 operi-

1169 467 1231 497 bus
1264 473 1395 498 mortua
1429 474 1480 499 est
1536 469 1600 500 lac.
1625 469 1682 507 11.,
1713 476 1745 500 et
1770 476 1839 501 tota
1864 470 2036 512 Scriptura
2063 472 2145 503 invi-

1168 514 1215 540 tat
1231 511 1282 545 53)
1324 520 1386 541 nos
1427 511 1469 541 ad
1504 521 1615 552 opera.
1674 512 1757 543 Nam
1791 513 1926 553 sapiens
1956 514 2075 554 inquit:
2091 516 2144 551 ⁶⁴)

1167 550 1399 598 ¹Quodcunque
1420 560 1532 594 potest
1556 564 1672 586 manus
1695 562 1750 586 tua
1766 557 1818 592 ⁵⁵)
1836 556 1960 594 facere,
1982 557 2146 588 instanter

1167 604 1318 635 operare.
1343 595 1432 627 Eccl.
1449 595 1503 627 lx.
1520 598 1534 617 ⁵
1542 599 1572 634 θ)
1608 596 1648 627 Et
1671 597 1762 628 Deus
1775 599 1922 639 respexit
1934 599 1975 629 ad
1989 599 2076 631 Abel
2091 600 2144 636 57)

1167 643 1200 668 et
1222 648 1358 669 munera
1382 639 1464 669 eius.
1489 638 1571 671 Gen.
1593 639 1646 670 lV.
1684 640 1782 677 Vidit,
1805 643 1892 682 quod
1906 640 2076 673 Abraham
2091 643 2143 680 5Β)

1167 686 1406 722 praecepturus
1429 688 1521 713 esset
1537 685 1590 720 ⁵⁹)
1614 680 1688 713 filiis
1707 684 1776 714 suis
1799 690 1831 714 et
1851 685 1959 716 domui
1972 694 2052 716 suae
2065 690 2142 725 post

1139 759 1142 762 Δ
1167 732 1216 761 se,
1239 729 1275 755 ut
1297 725 1486 756 custodiant
1509 725 1594 756 viam
1618 724 1763 764 Domini,
1787 732 1820 757 et
1841 725 1964 758 faciant
1987 727 2141 759 iudicium

1236 887 1380 918 culum,qui
1392 889 1484 911 merita
1502 892 1580 919 negat
1591 888 1690 912 inclusa
1709 890 1794 920 gratis.
1805 889 1862 919 Dei,
1878 897 1936 913 nam
1949 889 2070 914 Cornelio
2087 898 2145 915 cen-

1235 921 1331 944 turioni
1348 922 1414 945 dixit
1430 922 1538 953 angelus
1549 924 1608 946 Act.
1631 923 1676 946 102
1696 922 1833 947 Orationes
1849 928 1873 947 et
1889 925 2066 955 eleemosynae
2086 929 2145 949 tuae

1235 956 1407 979 ascenderunt
1426 957 1451 980 in
1470 958 1618 980 memoriam
1634 957 1660 980 in
1681 963 1819 989 conspectu
1835 958 1894 982 Dei.
1924 958 1971 982 Ille
1993 964 2078 982 tamen
2103 959 2148 983 ad-

1235 989 1284 1013 huc
1303 994 1357 1013 erat
1377 991 1482 1020 genti-lis
1502 996 1527 1014 et
1546 991 1671 1015 ethnicus.
1691 992 1826 1016 Existimat
1847 1000 1947 1024 quoque
1973 993 2003 1016 C.
2025 992 2060 1016 M.
2083 993 2150 1017 hanc

1236 1024 1424 1048 consessionem
1452 1032 1507 1048 esse
1535 1025 1687 1049 diminutam
1714 1026 1739 1049 in
1766 1034 1811 1056 eo,
1840 1027 1909 1058 quod
1928 1028 2043 1051 meminit
2068 1028 2147 1051 solius

1236 1058 1296 1082 fidei
1315 1066 1360 1089 per
1383 1059 1542 1083 sacerdotem
1563 1060 1653 1089 datae,
1673 1068 1750 1091 quum
1774 1062 1850 1084 etiam
1878 1061 1989 1085 charitas
2015 1066 2145 1092 praestan-

1236 1093 1286 1116 tior
1306 1097 1330 1116 et
1348 1093 1460 1117 nobilior
1479 1094 1553 1117 detur
1572 1101 1616 1124 per
1635 1095 1806 1125 baptismum:
1826 1095 1871 1119 illa
1884 1096 1950 1119 enim
1970 1096 2062 1120 dividit
2080 1096 2145 1119 inter

1235 1126 1303 1150 tilios
1322 1127 1386 1150 lucis
1406 1131 1431 1151 et
1449 1128 1610 1158 perditionis.
1647 1129 1709 1152 Ideo
1737 1130 1756 1152 si
1780 1129 1873 1153 infanti
1898 1130 1924 1153 in
1949 1130 2076 1162 baptismo
2101 1130 2144 1154 (10-

1236 1165 1307 1184 retur
1337 1162 1393 1185 sola
1421 1161 1483 1185 fides
1508 1163 1562 1186 sine
1588 1163 1725 1192 charitate,
1750 1171 1813 1195 puer
1837 1165 1885 1188 iste
1910 1171 1962 1188 non
1988 1168 2054 1188 esset
2078 1164 2145 1189 filius

1236 1195 1307 1224 lucis,
1327 1196 1500 1229 expelleretur
1519 1204 1559 1226 eo,
1579 1197 1649 1228 quod
1669 1201 1739 1221 veste
1755 1199 1862 1229 nuptiali
1875 1203 1981 1228 careret,
2000 1198 2091 1223 Matth.
2104 1198 2147 1222 22.

1238 1229 1311 1252 Hane
1331 1238 1391 1253 vero
1411 1230 1564 1254 catholicam
1588 1231 1664 1254 fidem
1689 1233 1808 1262 agnoscit
1833 1232 1862 1257 C.
1881 1232 1918 1256 M.
1945 1240 2020 1264 quam
2044 1234 2099 1256 vult
2125 1237 2152 1257 et

1236 1263 1369 1294 Principes
1399 1265 1551 1288 observare:
1579 1266 1605 1289 in
1632 1266 1759 1298 baptismo
1788 1266 1881 1290 infanti
1909 1267 1998 1296 fidem,
2023 1274 2093 1298 spem
2124 1272 2150 1290 et

1238 1297 1388 1322 charitatem
1408 1300 1543 1329 praestari,
1564 1303 1591 1322 ut
1610 1300 1760 1324 Alexander
1778 1301 1849 1332 Papa
1869 1301 1959 1324 definit
1984 1301 2013 1325 C.
2034 1301 2148 1325 Maiores

1239 1332 1271 1355 de
1290 1332 1416 1363 baptismo
1438 1337 1462 1357 et
1481 1334 1536 1357 eius
1555 1333 1654 1358 effectu.
1694 1334 1727 1358 Et
1745 1336 1781 1359 sic.
1800 1339 1870 1358 tenet
1889 1340 1915 1359 et
1935 1335 2011 1360 docet
2030 1339 2086 1360 tota
2106 1343 2147 1359 ec-

1238 1367 1317 1390 clesia
1334 1367 1457 1392 fidelium.
1496 1368 1577 1392 Mon.
1602 1376 1658 1392 vero
1678 1376 1725 1401 pro
1750 1369 1782 1392 iis
1806 1368 1878 1394 habet
1901 1369 1989 1395 haecce
2013 1378 2029 1393 (ι
2053 1370 2154 1394 Dess.

1238 1401 1314 1424 multo
1336 1402 1415 1425 minus
1439 1401 1550 1426 diversa:
1576 1401 1653 1430 Quod
1678 1408 1763 1427 autem
1786 1403 1847 1427 fidei
1871 1405 2028 1428 mentionem
2050 1404 2150 1429 faciunt

1238 1434 1382 1466 Principes,
1401 1436 1475 1460 Caes.
1494 1436 1557 1460 Mtas
1577 1441 1682 1460 eatenus
1700 1438 1819 1467 admittit,
1838 1443 1963 1469 quatenus
1982 1439 2014 1462 (10
2027 1434 2078 1462 fide
2097 1446 2151 1462 non

1238 1469 1306 1498 sola,
1325 1473 1353 1492 ut
1377 1477 1466 1493 eorum
1490 1470 1696 1494 Coneionatores
1720 1472 1786 1496 male
1810 1472 1919 1503 docent⁷
1944 1473 1990 1496 sed
2012 1480 2078 1504 quae
2105 1480 2152 1505 per

1239 1504 1405 1527 dilectionem
1424 1508 1554 1535 operatur,
1564 1509 1591 1528 ut
1601 1505 1741 1536 Apostolus
1760 1510 1829 1530 recte
1849 1507 1926 1531 docet
1945 1507 1978 1532 ad
1997 1506 2103 1531 Galatas
2116 1507 2151 1538 5.,

1239 1538 1406 1569 intelligatur.
1441 1539 1472 1562 In
1492 1539 1617 1570 baptismo
1638 1541 1706 1563 enim
1724 1548 1777 1564 non
1796 1542 1852 1565 sola
1870 1541 1948 1572 fides,
1973 1542 2018 1566 sed
2041 1545 2067 1565 et
2091 1549 2151 1574 spes

1238 1573 1384 1604 caritasque
1395 1573 1469 1597 simul
1490 1573 1669 1601 infunduntur,
1689 1575 1725 1597 uti
1745 1575 1860 1599 declarat
1870 1575 2019 1600 Alexander
2032 1576 2102 1607 Papa
2117 1576 2149 1601 C.

1238 1607 1298 1640 [pro
1317 1607 1346 1632 C.
1366 1608 1456 1631 calami
1473 1615 1558 1632 errore
1570 1608 1675 1640 leqitur:
1694 1608 1732 1640 5.]
1745 1608 1856 1633 Maiores
1869 1610 1901 1633 (10
1919 1610 2047 1642 baptismo
2060 1613 2085 1633 et
2098 1611 2154 1635 eius

1239 1641 1339 1670 effectu,
1367 1642 1436 1673 quod
1465 1646 1490 1666 et
1516 1643 1595 1674 longe
1623 1647 1699 1667 antea
1726 1644 1814 1668 docuit
1840 1644 1951 1668 Ioannes
1974 1643 2092 1677 Baptista
2120 1646 2154 1669 de

1239 1676 1344 1699 Christo
1372 1677 1480 1708 loquens
1504 1677 1567 1701 Luc.
1592 1676 1616 1702 3.
1643 1677 1703 1708 Ipse
1730 1685 1791 1703 vero
1816 1678 1954 1711 baptisavit
1978 1679 2079 1711 [calami
2098 1686 2147 1704 err.

1237 1718 1296 1742 pro:
1317 1711 1467 1742 baptizabit]
1489 1712 1516 1735 in
1535 1712 1626 1743 spiritu
1645 1716 1735 1736 saneto
1755 1716 1781 1736 et
1799 1713 1866 1743 igne.

1170 1754 1216 1786 47)
1237 1754 1278 1777 Ad
1298 1757 1346 1777 art.
1373 1753 1431 1785 V1.]
1455 1753 1544 1777 Coel.
1569 1756 1595 1778 in
1617 1755 1776 1788 inscriptione
1805 1754 1848 1779 hoc
1872 1756 1941 1780 addit
1966 1760 2145 1788 arqumentum:

1240 1787 1280 1811 De
1299 1788 1375 1811 bonis
1395 1788 1530 1820 operibus,
1549 1789 1656 1820 Pflug.
1676 1793 1756 1815 autem
1773 1788 1857 1815 hocce:
1878 1790 1919 1814 De
1942 1791 1993 1815 fide
2018 1794 2044 1815 et
2069 1792 2146 1816 bonis

1241 1823 1373 1854 operibus.

1169 1865 1217 1897 48)
1236 1865 1345 1889 articulo
1364 1865 1450 1897 sexto]
1470 1865 1576 1890 Faba:
1595 1871 1672 1890 sexto
1692 1867 1811 1891 Articulo

1170 1908 1216 1939 49)
1236 1907 1411 1938 coniitentur‚]
1430 1908 1549 1939 Psiug.,
1568 1909 1668 1933 Mon.:
1688 1909 1821 1941 Principes
1841 1910 2006 1940 confitentur,

1168 1951 1216 1981 50)
1236 1950 1343 1982 debere]
1363 1951 1389 1974 in
1406 1950 1470 1975 Fal>
1479 1959 1501 1975 r.
1522 1951 1598 1976 deest.

1169 1994 1216 2026 51)
1236 1997 1318 2018 ratum
1339 1998 1491 2025 gratumque
1511 1994 1639 2026 habena-‚1
1659 1994 1783 2027 Pslug.:
1803 1996 1833 2021 C.
1851 1996 1974 2020 Maiestas
1992 2001 2073 2021 ratam
2092 2004 2151 2028 gra-

1238 2032 1341 2059 tamque
1359 2028 1438 2052 habet
1457 2028 1524 2052 hanc
1543 2029 1745 2060 consessionem,
1763 2030 1861 2055 Mon.:
1881 2030 1910 2055 C.
1930 2030 2052 2056 Maiestas
2071 2035 2153 2056 ratum

1239 2067 1341 2094 gratum
1359 2062 1445 2093 habet,

1168 2105 1216 2137 52)
1235 2105 1351 2136 habetur,
1370 2106 1507 2138 quoniam]
1526 2106 1635 2132 Fabr.:
1654 2107 1770 2132 habetur.
1809 2107 1878 2137 Quin

1169 2149 1216 2180 53)
1235 2148 1337 2181 invitat]
1358 2149 1480 2180 Pflug.:
1500 2150 1608 2173 remittit
1627 2150 1726 2181 (Mon.
1746 2160 1780 2174 =
1798 2150 1906 2183 Dess.)

1168 2191 1429 2258 54)1I·J)Z11s18s)apiens
1454 2192 1563 2225 inquit:]
1589 2193 1714 2224 Pslug.:
1739 2198 1767 2217 ut
1791 2195 1892 2225 sapiens
1921 2195 1968 2218 ait:
1996 2193 2096 2225 (Mon.
2116 2203 2151 2218 =

1169 2269 1216 2301 55)
1235 2274 1321 2300 potest
1339 2277 1429 2293 manus
1449 2269 1504 2302 tua]
1529 2269 1656 2301 Chytr.,
1675 2271 1783 2295 Fabr.:
1803 2278 1893 2295 manus
1913 2276 1956 2294 tua
1973 2275 2057 2302 potest

1168 2312 1215 2345 56)
1236 2311 1415 2344 Quodcunque
1503 2320 1622 2344 operare.
1650 2313 1720 2337 Eccl.
1746 2313 1808 2345 1x.]
1833 2315 1868 2337 sic
1892 2313 2021 2344 Chytr.‚
2045 2313 2151 2344 Fabr..

1238 2347 1389 2377 Franck.,
1416 2347 1506 2375 Has.,
1534 2347 1636 2378 Mon.,·
1664 2347 1756 2372 Dess.
1783 2348 1859 2372 male:
1891 2347 2070 2379 Quodcunque
2107 2366 2149 2373 ...

1238 2389 1355 2413 operare.
1380 2382 1452 2406 Eccl.
1479 2381 1571 2413 XIX.;
1601 2382 1721 2413 Pt'lug.:
1750 2383 1896 2406 Ecclesiast.
1921 2382 1944 2406 9.
1971 2382 2149 2415 Quodcunque

1261 2434 1283 2439 ..
1306 2423 1424 2447 operare.

1169 2459 1216 2490 57)
1235 2457 1269 2482 Et
1294 2457 1507 2491 Deus⁰respexit
1534 2460 1568 2483 ad
1593 2459 1671 2491 Abell
1702 2458 1821 2490 Pflug.:
1847 2459 1918 2483 Deus
1947 2460 2013 2484 enim
2039 2459 2149 2484 libenter

1238 2494 1327 2525 aspicit
1346 2501 1427 2525 opera
1444 2497 1533 2518 nostra
1550 2494 1625 2523 bona,
1644 2495 1709 2517 sicut
1727 2494 1841 2525 respexit
1864 2495 1890 2518 in
1909 2493 1976 2518 Abel
2001 2493 2099 2526 (Mon.
2117 2503 2153 2518 =

1238 2528 1349 2559 Dess.)

1170 2571 1216 2603 58)
1237 2571 1317 2601 Vidit,
1336 2571 1404 2602 quod
1424 2571 1566 2603 Abraham}
1587 2571 1693 2594 Fabr.:
1714 2570 1834 2603 viditque
1852 2571 1984 2596 Abrabam
2002 2571 2073 2603 quod

1157 2613 1216 2646 ,59)
1236 2613 1313 2647 esset]
1334 2614 1457 2645 rung„
1476 2613 1574 2638 Mem:
1594 2617 1649 2638 erat

1935 2665 1948 2689 '1
