2366 2958
136 188 202 222 515

140 284 224 321 fide,
246 287 382 324 propter
404 280 571 313 Christum
595 278 804 312 reconciliari
826 277 918 315 Deo,
947 284 979 309 et
1001 276 1117 308 iustifi-

144 327 230 365 cari,
262 325 339 366 quia
361 323 512 356 homines
535 321 727 354 naturaliter
749 322 794 352 ita
815 321 977 358 iudicant,
1010 319 1117 351 Deum

143 378 204 410 per
227 377 329 408 opera
351 366 550 408 placandum
574 375 661 396 esse.
707 363 778 395 Nec
802 364 890 394 videt
914 363 998 394 ratio
1021 361 1117 393 aliam

144 411 319 447 iusticiam,
344 420 441 451 quam
466 408 627 440 iusticiam
650 406 734 448 legis
758 404 898 438 ciuiliter
919 403 1117 437 intellectae.

145 453 222 484 ldeo
246 461 378 494 semper
401 452 582 482 extiterunt
603 450 635 480 in
649 449 770 480 mundo
784 449 839 491 qui
851 448 938 479 hanc
951 445 1118 479 carnalem

144 496 308 527 iusticiam
332 493 438 525 solam
467 494 649 524 docuerunt
679 501 842 532 oppressa
872 491 1003 522 iusticia
1032 489 1120 528 fidei,

146 545 179 569 et
202 537 288 569 tales
313 538 468 568 doctores
492 545 624 576 semper
646 535 789 566 existent
811 534 918 565 etiam.
954 533 1042 564 ldem
1065 542 1120 564 ac-

146 581 224 613 cidit
254 581 286 612 in
313 577 437 620 populo
467 577 578 609 lsrael.
627 577 771 608 Maxima
801 575 913 618 populi
943 585 1022 616 pars
1046 585 1120 606 sen-

148 625 255 655 ciebat
278 633 315 654 se
338 632 397 663 per
420 631 481 652 sua
504 631 605 661 opera
627 619 745 651 mereri
764 620 991 650 remissionem
1002 628 1120 659 pecca-

147 673 274 703 torum,
304 662 514 696 cumulabant
543 662 726 700 sacrificia,
756 668 789 693 et
811 660 929 693 cultus.
975 660 1122 692 Econtra

150 708 338 749 Prophetae
351 708 504 738 damnata
518 704 573 736 illa
587 705 752 746 opinione,
772 705 939 736 docebant
958 703 1121 735 iusticiam

148 752 235 782 fidei.
270 751 311 781 Et
335 759 389 780 res
413 755 527 791 gestae
550 749 582 779 in
606 747 731 789 populo
757 746 859 778 lsrael
882 753 959 778 sunt
972 743 1122 786 exempla

150 804 263 825 eorum
283 802 369 834 quae
387 792 419 822 in
433 791 587 822 Ecclesia
609 791 717 821 futura
740 789 883 821 suerunt.
919 789 1033 829 ltaque
1055 797 1122 818 non

150 837 321 878 perturbet
344 835 415 875 pias
435 841 563 865 mentes
576 832 749 865 multitudo
764 832 1044 868 aduersariorum,
1068 830 1123 871 qui

151 885 300 910 nostram
313 878 496 908 doctrinam
515 877 711 918 improbant.
745 873 856 906 Facile
876 874 964 905 >enim
986 872 1123 904 iudicari

153 923 193 952 de
207 921 447 962 spiritueorum
461 925 584 961 potest,
607 919 684 960 quia
707 919 738 949 in
763 917 958 959 quibusdam
972 913 1123 950 articulis

101 967 110 975 ’
153 966 237 996 adeo
262 964 469 1004 perspicuam
499 970 529 993 et
559 959 764 992 manifestam
793 960 964 991 veritatem
991 958 1125 988 damna-

153 1012 282 1044 uerunt,
306 1012 342 1037 vt
364 1005 472 1046 palam
491 1010 649 1046 appareat
669 1002 953 1042 eoruininipietas.
988 1000 1072 1031 Nam
1095 1004 1126 1030 et

153 1048 252 1082 Bulla
280 1048 403 1080 Leonis
433 1048 550 1079 decimi
579 1046 745 1077 damnauit
779 1043 954 1076 articulum
987 1042 1126 1074 maxime

152 1091 389 1128 necessarium,
412 1101 508 1132 quem
528 1099 641 1120 omnes
655 1088 833 1119 Christiani
847 1092 980 1118 teneant
1001 1091 1033 1117 et
1057 1095 1127 1116 cre-

153 1137 244 1173 dant,
267 1133 430 1173 videlicet,
454 1133 528 1163 Non
552 1141 630 1163 esse
655 1129 886 1161 confidendum
911 1129 1001 1171 quod
1023 1128 1126 1159 simus

153 1177 297 1210 absoluti
319 1183 455 1217 propter
477 1181 626 1206 nostram
646 1173 893 1210 contricionem,
917 1172 978 1204 sed
992 1176 1128 1211 propter

152 1223 289 1252 verbum
325 1218 458 1249 Christi.
515 1217 744 1257 Quodcunque
778 1214 936 1259 ligaueris
971 1223 1033 1245 etc.
1086 1212 1128 1244 Et

153 1273 241 1295 nunc
269 1264 300 1293 in
333 1262 397 1292 hoc
426 1267 592 1292 conuentu
628 1267 764 1290 autores
798 1256 1037 1291 confutationis
1071 1256 1126 1286 da-

154 1310 350 1338 mnauerunt
381 1304 504 1344 apertis
528 1302 640 1334 verbis
665 1301 730 1333 hoc
753 1302 842 1343 quod
866 1300 962 1331 fidem
985 1300 1126 1330 diximus

153 1355 279 1391 partem
303 1356 379 1378 esse
400 1346 618 1388 poenitentiae
626 1368 637 1383 ,
667 1355 732 1386 qua
757 1343 990 1385 consequimur
1013 1342 1127 1373 remis·

153 1393 279 1424 sionem
290 1396 514 1431 peccatorum,
527 1394 559 1419 et
571 1388 732 1421 vincimus
745 1394 891 1418 terrores
903 1391 1129 1427 peccatorum,

153 1442 185 1467 et
214 1433 421 1466 conscientia
449 1438 568 1472 pacata
598 1431 754 1461 redditur.
812 1430 895 1465 Quis
924 1434 1033 1460 autem
1061 1436 1128 1458 non

153 1479 242 1509 videt
264 1475 352 1507 hunc
370 1474 557 1512 articulum,
579 1474 667 1515 quod
682 1473 746 1504 fide
759 1481 1003 1513 consequamur
1014 1470 1129 1501 remis-

153 1523 280 1552 sionem
310 1524 541 1560 peccatorum,
572 1516 799 1554 verissimum,
828 1515 1066 1551 certissimum,
1097 1517 1129 1543 et

152 1564 294 1595 maxime
306 1561 533 1593 necessarium
547 1569 624 1591 esse
637 1559 789 1590 omnibus
803 1557 1015 1590 Christianis.
1044 1555 1128 1590 Quis

153 1607 195 1638 ad
220 1615 348 1637 ornnem
371 1603 600 1645 posteritatem
623 1602 778 1640 audiens,
807 1599 906 1632 talem
930 1599 1129 1630 sententiam

155 1650 341 1680 damnatam
365 1656 440 1677 esse
463 1645 619 1677 iudicabit
640 1651 775 1676 autores
803 1643 900 1675 huius
932 1642 1129 1673 condemna·

155 1693 254 1723 tionis
278 1689 376 1721 vllam
395 1688 518 1720 Christi
541 1688 696 1719 noticiam
720 1686 900 1718 habuisse?
934 1685 976 1716 Et
1000 1684 1041 1715 de
1064 1683 1129 1725 spi-

156 1735 220 1766 ritu
243 1743 356 1764 eorum
380 1732 572 1764 coniectura
595 1730 663 1761 fieri
694 1735 804 1772 potest
833 1740 873 1760 ex
902 1727 959 1759 illa
986 1727 1130 1758 inaudita

156 1776 362 1813 crudelitate,
385 1786 481 1816 quam
506 1779 639 1805 constat
663 1783 733 1810 εοε,
756 1773 787 1804 in
813 1773 921 1803 bonos
944 1771 1035 1808 viros
1059 1768 1129 1810 plu—

157 1822 257 1851 rimos
282 1820 439 1849 hactenus
463 1817 664 1848 exercuisse.
717 1815 755 1846 Et
785 1815 976 1856 accepimus
1004 1813 1036 1843 in
1066 1813 1130 1843 lioc

156 1869 342 1899 conuentu,
364 1861 526 1902 quendam
551 1859 780 1890 Reuerendum
805 1865 930 1899 patrem
954 1857 986 1887 in
1012 1862 1130 1886 senatu

157 1905 286 1947 lmperij
320 1915 393 1935 cum
423 1904 464 1934 cle
495 1908 609 1933 nostra
634 1901 847 1933 consessione
870 1899 1062 1931 sentenciae
1086 1898 1131 1928 di-

158 1958 326 1987 cerentur,
350 1947 491 1983 dixisse,
516 1944 640 1977 nullum
665 1945 726 1975 sibi
752 1942 923 1975 consilium
947 1942 1051 1973 videri
1074 1941 1130 1971 vti-

158 1991 233 2029 lius,
257 2001 352 2032 qnam
377 1991 404 2020 si
428 1989 470 2019 ad
494 1987 751 2024 consessionem,
775 1997 871 2028 quain
891 1993 953 2017 nos·
968 1983 1130 2015 exhibuis-

157 2044 268 2065 semus
293 2038 474 2064 atramento
500 2032 668 2072 scriptam,
693 2031 855 2072 sanguine
879 2028 1130 2059 rescriberetur.

158 2077 242 2112 Quid
257 2076 380 2107 diceret
393 2073 560 2105 crudelius
576 2072 748 2104 Phalaris?
781 2074 894 2113 ltaque
914 2072 1000 2102 lianc
1014 2079 1131 2100 vocem

158 2118 306 2151 nonnulli
326 2119 421 2149 etiam
438 2117 609 2157 Principes
623 2117 851 2147 indicauerunt
865 2114 1030 2155 indignum
1044 2122 1132 2149 esse,

158 2173 242 2204 quim
270 2163 301 2192 in
332 2160 389 2191 tali
419 2169 582 2190 conset-sn
613 2159 793 2195 (liceretur,
830 2159 940 2192 Quare
976 2157 1074 2187 etiam
1104 2155 1132 2185 si

158 2205 322 2237 vindicant
353 2203 414 2233 sibi
445 2202 630 2243 aduersarij
656 2212 773 2231 nomen
798 2199 991 2236 Ecclesiae,
1023 2204 1132 2229 tumen

159 2259 221 2280 nos
247 2250 390 2278 sciamus
415 2243 598 2276 Ecclesiam
621 2244 743 2274 Flu-isti
768 2243 854 2284 npml
879 2243 940 2273 lios
965 2252 1054 2278 esse,
1079 2242 1132 2282 qui

159 2289 378 2330 Euangelium
392 2287 514 2320 Christi
530 2289 661 2323 dorent,
680 2297 745 2317 nnn
759 2287 812 2327 qui
826 2296 947 2327 prnuns
961 2285 1133 2325 opiniones

159 2342 275 2364 contra
289 2330 504 2371 Euangeliou:
528 2330 719 2367 defendunt,
743 2330 827 2360 sicut
843 2330 943 2369 inquit
959 2327 1134 2364 Dominus,

161 2379 251 2407 (lues
274 2385 364 2406 nicae
389 2385 505 2405 vocem
530 2384 633 2404 nit-nin
658 2372 804 2403 andiunt.
860 2371 895 2402 Et
927 2370 1133 2412 Augustinus

162 2421 214 2450 ait.
256 2417 418 2454 Quaestio
443 2424 491 2447 est
519 2417 571 2447 viil
593 2417 632 2446 sit
656 2414 831 2446 Ecclesia?
871 2414 956 2448 Quid
983 2424 1064 2454 ergo
1088 2411 1135 2443 sn-

161 2462 244 2494 ‹ttnri
270 2472 390 2491 snmus.
439 2459 472 2490 ln
497 2460 606 2490 verbis
633 2458 756 2489 nostris
781 2468 851 2488 enni
877 2457 1057 2497 quan-sinui
1080 2465 1134 2485 su-

162 2515 251 2539 mna.
279 2515 319 2534 an
351 2505 381 2534 in
413 2503 522 2533 verbis·
550 2502 665 2543 cnpitis
694 2502 744 2531 sini
769 2499 902 2531 Domini
932 2499 1035 2529 nostri
1061 2498 1134 2529 lesu

163 2548 310 2578 finiani!
334 2553 412 2586 puto
437 2546 524 2586 qnod
551 2546 582 2575 in
607 2544 694 2575 illins
719 2545 830 2575 verbis
854 2552 1013 2584 qnam-cro
1038 2541 1134 2571 ‹lebe-

163 2601 235 2621 mns
259 2590 312 2631 qui
337 2589 459 2618 vui-itas-
484 2595 545 2620 cst.
570 2594 600 2618 rt
624 2589 744 2628 optimc
768 2587 858 2617 nouit
884 2596 1004 2624 corpus
1028 2594 1135 2615 sunm.

165 2633 305 2664 Proinde·
332 2642 395 2662 non
420 2633 607 2671 perturbent
633 2642 693 2661 nos
718 2629 836 2661 iudicia
856 2627 1136 2663 aduersariorum,

587 185 702 219 PmL.
725 185 827 218 MEL.
850 183 1036 217 sthP‘rA
1058 181 1327 215 DoGMATICA
1348 180 1405 214 ET
1426 181 1699 214 SYMBOLch.

2082 179 2147 212 516

1169 286 1244 308 cum
1265 275 1427 306 humanas
1451 275 1627 316 opiniones
1646 279 1764 306 contra
1774 272 2004 316 Euangehum,
2029 279 2147 306 contra

1169 319 1380 350 autoritatem
1420 322 1613 349 sanctorum
1656 315 1791 348 Patrum
1830 317 1886 358 qui
1925 317 1958 348 in
1992 315 2148 349 Ecclesia

1169 361 1392 435 geppsgrunt,
1435 366 1551 391 contra
1592 360 1720 401 piarum
1763 360 1918 392 mentium
1962 359 2150 391 testimonia

1194 413 1212 435 e
1228 413 1269 435 en
1296 408 1365 434 unt.

1174 544 1262 564 tantur
1280 539 1403 562 aduersus
1422 546 1470 562 nos
1490 544 1515 562 et
1533 539 1602 563 aliae
1621 539 1747 570 quaedam
1772 539 1933 568 sententiae,
1953 542 1998 563 eec-
2023 541 2045 563 et
2063 538 2089 562 in
2106 537 2153 562 hae

1168 581 1230 606 pay.
1254 573 1314 597 516.
1340 573 1383 597 Iin-
1405 573 1430 597 3.
1460 572 1546 603 finitur
1567 572 1663 598 verbis:
1687 573 1837 597 testimonia
1859 573 2007 597 defendunt.
2032 571 2054 596 Ιι.
2080 573 2097 596 1.
2122 580 2154 597 et

1173 608 1222 632 Ed.
1245 607 1315 632 1531.
1334 607 1365 630 4⁰
1382 615 1479 636 recusa,
1498 609 1523 630 in
1542 607 1590 631 Ed.
1614 607 1688 631 1531.
1714 606 1744 631 8⁰
1767 607 1805 631 n'c
1828 611 1965 632 retractata
1990 611 2012 632 et
2030 607 2090 639 sere
2110 607 2154 631 t't'o-

1173 642 1227 666 dem
1246 640 1328 666 verbi·
1345 643 1371 665 in
1391 641 1471 665 Editt.
1494 642 1568 666 1⁵40.
1588 641 1619 665 4⁰
1638 645 1661 666 et
1681 642 1755 665 1542.
1776 641 1806 665 8⁰
1823 642 1930 674 reperim
1949 647 1997 666 est:

1240 504 1321 537 [Haec
1336 505 1472 537 particula,
1490 513 1554 536 quae
1567 513 1629 538 paq.
1651 505 1710 528 492.
1730 505 1773 529 lin.
1794 505 1818 528 3.
1840 505 1927 537 incipit
1951 513 1967 528 α
1985 502 2080 529 verbis:
2108 502 2151 529 Ci-

1243 701 1363 725 Citantur
1383 705 1474 724 contra
1491 708 1538 724 nos
1558 705 1583 724 et
1601 701 1667 724 aliae
1685 701 1834 724 sentenciae
1852 701 1884 724 de
1903 701 2030 732 operibus.
2057 701 2154 725 Danie-

1175 735 1205 759 lis
1224 735 1249 760 4.
1265 736 1290 766 ¹)
1315 735 1428 759 Peccata
1446 739 1489 758 tua
1512 735 1665 766 elemosynis
1685 735 1790 759 redime.
1817 735 1851 758 Et
1872 735 1967 759 Esaiae
1986 736 2028 759 58.
2051 734 2155 767 Frange

1176 770 1300 792 esurienti
1329 776 1421 800 panem
1450 775 1535 799 tuum,
1563 774 1624 793 tunc
1648 769 1797 797 inuocabis,
1822 774 1848 792 et
1872 769 2001 793 Dominus
2024 770 2155 794 exaudiet.

1175 803 1262 827 Lucae
1281 803 1305 826 6.
1330 803 1474 832 Remittite‚
1500 807 1526 826 et
1543 805 1687 827 remittetur
1711 804 1794 827 uobis.
1820 803 1914 827 naeth.
1934 803 1958 827 6.
1982 802 2056 827 Beati
2081 805 2156 828 mise-

1176 837 1302 866 ricordes,
1321 838 1383 868 quia
1400 838 1604 861 misericordiam
1625 841 1822 868 consequentur.

1246 872 1289 894 Ad
1306 871 1353 894 has
1373 871 1518 895 sentencias
1537 876 1562 895 et
1580 872 1675 896 similes
1701 873 1733 895 de
1752 872 1885 903 operibus,
1910 873 2020 903 primum
2044 871 2094 896 hoc
2116 879 2157 896 re-

1177 905 1342 936 spondemus,
1362 906 1432 935 quod
1451 912 1529 936 supra
1554 906 1650 929 dictum
1675 911 1727 935 est,
1752 906 1834 937 legem
1860 913 1912 929 non
1938 913 1998 930 uere
2022 906 2078 930 fieri
2101 907 2159 931 sine

1151 961 1154 966 ,
1177 939 1243 968 fide,
1270 945 1318 962 nec
1343 939 1444 969 placere
1468 940 1518 962 nisi
1542 943 1647 971 propter
1671 940 1747 963 fidem
1771 941 1796 964 in
1822 940 1963 969 Christum,
1988 941 2060 964 iuxta
2084 941 2157 972 illud,

1178 974 1240 997 stne
1266 979 1307 996 me
1331 971 1396 996 nihil
1421 973 1528 1004 potestis
1551 973 1651 1003 fauere,
1674 974 1752 1004 Item,
1777 974 1840 999 Sine
1866 974 1916 998 fide
1935 975 2097 1006 impossibile
2121 979 2160 999 est

1178 1008 1282 1038 placere
1300 1006 1368 1030 Deo.
1405 1005 1485 1036 Item,
1503 1007 1552 1030 Per
1571 1007 1702 1032 Christum
1720 1007 1841 1032 habemus
1860 1015 1990 1032 accessum
2009 1015 2054 1040 per
2072 1009 2158 1034 fidem.

1178 1042 1268 1071 Itaque
1292 1040 1396 1072 quoties
1420 1041 1585 1071 requiruntur
1610 1046 1635 1064 et
1658 1041 1800 1072 probantur
1824 1049 1919 1073 opera,
1946 1043 2095 1067 addendum
2120 1047 2161 1068 est

1180 1075 1351 1106 Euangelium
1371 1075 1403 1098 de
1422 1073 1536 1099 Christo.

1247 1109 1386 1138 Secundo,
1416 1108 1464 1132 hae
1491 1109 1642 1132 sentenciae
1673 1116 1736 1140 quas
1763 1110 1840 1141 paulo
1867 1113 1927 1133 ante
1954 1111 2162 1141 commemoraui,

1180 1143 1234 1167 ‘ere
1262 1147 1322 1167 sunt
1350 1143 1487 1166 contiones
1515 1144 1699 1174 poenitentiae.
1749 1143 1877 1168 Constant
1904 1144 1971 1168 enim
1999 1151 2032 1168 ex
2062 1144 2161 1169 duabus

1180 1178 1308 1209 partibus,
1327 1177 1423 1200 habent
1446 1177 1526 1201 inicio
1551 1178 1769 1208 praedicationem
1795 1178 1877 1209 legis,
1902 1185 1967 1209 quae
1990 1179 2078 1209 arguit
2102 1186 2161 1210 pec-

1180 1216 1246 1241 cata,
1266 1217 1292 1235 et
1309 1213 1381 1235 iubet
1398 1211 1464 1235 bene
1483 1213 1594 1242 operari.
1630 1211 1735 1236 Deinde
1754 1216 1792 1236 est
1810 1212 1900 1236 addita
1917 1213 2061 1244 promissit).
2098 1212 2161 1238 Cer·

1179 1247 1302 1271 tissimum
1323 1250 1362 1269 est
1380 1250 1466 1269 antem
1484 1246 1510 1269 in
1535 1247 1729 1277 praedicatione
1754 1247 1945 1277 poenitenciae,
1968 1254 2020 1271 non
2043 1247 2163 1272 sufficere

1151 1273 1156 1309 Ι
1179 1281 1398 1312 praedicationem
1425 1280 1503 1310 legis,
1533 1287 1599 1311 quae
1625 1285 1724 1304 tantum
1754 1285 1835 1304 terret
1862 1285 1888 1304 et
1918 1281 2073 1305 condemnat
2101 1289 2162 1305 con-

1180 1315 1318 1344 scientias,
1345 1312 1398 1338 Sed
1422 1321 1526 1338 necesse
1552 1319 1590 1338 est
1613 1315 1736 1339 accedere
1753 1315 1938 1346 Euangeliou),
1963 1316 2032 1347 qnod
2056 1321 2163 1347 peccata

1180 1350 1261 1380 gratis
1280 1350 1444 1372 remittantur
1462 1351 1568 1380 propter
1587 1348 1732 1379 Christum,
1756 1354 1781 1373 et
1806 1349 1877 1381 quod
1901 1349 1952 1373 fide
1976 1357 2163 1381 consequamur

1181 1383 1361 1407 remissionem
1389 1387 1562 1414 peccatorum.
1605 1384 1677 1407 Haec
1699 1388 1758 1407 sunt
1783 1384 1848 1408 adeo
1873 1388 1943 1407 certa
1967 1388 1993 1407 et
2019 1385 2162 1415 perspicua,

1182 1422 1210 1441 ut
1229 1419 1250 1441 si
1269 1417 1424 1441 dissentiant
1442 1417 1601 1448 aduersarij,
1627 1422 1653 1441 ct
1678 1418 1818 1442 excludant
1841 1417 1971 1442 Christum
1996 1422 2021 1441 et
2045 1418 2121 1442 fidem
2146 1425 2164 1443 a

1181 1452 1375 1484 praedicatione
1393 1452 1590 1482 poenitenciae,
1614 1453 1706 1476 merito
1733 1457 1855 1484 tanquam
1878 1452 2022 1484 blasphemi
2042 1452 2067 1476 in
2086 1452 2162 1478 Chri-

1181 1491 1248 1510 stum
1267 1485 1402 1516 ieijciendi
1422 1485 1482 1509 sint.
1498 1486 1525 1516 b)

1250 1519 1337 1549 Quare
1365 1521 1453 1544 contio
1480 1519 1598 1543 Danielis
1623 1527 1676 1544 non
1700 1524 1798 1544 tant-um
1824 1520 1860 1545 ad
1885 1520 2047 1551 elemosynas
2074 1521 2161 1545 detor·

1182 1555 1254 1586 queri
1273 1554 1364 1583 debet,
1390 1554 1435 1577 sed
1461 1553 1525 1577 fides
1549 1556 1627 1577 etiam
1650 1555 1677 1578 in
1702 1562 1733 1578 ea
1756 1555 1911 1586 requirenda
1935 1560 1981 1579 est.
2018 1554 2162 1580 Dissimilis

1182 1594 1221 1613 est
1249 1589 1336 1612 contio
1364 1587 1482 1611 Danielis
1510 1588 1622 1611 orationi
1647 1589 1812 1618 Aristotelis,
1839 1589 1882 1620 qui
1911 1589 1945 1612 ad
1966 1596 2038 1613 suum
2062 1589 2164 1620 Regem

1181 1623 1312 1651 scribens,
1338 1622 1415 1646 etiam
1439 1621 1557 1645 hortatur
1582 1629 1639 1646 eum
1667 1624 1701 1646 ad
1725 1623 1938 1652 beneficentiam,
1963 1627 1988 1646 et
2012 1623 2082 1647 iubet
2105 1631 2164 1648 eum

1181 1658 1327 1690 potenciam
1355 1663 1427 1680 suam
1455 1655 1575 1680 conferre
1605 1657 1638 1679 ad
1665 1657 1794 1688 publicam
1824 1657 1976 1686 utilitatem,
2004 1662 2029 1680 et
2055 1658 2164 1682 salutem

1183 1693 1296 1716 oninium
1316 1691 1441 1721 gentium,
1460 1698 1513 1714 non
1533 1691 1566 1714 ad
1584 1691 1740 1722 snperbiam.
1776 1691 1821 1716 Sic
1839 1693 1906 1715 enim
1925 1692 1959 1715 ad
1984 1692 2163 1716 Alexandrum

1182 1727 1271 1750 scribit
1289 1723 1334 1749 διὸ
1353 1725 1437 1757 πειρῶ
1455 1723 1504 1754 τὴν
1522 1720 1612 1757 ἀρχὴν
1634 1724 1671 1758 μὴ
1693 1725 1733 1753 εἰς
1753 1724 1845 1758 ὓβριν,
1864 1721 1919 1749 ἀλλ’
1942 1725 1980 1753 εἰς
2004 1722 2164 1758 εὐεργεσίαν

1182 1760 1394 1784 κατατίθεσθαι.
1431 1760 1626 1783 Honestissima
1645 1761 1729 1784 oratio
1749 1766 1800 1790 est,
1819 1767 1902 1792 neque
1922 1761 1953 1784 de
1972 1759 2061 1784 officio
2080 1761 2162 1791 publi-

1183 1803 1213 1819 co
1232 1795 1320 1825 magni
1340 1794 1465 1825 Principis
1484 1794 1555 1817 aliud
1574 1794 1624 1817 dici
1644 1795 1782 1825 quidquam
1801 1795 1891 1818 melius
1916 1798 2008 1825 potest.
2038 1794 2091 1819 Sed
2109 1794 2163 1818 Da-

1183 1830 1233 1854 niel
1260 1836 1312 1852 non
1332 1833 1428 1852 tantum
1452 1828 1484 1852 de
1509 1828 1597 1852 officio
1621 1837 1666 1852 seu
1691 1829 1830 1853 not-atione
1855 1828 1953 1860 Regem
1978 1836 2052 1852 suum
2077 1829 2165 1859 docet,

1182 1864 1235 1888 Sed
1267 1864 1298 1887 de
1333 1863 1510 1894 poenitencia,
1542 1863 1573 1885 de
1605 1864 1700 1893 pietate
1729 1871 1791 1894 erga
1821 1863 1921 1891 Deum,
1952 1862 1983 1886 de
2013 1863 2165 1887 remissione

1184 1902 1360 1930 peccatorum,
1387 1898 1469 1927 deque
1489 1897 1538 1920 illis
1558 1898 1656 1925 magnis
1677 1897 1752 1921 rebus
1775 1903 1850 1921 extra
1873 1897 2070 1928 Philosophiam
2095 1898 2165 1929 posi·

1184 1933 1225 1957 tis.
1263 1932 1322 1955 Non
1346 1932 1426 1962 igitur
1451 1935 1548 1954 tantum
1573 1931 1613 1954 liic
1646 1932 1808 1961 elemosynae
1831 1931 2001 1962 requirendae
2024 1936 2096 1961 sunt,
2119 1932 2166 1956 sed

1184 1967 1262 1990 etiam
1281 1967 1352 1989 tides.
1389 1965 1471 1996 quue
1491 1970 1575 1989 textus
1595 1966 1709 1989 ostendit
1726 1965 1823 1997 Regem
1842 1973 1995 1989 conuersum
2014 1973 2087 1994 esse,
2113 1973 2166 1990 non

1184 2002 1266 2025 solum
1294 2001 1326 2024 ad
1355 2000 1516 2030 elemosynas
1542 2000 1703 2028 largit-ndns,
1732 2000 1777 2023 scd
1802 2001 1883 2023 multo
1907 2000 1990 2030 magis
2017 2000 2050 2024 ad
2079 2000 2164 2025 tidem.

1184 2036 1266 2059 Extat
1296 2035 1362 2058 enim
1390 2034 1497 2064 egregia
1521 2035 1652 2058 confessio
1681 2034 1758 2065 Regis
1783 2035 1815 2058 de
1838 2034 1896 2057 Deo
1922 2033 2008 2059 lsrael.
2043 2033 2103 2059 Non
2127 2038 2166 2059 est

1185 2070 1252 2094 alius
1273 2069 1342 2093 Deus
1362 2069 1404 2099 qui
1425 2068 1507 2099 possit
1527 2069 1563 2091 ita
1582 2070 1692 2092 saluere.

1253 2103 1343 2134 Itaque
1363 2103 1428 2126 duae
1448 2107 1531 2133 partes
1550 2108 1609 2126 sunt
1634 2104 1659 2126 in
1685 2103 1807 2127 contione
1834 2102 1965 2131 Danielis,
1990 2103 2081 2126 Altera
2105 2109 2166 2133 pars

1186 2142 1223 2161 est
1243 2138 1402 2168 praedicatio
1426 2137 1622 2168 poenitenciae,
1647 2145 1713 2168 quae
1738 2142 1823 2169 arguit
1843 2143 1962 2168 peccata,
1989 2142 2014 2160 rt
2038 2138 2167 2169 praecipit

1186 2174 1217 2196 de
1238 2179 1306 2195 nona
1325 2172 1388 2195 nita.
1426 2170 1532 2194 Redime
1552 2176 1657 2202 peccata
1684 2177 1726 2195 tna
1746 2172 1861 2197 iusti-«in.
1887 2176 1911 2195 ct
1936 2173 2084 2202 iniquitates
2108 2176 2165 2195 tuas

1187 2207 1316 2238 bencficijs
1336 2213 1397 2236 erga
1417 2213 1552 2236 paiiipcres.
1590 2206 1632 2230 Sic
1654 2207 1720 2230 enim
1741 2207 1766 2230 in
1792 2213 1837 2229 sua
1862 2207 1951 2236 lingna
1976 2207 2088 2237 loquitur
2114 2205 2164 2229 Da-

1186 2241 1247 2269 niel,
1267 2241 1307 2264 nbi
1328 2245 1388 2263 sutis
1408 2245 1513 2271 apparet
1535 2248 1591 2263 cnm
1611 2247 1662 2264 non
1681 2241 1762 2263 solnm
1783 2241 1814 2264 de
1834 2242 1988 2271 elemosynis
2008 2241 2166 2271 praeripere,

1186 2275 1230 2299 scd
1251 2275 1282 2298 de
1301 2279 1356 2297 tota
1376 2275 1492 2303 inmuta,
1513 2274 1560 2297 hm·
1581 2279 1630 2301 cst,
1651 2276 1682 2298 de
1702 2276 1797 2299 noticia
1816 2275 1864 2298 Dei
1885 2279 1908 2297 et
1928 2276 1986 2297 tide.
2025 2275 2069 2297 An
2088 2276 2166 2303 enim,

1187 2314 1292 2341 per-*uta
1317 2310 1413 2332 redime
1439 2316 1483 2339 por
1508 2310 1645 2332 instit-inni.
1690 2309 1795 2333 iusticia
1822 2314 1904 2332 antem
1930 2315 1993 2338 erga
2018 2307 2099 2332 Deum
2129 2313 2168 2331 cst

1187 2344 1264 2371 lidos,
1296 2351 1345 2374 qna
1371 2344 1496 2366 rrcvlinius
1525 2343 1606 2366 Deum
1634 2344 1707 2367 nobis
1733 2345 1875 2374 ignoscere.
1914 2342 2015 2366 Deinde
2040 2343 2165 2373 praecipit

1187 2378 1280 2402 Dnnicl
1306 2379 1337 2401 :le
1358 2377 1488 2408 lmncticijs
1514 2385 1576 2407 erga
1600 2385 1738 2409 pauperes,
1765 2378 1813 2401 hoc
1837 2383 1888 2403 est.
1915 2385 1945 2399 nc
1970 2378 2093 2408 superbe.
2117 2384 2165 2401 nee

1187 2413 1325 2435 crudeliter
1347 2413 1461 2442 imperet,
1481 2413 1525 2435 sed
1546 2413 1666 2436 consulat
1690 2413 1839 2436 utilitatum·
1866 2413 2036 2435 subdiu-rum.
2075 2412 2166 2435 Alter·

1187 2454 1245 2478 pars
1265 2454 1397 2470 culici-»nb
1417 2448 1545 2477 promittit
1564 2449 1739 2470 remissionem
1760 2452 1934 2477 peccaturum.
1975 2446 2041 2469 Ecoe
2061 2447 2110 2469 erit
2124 2453 2166 2469 ιι-

1207 2595 1235 2621 a)
1255 2594 1268 2616 4
1287 2593 1293 2623 l
1315 2593 1361 2615 Ed.
1381 2593 1419 2623 3⁴²
1440 2596 1540 2623 quarto.

1207 2636 1236 2662 tu)
1256 2635 1326 2666 sint]
1346 2634 1393 2659 Ed.
1415 2637 1452 2658 ⁴.=
1472 2639 1540 2658 nunt.
