2366 2958
50 150 137 184 ⁷461

74 252 134 270 eum
150 244 179 269 id
195 245 326 276 pertineat
342 244 376 268 ad
394 244 506 275 gratiam
524 246 551 266 et
569 243 710 266 caritatem.
744 241 785 266 Ita
802 245 891 273 aperte
909 240 1051 265 excludunt

73 279 219 304 aduersarii
236 279 314 302 fidem
332 286 349 303 a
365 277 554 302 iustificatione.
588 276 648 300 Non
668 276 822 305 dubitamus,
840 276 902 307 quin
920 275 1051 300 Caesarea

72 313 197 339 Maiestas
224 313 287 337 boni
314 312 462 337 consultura
485 311 576 340 fuerit,
602 311 672 341 quod
695 317 748 334 non
766 311 863 334 assensi
888 316 974 333 sumus
992 308 1051 332 huic

74 348 251 372 confutacioni
268 347 428 378 praelectae,
445 347 468 370 si
486 346 602 369 audisset
624 352 728 374 causas,
753 351 834 375 quare
858 351 915 368 eam
937 344 1051 374 recipere

74 389 128 407 non
146 388 290 413 possemus.
325 380 394 405 Nam
412 381 439 404 in
457 380 575 404 omnibus
594 380 684 408 rebus,
706 386 768 409 quas
795 378 897 409 quidem
919 381 1052 410 praestare

75 423 224 449 possumus,
243 416 358 446 cupimus
376 421 473 438 morem
492 421 583 444 gerere
603 414 730 436 voluntati
750 412 888 442 Caesaris,
906 419 982 450 quem
999 417 1053 435 non

74 451 158 475 solum
177 454 281 482 propter
298 449 405 480 Imperii
422 448 570 478 fastigium,
594 447 640 471 sed
665 448 741 471 etiam
765 450 872 478 propter
898 447 1005 470 eximias
1027 448 1053 468 et

73 491 137 509 vere
155 484 274 508 heroicas
292 484 400 507 virtutes
419 483 527 506 colimus
547 486 573 505 et
591 488 748 505 reueremur.
783 480 838 504 Sed
861 480 929 504 hanc
947 484 1051 503 senteu-

74 519 155 548 eiam,
172 518 243 549 quod
269 517 333 541 fides
351 524 405 541 non
426 517 555 548 pertineat
576 516 610 540 ad
633 515 842 540 iustificationem
871 515 928 538 sine
952 521 1052 537 summo

75 552 141 584 (sol.
160 553 170 577 i
187 552 238 584 3⁸)
256 551 353 575 scelere
371 559 425 575 non
443 551 571 582 potuimus
591 550 710 581 probare.

144 594 178 619 Et
194 594 256 618 satis
275 594 371 618 scimus
389 593 526 618 Caesarem
544 600 591 624 pro
610 600 657 616 sua
674 592 769 623 pietate
786 597 839 614 non
862 590 1008 622 postulare,
1026 594 1053 613 vt

73 628 153 653 fidem
178 636 196 653 a
220 628 404 652 iustificatione
429 627 612 656 excludamus,
638 626 702 650 Ideo
733 632 864 656 speramus
889 631 947 648 eum
970 631 1053 655 aequo

74 663 172 693 animo,
190 664 218 687 iu
235 662 285 687 hac
304 666 378 686 tanta
395 669 423 686 re
442 662 589 686 auditurum
607 667 662 684 esse
680 663 796 683 nostram
816 659 1009 688 defensionem,
1029 662 1055 681 et

75 704 156 729 quare
184 696 247 721 fidei
273 697 484 721 iustificatiouem
509 696 665 722 tribuamus,
693 697 718 717 et
745 694 876 724 quomodo
901 693 933 716 de
957 693 1054 716 meritis

74 731 229 756 senciamus.
264 731 331 754 Nam
350 730 392 754 hic
410 731 483 754 locus
501 732 572 753 recte
591 728 746 757 intellectus,
764 729 792 751 in
810 728 897 759 primis
915 728 1056 758 amplificat

75 765 187 796 gloriam
204 765 306 790 Christi
323 769 349 788 et
371 765 473 796 pauidis
497 763 664 787 conscientiis
687 762 762 786 affert
785 762 966 785 saluberrimas
993 768 1054 785 con-

75 800 227 823 solationes.

145 842 186 866 Ac
204 845 287 866 totum
314 841 382 865 hunc
404 841 490 864 locum
515 839 692 863 contaminant
714 838 856 862 aduersarii
878 838 959 861 nostri
984 838 1055 861 miris

75 876 170 908 modis,
186 876 244 899 Nec
261 876 323 907 quid
341 876 376 898 sit
392 875 466 904 fides,
486 874 548 904 quid
565 874 658 904 gratia,
677 874 739 904 quid
753 873 870 896 remissio
881 876 1055 904 peccatorum,

76 910 254 938 considerant,
281 914 307 932 et
331 909 441 939 gloriam
460 908 558 932 Christi
581 908 738 936 obscurant,
765 912 790 930 et
814 907 864 937 piis
889 907 1055 930 conscientiis

75 944 190 975 eripiunt
207 943 399 967 consolationes
417 943 446 966 in
464 941 568 966 Christo
587 942 742 973 propositas.

143 985 221 1010 Initio
239 989 325 1009 autem
342 985 393 1009 hoc
411 985 581 1016 praefandum
601 989 653 1013 est,
672 991 720 1007 nos
747 990 804 1006 cum
823 983 855 1006 de
873 982 1055 1006 iustificatione

74 1021 214 1051 loquimur,
233 1027 285 1043 non
303 1020 375 1050 loqui
394 1019 427 1042 de
445 1019 550 1042 iusticia
568 1018 639 1041 ciuili
659 1025 704 1041 seu
723 1017 823 1046 morali,
834 1017 880 1040 sed
891 1017 923 1040 de
943 1017 1055 1046 iusticia,

74 1061 127 1086 qua
151 1061 239 1078 coram
258 1054 316 1078 Deo
335 1053 395 1076 iusti
413 1060 513 1081 sumus,
531 1059 576 1075 seu
595 1053 655 1075 iusti
674 1056 836 1082 reputamur,
859 1058 934 1082 quam
959 1050 1055 1074 Paulus

73 1092 153 1112 vocat
171 1089 300 1112 iusticiam
318 1087 386 1116 Dei,
406 1087 434 1110 id
452 1091 505 1116 est,
529 1093 580 1117 qua
599 1093 646 1110 rtos
669 1086 741 1109 Deus
764 1086 895 1110 iustificat.
931 1085 999 1108 Nam
1022 1085 1055 1108 de

74 1122 177 1146 iusticia
195 1122 275 1150 ciuili,
295 1128 341 1145 seu
360 1124 388 1143 vt
406 1126 502 1144 vocant
520 1121 547 1144 in
571 1120 680 1149 scholis,
705 1120 737 1143 de
762 1120 883 1151 operibus
905 1119 1054 1148 moralibus,

75 1159 103 1180 et
125 1155 177 1180 hac
202 1156 326 1179 exteriori
352 1155 564 1183 conuersatione,
595 1155 711 1178 subiecta
734 1154 829 1177 rationi
852 1153 995 1182 humanae,
1019 1154 1055 1176 sic

75 1190 208 1219 sentimus,
227 1189 295 1220 quod
313 1188 386 1212 Deus
405 1190 496 1220 exigat
513 1189 584 1212 illam
603 1189 703 1212 ciuilem
723 1188 850 1212 iusticiam
869 1187 900 1211 ab
926 1187 1055 1215 omnibus,

76 1228 103 1248 et
119 1224 189 1255 quod
208 1224 243 1247 sit
260 1223 347 1254 aliquo
365 1223 445 1247 modo
464 1225 490 1248 in
508 1226 636 1254 potestate
654 1222 765 1246 humana
784 1222 886 1245 efficere
905 1229 970 1245 eam.
1008 1221 1055 1244 Vt-

75 1265 177 1289 eanque
195 1261 305 1288 possunt
321 1257 440 1281 homines
460 1257 570 1288 propriis
588 1257 684 1280 viribus
705 1258 882 1288 obtemperare
906 1255 1055 1286 parentibus

75 1299 108 1316 ac
125 1291 330 1322 magistratibus,
348 1298 402 1314 non
421 1292 551 1321 occidere,
575 1298 628 1314 non
653 1291 813 1314 committere
837 1290 977 1319 adulteria,
1001 1297 1055 1313 non

73 1325 170 1354 furari,
199 1332 252 1348 non
278 1325 410 1355 peierare,
433 1333 487 1349 non
512 1326 678 1354 calumniari,
699 1332 753 1348 non
778 1324 932 1348 defraudare
950 1325 975 1347 in
995 1331 1055 1347 con-

74 1359 210 1383 tractibus,
246 1358 361 1382 Possunt
379 1359 466 1383 officia
484 1360 650 1390 gratitudinis
668 1363 812 1390 praestare,
834 1362 943 1389 possunt
966 1359 1055 1382 mode-

74 1394 128 1418 rari
147 1393 307 1424 voluptates.
343 1392 398 1417 Sed
417 1394 443 1417 in
463 1398 535 1417 tanta
553 1393 729 1417 imbecillitate
747 1397 870 1421 naturae,
889 1400 964 1423 quam
989 1396 1056 1415 attu-

73 1427 106 1452 lit
128 1431 262 1459 peccatum
281 1427 398 1457 originis,
417 1428 482 1459 (fol.
501 1429 511 1452 i
527 1428 577 1458 3¹2)
596 1427 699 1451 Deinde
717 1428 743 1450 in
762 1431 833 1450 tanta
852 1427 951 1450 diaboli
969 1430 1055 1456 tyran-

74 1462 146 1491 nide,
164 1461 243 1485 facile
261 1466 339 1484 ruunt
356 1461 476 1485 homines
494 1463 520 1485 in
539 1461 677 1485 manifesta
695 1461 813 1491 flagicia,
831 1461 894 1484 victi
917 1464 962 1483 aut
985 1461 1055 1491 cupi-

74 1496 166 1526 ditate,
185 1500 231 1519 aut
247 1495 350 1519 insidiis
370 1496 480 1525 diaboli,
505 1496 547 1526 qui
571 1503 635 1527 quos
658 1500 743 1527 potest
767 1495 878 1526 impellit
901 1494 934 1518 ad
961 1501 1056 1518 nocen-

74 1530 146 1554 dum.
181 1530 229 1553 &t
248 1530 316 1553 enim
335 1529 475 1558 homicida,
494 1534 523 1553 vt
541 1530 660 1554 Christus
684 1531 775 1561 inquit.
811 1529 992 1554 Cohercentur
1017 1533 1055 1552 ta-

73 1571 134 1588 men
151 1564 232 1594 aliqui
252 1563 406 1594 disciplina,
424 1564 524 1594 legibus
548 1568 573 1588 et
595 1565 796 1594 magistratibus.
833 1563 912 1587 Tales
936 1563 1057 1586 videntur

75 1598 139 1623 olim
148 1597 229 1621 fuisse
246 1597 403 1628 Papinianus
420 1598 562 1622 Iuriscons.
582 1597 741 1629 Pomponius
750 1598 860 1625 Atticus,
879 1597 974 1621 Fabius
983 1597 1055 1620 Max.

74 1632 214 1661 Aristides,
233 1635 259 1655 et
276 1632 384 1660 similes,
404 1636 430 1655 et
447 1639 547 1663 semper
565 1636 624 1655 sunt
641 1634 668 1655 in
686 1632 783 1655 mundo
801 1632 881 1662 aliqui
900 1631 1056 1654 excellentes

75 1667 135 1695 viri.
152 1665 266 1689 studiosi
284 1665 396 1689 virtutis.
432 1666 504 1689 Deus
523 1667 591 1689 enim
610 1666 683 1689 dedit
707 1666 803 1689 mundo
828 1666 1003 1696 disciplinam,
1026 1665 1056 1689 li-

74 1703 153 1729 teras,
170 1700 242 1730 leges
261 1700 294 1723 de
313 1700 487 1724 exterioribus
505 1699 608 1729 officiis,
628 1705 654 1723 et
672 1701 844 1731 magistratus,
865 1704 892 1723 vt
902 1699 1058 1723 coherceant

75 1734 202 1762 carnales.
221 1734 283 1764 quia
299 1733 372 1757 Deus
391 1735 497 1758 omnino
515 1735 624 1765 requirit
641 1734 709 1758 hanc
728 1734 830 1758 ciuilem
843 1734 980 1763 iusticiam,
994 1741 1056 1765 qua-

74 1775 105 1792 re
128 1774 236 1792 necesse
264 1772 304 1791 est
327 1775 383 1791 eam
417 1772 559 1799 praestare.
595 1768 686 1799 Neque
711 1773 795 1792 tamen
820 1769 861 1792 isti
885 1775 987 1798 mores,
1011 1776 1057 1792 seu

75 1802 166 1827 ciuilia
183 1808 264 1833 opera
281 1800 423 1825 iustificant
440 1802 557 1826 homines
576 1810 662 1826 coram
682 1802 750 1826 Deo.
786 1803 861 1826 Hanc
885 1802 986 1826 laudem
1012 1803 1056 1825 de-

75 1836 157 1860 trahit
181 1837 218 1859 eis
245 1836 387 1866 scriptura,
415 1840 520 1867 propter
549 1837 707 1868 impietatem
731 1836 837 1860 humani
861 1837 962 1866 cordis,
987 1837 1056 1867 quod

75 1870 132 1894 sine
149 1870 242 1901 spiritu
260 1875 361 1900 sancto,
379 1878 432 1894 non
450 1871 525 1894 nouit
542 1870 636 1900 Deum,
656 1878 709 1894 non
729 1871 800 1894 timet
818 1870 912 1900 Deum,
930 1878 982 1894 non
1002 1878 1056 1894 cre-

75 1904 114 1928 dit
131 1904 205 1933 Deo,
222 1904 338 1928 brem'ter
355 1909 394 1927 est
415 1905 472 1928 sine
495 1905 563 1929 Deo.
599 1905 672 1928 Haec
697 1909 772 1928 tauta
794 1906 862 1929 vicia
886 1905 994 1928 haerent
1016 1905 1056 1928 in-

75 1941 116 1962 tus
135 1939 161 1962 in
179 1939 275 1968 anima,
294 1937 357 1962 Ideo
376 1939 567 1970 qualescunque
585 1946 670 1962 mores
689 1939 754 1963 foris
773 1944 849 1969 sunt,
869 1943 956 1962 tamen
975 1939 1057 1963 corda

74 1979 129 1997 non
148 1976 210 1996 sunt
227 1972 297 1995 iusta
314 1979 401 1996 coram
418 1973 488 2002 Deo,
505 1974 561 1997 sine
579 1973 630 1996 fide
648 1975 675 1997 in
694 1973 840 2003 Christum,
859 1977 884 1996 et
901 1975 958 1997 sine
981 1975 1056 2004 spiri—

75 2010 104 2031 ta
122 2010 223 2030 sancto.
259 2005 398 2030 Caeterum
415 2006 491 2030 facile
510 2009 628 2038 patimur,
647 2007 714 2031 haec
733 2014 814 2039 opera
836 2008 946 2032 moralia
968 2014 1056 2038 quam-

74 2041 141 2065 libet
166 2041 268 2071 magnis
296 2041 414 2064 laudibus
438 2042 544 2070 ornari,
569 2041 662 2064 Verum
685 2046 725 2066 est
747 2042 814 2065 enim
837 2042 907 2072 quod
931 2043 997 2065 inter
1014 2049 1056 2065 res

75 2075 200 2100 humanas
217 2075 281 2099 nihil
302 2079 341 2098 est
357 2075 465 2105 melius,
482 2079 528 2098 aut
545 2077 730 2106 praestantius,
748 2075 801 2100 Sed
818 2076 882 2099 haec
900 2077 956 2099 laus
975 2076 1055 2100 multo

75 2110 190 2134 maxima
207 2113 254 2138 est,
273 2109 343 2140 quod
361 2108 433 2132 Deus
450 2110 577 2140 praecipit
595 2109 642 2132 hos
660 2116 755 2140 mores,
773 2114 798 2133 et
816 2110 887 2142 quod
906 2111 1012 2142 premia,
1031 2114 1056 2134 et

74 2150 175 2175 poenas
193 2143 303 2167 addidit.
340 2142 408 2166 Nam
426 2151 472 2174 pro
496 2144 602 2167 iusticia
625 2143 695 2167 ciuili
716 2144 804 2167 reddit
827 2145 973 2176 corporalia
997 2152 1056 2176 pre-

75 2178 130 2202 mia
147 2177 360 2209 tranquillitatem
380 2181 405 2200 et
423 2184 520 2209 pacem,
530 2177 615 2201 Malos
634 2185 718 2201 mores
737 2179 811 2209 punit
827 2180 904 2203 variis
923 2179 1055 2211 suppliciis

76 2215 103 2235 et
120 2211 320 2240 calamitatibus,
338 2211 401 2235 Ideo
420 2212 463 2235 lex
482 2212 554 2236 dicit.
592 2210 643 2240 Qui
662 2212 753 2236 fecerit
769 2212 848 2242 haec,
871 2213 943 2237 viuet
961 2214 987 2237 in
1007 2213 1054 2237 eis.

75 2244 113 2270 Et
136 2246 219 2276 primo
244 2249 385 2277 praecepto
415 2246 546 2270 secundae
571 2245 689 2275 tabulae,
716 2253 782 2277 quae
811 2248 925 2271 continet
947 2248 1056 2278 politica

76 2279 178 2310 officia,
207 2279 297 2304 addita
324 2284 362 2303 est
386 2280 539 2310 promissio,
561 2284 589 2302 ut
607 2280 642 2303 sis
670 2280 812 2311 longaeuus
841 2289 919 2313 super
948 2285 1053 2306 terram.

76 2311 231 2345 Quanquam
248 2318 334 2338 autem
352 2313 391 2337 his
411 2315 543 2346 preconiis
562 2314 744 2338 commendata
761 2315 794 2338 sit
808 2314 872 2339 haec
890 2320 999 2340 externa
1016 2317 1054 2340 iu-

77 2347 166 2376 sticia,
184 2347 250 2379 (sol.
270 2348 279 2372 i
297 2348 346 2380 4⁸)
367 2352 452 2372 tamen
471 2356 523 2372 non
542 2348 663 2372 iustificat
681 2355 767 2372 coram
786 2348 854 2373 Deo.
881 2349 973 2381 Neque
991 2357 1054 2374 vero

76 2381 227 2412 ignoramus
245 2382 372 2413 quosdam
390 2381 534 2414 Epicureos
555 2383 631 2406 etiam
648 2382 697 2406 hoc
717 2387 831 2414 tempore
849 2391 920 2414 esse,
945 2385 988 2416 qui
1007 2392 1054 2408 nos

76 2415 187 2440 irrident
212 2416 290 2440 aliam
319 2417 448 2446 quandam
476 2417 605 2441 iusticiam
634 2421 801 2447 quaerentes,
831 2422 933 2449 praeter
965 2419 1054 2442 ciuiles

75 2456 172 2474 mores.
200 2448 253 2474 Sed
272 2449 436 2475 Christianos
454 2455 558 2482 oportet
575 2452 713 2475 discrimen
733 2456 823 2475 tenere
841 2452 908 2475 inter
926 2453 1054 2477 iusticiam

77 2483 190 2513 ciuilem,
208 2487 234 2507 et
251 2484 396 2514 iusticiam,
415 2492 466 2516 qua
484 2493 572 2509 coram
590 2485 648 2510 Deo
669 2485 729 2509 iusti
748 2490 911 2517 reputamur,
928 2487 995 2511 iuter
1013 2487 1052 2511 of-

75 2516 137 2542 ficia
155 2518 251 2549 ciuilia,
269 2522 295 2541 et
312 2519 381 2543 inter
398 2523 480 2543 motus
499 2520 585 2544 cordis
603 2525 667 2550 erga
685 2519 778 2543 Deum.

146 2560 213 2586 cam
230 2561 311 2591 igitur
329 2561 382 2585 alia
399 2563 525 2594 quaedam
542 2563 644 2587 iustitia
662 2563 696 2586 sit
717 2566 819 2594 praeter
843 2562 932 2587 ciuiles
956 2570 1053 2595 mores,

77 2601 130 2626 qua
147 2602 236 2620 eoram
252 2594 311 2619 Deo
328 2595 389 2621 iusti
405 2597 618 2628 pronunciamur,
637 2596 797 2628 querendum
815 2601 867 2627 est,
889 2601 915 2620 et
937 2604 1003 2629 quae
1020 2599 1054 2623 sit

422 148 463 181 11.
505 146 737 181 APOLOGIA
758 145 1076 180 CONFESSIONJS
1097 143 1416 177 AUGUSTANAE.
1459 144 1500 176 Β.
1544 143 1735 177 ALTERA.

2013 145 2079 178 462

1073 240 1078 248 '
1102 239 1161 269 illa,
1189 242 1215 262 et
1241 238 1370 270 quomodo
1396 238 1429 262 ad
1453 246 1510 262 eam
1535 239 1723 270 perucniamus.
1758 239 1808 264 Hic
1825 240 1967 265 aduersarii
1985 240 2083 264 docent

1102 274 1129 297 in
1148 272 1254 301 scholis,
1273 273 1345 304 quod
1363 272 1480 297 homines
1499 273 1610 305 propriis
1629 273 1726 297 viribus
1745 279 1936 305 consequantur
1954 274 2024 298 illam
2042 275 2081 298 in-

1103 307 1220 336 suniam,
1246 307 1297 330 hoc
1321 308 1408 331 modo.
1448 307 1575 332 Senciunt
1598 307 1716 331 homiues
1740 309 1853 339 propriis
1879 308 1975 332 viribus
2005 316 2082 340 posse

1104 341 1214 371 diligere
1232 340 1318 364 Deum
1337 348 1415 371 super
1432 342 1526 365 omnia.
1563 341 1654 372 Itaque
1673 342 1764 366 dicunt
1781 342 1926 372 hominem,
1945 344 1966 365 si
1990 343 2083 367 fecerit

1103 375 1172 398 bona
1190 381 1271 406 opera
1290 381 1322 397 ex
1345 376 1455 406 propriis
1480 376 1591 405 viribus,
1616 377 1704 407 qualia
1727 380 1787 400 sunt
1808 377 1854 400 illa
1877 377 1963 400 ciuilia
1986 376 2083 407 officia,

1104 409 1136 432 de
1155 409 1248 440 quibus
1273 408 1350 439 paulo
1373 415 1433 434 ante
1456 410 1525 440 dixi,
1543 414 1648 441 propter
1671 410 1770 441 Deum,
1792 412 1887 435 mereri
1906 411 1938 434 de
1963 417 2079 441 congruo

1104 443 1215 473 gratiam
1233 441 1294 465 Dei.
1690 450 1692 452 ·

1174 493 1283 517 Addunt
1301 493 1418 523 amplius,
1437 495 1549 524 gratiam
1573 495 1643 519 illam
1669 503 1725 519 esse
1747 495 1862 520 habitum
1886 495 1998 519 infusum
2024 495 2082 519 dili-

1105 528 1184 559 gendi
1203 527 1296 550 Deum.
1334 527 1487 558 Quanquam
1513 531 1672 553 recentiores
1691 530 1796 561 quidam
1815 534 1939 561 ceperunt
1957 529 2083 559 dubitare,

1106 562 1197 585 Vtrum
1220 561 1262 585 hic
1286 561 1388 585 habitus
1413 563 1546 593 ponendus
1575 569 1656 594 esset,
1680 572 1710 587 ac
1735 565 1931 595 disputauerunt
1954 564 2084 588 hominem

1106 596 1257 625 iustificari,
1277 597 1354 619 etiam
1373 597 1394 620 si
1413 603 1466 619 non
1484 603 1653 621 renouaretur
1671 606 1686 621 a
1705 598 1771 622 Deo.
1807 598 1909 622 Deinde
1933 602 2018 622 autem
2036 597 2084 621 ho-

1106 631 1210 659 minem,
1229 631 1250 654 si
1268 630 1336 653 bona
1354 637 1434 662 opera
1452 630 1544 659 faciat,
1562 636 1698 662 postquam
1722 633 1767 656 illo
1791 632 1882 656 habitu
1907 636 2014 656 ornatus
2038 636 2084 662 est,

1107 665 1201 689 mereri
1220 665 1251 688 de
1270 664 1402 695 condigno
1418 665 1498 688 vitam
1517 670 1656 689 aeternam.
1692 666 1727 689 Et
1745 670 1829 690 tamen
1850 667 1939 691 iubent
1957 667 2084 696 dubitare,

1107 699 1198 723 Vtrum
1216 699 1284 722 hunc
1302 699 1419 722 habitum
1437 705 1588 723 consecutus
1608 701 1651 724 sit.
1678 700 1770 731 Neque
1788 702 1856 724 enim
1876 702 1980 730 dicunt,
2000 707 2084 731 neque

1108 733 1196 756 dicere
1222 738 1346 764 possunt,
1371 733 1502 764 quomodo
1529 738 1574 757 aut
1597 735 1700 765 quando
1725 735 1873 759 infundatur
1897 736 1945 759 iste
1970 735 2083 759 habitus.

1107 768 1141 791 Et
1167 774 1314 798 quanquam
1342 768 1375 791 de
1398 769 1564 791 sacramentis
1590 769 1693 798 dicunt,
1720 770 1789 799 quod
1811 777 1844 793 cx
1874 777 1951 801 opere
1976 775 2084 800 operato

1109 801 1244 825 conferant
1261 803 1379 832 gratiam,
1398 806 1485 825 tamen
1505 806 1627 833 tanquam
1647 803 1724 826 diffisi
1743 804 1782 827 illi
1800 804 1850 835 ipsi
1869 804 2027 833 sententiae,
2045 804 2084 827 iu-

1108 837 1171 860 bent
1197 836 1315 859 dubitare
1343 836 1483 866 hominem,
1508 841 1593 859 vtrnm
1621 836 1687 860 hunc
1715 837 1830 861 habitum
1861 843 2013 862 consecutus
2040 839 2082 861 sit.

1109 870 1176 899 Quia
1193 871 1274 900 igitur
1292 871 1450 894 conscientia
1468 871 1567 894 incerta
1586 875 1633 898 est,
1653 873 1783 901 quomodo
1802 878 1944 902 mereatur,
1964 879 2021 895 cum
2039 871 2084 895 ha-

1108 905 1162 928 bitu
1186 905 1251 936 (sol.
1270 905 1278 927 i
1297 905 1347 936 4¹²)
1366 905 1426 933 illo,
1445 905 1485 928 vel
1504 905 1560 928 sine
1578 905 1684 934 habitu,
1703 907 1863 936 amplectitur
1881 907 1944 931 illud
1959 906 2029 937 quod
2046 907 2085 929 iu·

1108 939 1178 962 dicat
1195 945 1251 962 esse
1270 939 1372 963 certius.
1409 939 1522 962 Necesse
1547 944 1585 963 est
1604 940 1695 970 igitur,
1717 945 1745 963 vt
1769 947 1885 964 recurrat
1909 941 1942 964 ad
1967 941 2086 964 meritum

1108 974 1229 1003 congrui,
1257 976 1282 995 et
1312 977 1419 996 conetur
1449 974 1481 996 de
1508 981 1629 1003 congruu-
1642 975 1747 1003 mereri,
1771 976 1826 999 siue
1846 975 1964 1003 Christo,
1989 978 2014 997 et
2031 975 2086 998 sine

1107 1007 1198 1038 spiritu
1216 1011 1315 1030 sancto.
1351 1007 1393 1030 lta
1411 1008 1506 1031 docent
1530 1008 1673 1031 aduersarii
1696 1009 1892 1040 inexplicabiles
1916 1008 2086 1039 labyrinthos,

1108 1045 1135 1065 et
1152 1042 1233 1064 multa
1249 1042 1407 1072 pugnancia,
1427 1047 1452 1064 et
1471 1042 1573 1065 iuterim
1593 1043 1695 1072 erigunt
1717 1043 1838 1067 fiduciam
1861 1050 1965 1075 operum
1990 1047 2015 1066 et
2040 1050 2087 1074 op·

1106 1077 1219 1107 primunt
1245 1075 1355 1106 gloriam
1383 1075 1488 1100 Christi.
1531 1076 1601 1105 Quid
1628 1077 1695 1100 enim
1724 1077 1813 1101 dicunt
1840 1079 1867 1101 in
1895 1077 1945 1100 hoc
1970 1077 2028 1100 loco
2054 1078 2087 1101 de

1107 1110 1221 1139 Christo,
1241 1114 1284 1133 aut
1303 1110 1334 1133 de
1353 1110 1404 1133 fide
1424 1111 1451 1133 in
1470 1110 1610 1139 Christum,
1630 1111 1661 1134 de
1679 1113 1895 1142 promissionibus
1920 1112 1944 1135 in
1971 1111 2085 1136 Christo.

1106 1144 1206 1168 Harum
1224 1151 1308 1166 rerum
1328 1151 1385 1166 cum
1404 1144 1473 1175 pleni
1493 1146 1543 1168 sint
1563 1145 1620 1168 libri
1639 1146 1800 1175 scripturae,
1820 1147 1892 1170 nulla
1909 1146 1952 1169 hic
1971 1146 1999 1169 fit
2016 1153 2086 1169 men-

1106 1179 1152 1207 tio,
1170 1182 1290 1208 tanquam
1315 1178 1348 1201 ad
1366 1185 1420 1201 rem
1444 1179 1508 1202 nihil
1533 1180 1663 1210 pertineat
1686 1179 1818 1210 Christus,
1841 1181 1891 1204 nisi
1915 1180 1985 1211 quod
2009 1180 2087 1204 semel

1108 1213 1197 1236 dicunt
1214 1219 1271 1235 eum
1290 1213 1462 1243 promeruisse
1481 1214 1555 1236 nobis
1574 1214 1651 1237 istum
1670 1213 1794 1238 habitum.
1831 1214 1908 1238 Nunc
1927 1214 2017 1237 iubent
2034 1221 2084 1238 nos

1107 1254 1153 1277 per
1177 1253 1258 1277 opera
1281 1246 1415 1270 iustificari
1440 1252 1465 1270 et
1490 1248 1600 1277 saluari,
1625 1249 1699 1278 quasi
1723 1256 1777 1272 non
1801 1250 1940 1272 etiamnum
1965 1256 2029 1280 opus
2053 1249 2088 1272 sit

1106 1281 1182 1304 nobis
1207 1281 1350 1304 mediatore
1375 1281 1492 1310 Christo,
1518 1286 1543 1306 et
1568 1282 1746 1306 misericordia
1767 1284 1794 1306 in
1824 1283 1926 1306 Christo
1950 1283 2086 1313 promissa.

1105 1314 1197 1346 Itaque
1223 1322 1256 1338 ex
1280 1314 1320 1337 his
1345 1315 1456 1338 confusis
1479 1316 1646 1347 opinionibus
1675 1317 1828 1342 meritorum
1851 1318 1882 1341 de
1905 1324 2035 1347 congruo,
2061 1321 2087 1341 et

1107 1349 1238 1379 condigno
1257 1350 1307 1372 orti
1325 1354 1385 1372 suut
1403 1350 1464 1373 noui
1484 1351 1565 1373 cultus
1585 1351 1612 1373 in
1630 1351 1761 1381 Ecclesia,
1787 1356 1847 1375 vota
1865 1352 2022 1380 monastica,
2041 1352 2087 1375 ab·

1105 1390 1167 1406 usus
1185 1384 1335 1412 Missarum,
1355 1387 1380 1407 et
1398 1384 1449 1407 alia
1472 1385 1553 1408 multa
1577 1391 1669 1416 opera,
1694 1393 1740 1416 per
1764 1393 1830 1416 quae
1853 1385 1972 1410 homiues
1997 1392 2088 1417 quere-

1106 1417 1169 1440 bant
1191 1417 1398 1441 iustificatiouem
1423 1425 1510 1442 coram
1534 1418 1606 1448 Deo,
1635 1419 1737 1443 abiecto
1761 1421 1842 1443 uerbo
1868 1425 1893 1444 ct
1915 1420 2087 1451 promissione

1106 1450 1168 1481 Dei,
1188 1451 1220 1474 de
1239 1451 1353 1481 Christo,
1373 1456 1398 1475 et
1416 1452 1467 1475 fide
1487 1453 1513 1475 in
1533 1453 1673 1477 Christum.

1175 1501 1266 1526 Nostri
1285 1506 1370 1526 autem
1389 1503 1437 1526 etsi
1457 1503 1552 1527 docent
1567 1505 1715 1528 mandatum
1734 1511 1803 1535 esse,
1821 1510 1849 1529 vt
1866 1505 1942 1536 Impii
1967 1505 2086 1529 coherce-

1106 1539 1182 1559 antur
1199 1536 1302 1560 iusticia
1319 1537 1393 1567 legis,
1412 1544 1456 1560 seu
1474 1538 1577 1562 iusticia
1595 1539 1670 1562 liberi
1688 1539 1796 1569 arbitrii,
1815 1544 1899 1563 tamen
1924 1544 2021 1570 negant
2039 1540 2086 1564 ho—

1107 1571 1188 1594 mines
1207 1578 1254 1602 per
1272 1570 1318 1594 illa
1336 1578 1416 1602 opera
1434 1571 1503 1595 facta
1521 1574 1633 1604 propriis
1651 1573 1749 1597 viribus
1767 1573 1903 1597 iustificari
1921 1582 2008 1598 coram
2018 1573 2086 1605 Deo,

1107 1609 1152 1628 aut
1168 1605 1262 1628 mereri
1279 1606 1398 1635 gratiam.
1426 1606 1470 1629 Ad
1489 1606 1552 1630 haec
1570 1607 1722 1631 manifestus
1741 1615 1814 1632 error
1834 1612 1879 1638 est,
1896 1608 1998 1638 docere,
2016 1608 2087 1639 quod

1106 1639 1185 1662 homo
1203 1639 1260 1663 sine
1278 1640 1371 1670 spiritu
1389 1646 1477 1664 sancto
1496 1642 1580 1672 possit
1597 1641 1680 1665 Deum
1700 1642 1817 1673 diligere,
1836 1647 1861 1666 et
1878 1647 2018 1674 praecepta
2035 1642 2086 1668 Dei

1107 1673 1204 1698 facere.
1242 1673 1312 1702 Quid
1332 1675 1401 1698 enim
1419 1675 1490 1699 aliud
1514 1681 1649 1700 senserunt
1671 1676 1818 1707 Pelagiani,
1837 1677 1881 1708 qui
1905 1681 1965 1700 ante
1988 1677 2090 1708 aliquot

1107 1708 1195 1731 secula
1212 1707 1244 1731 ab
1267 1707 1386 1732 Ecclesia
1409 1710 1573 1733 condemnati
1592 1715 1660 1739 sunt,
1683 1718 1760 1742 quam
1786 1711 1826 1735 vel
1850 1711 1968 1735 homines
1992 1711 2084 1735 iustifi-

1108 1742 1161 1765 cari
1180 1742 1235 1765 siue
1254 1743 1344 1772 spiritu
1368 1748 1459 1768 sancto
1483 1745 1595 1775 propriis
1619 1745 1754 1776 operibus,
1777 1746 1818 1769 vel
1841 1747 1949 1776 gratiam
1973 1746 2024 1770 Dei
2047 1753 2087 1770 se·

1108 1776 1218 1800 cundum
1237 1777 1331 1800 merita
1355 1778 1420 1801 dari.
1457 1777 1500 1802 Sic
1529 1779 1596 1802 enim
1619 1780 1703 1810 inquit
1725 1780 1887 1810 Augustinus
1912 1781 1944 1803 de
1968 1779 2086 1810 Pelagio,

1106 1811 1134 1834 in
1153 1810 1217 1841 (sol.
1236 1809 1254 1832 k
1274 1811 1320 1842 1³)
1340 1810 1407 1835 libro
1427 1813 1467 1835 cui
1487 1813 1586 1836 titulum
1605 1813 1680 1843 fecit,
1698 1813 1741 1837 De
1759 1815 1843 1844 gratia
1862 1819 1887 1837 et
1910 1814 1992 1838 libero
2017 1815 2086 1838 arbi-

1106 1845 1166 1868 trio.
1198 1843 1264 1867 Nam
1282 1845 1348 1868 iuter
1367 1849 1478 1874 caetera,
1498 1854 1562 1877 quae
1581 1847 1620 1871 illi
1639 1847 1742 1872 obiecta
1760 1853 1827 1878 sunt,
1847 1852 1872 1872 et
1889 1848 1939 1872 hoc
1958 1848 2086 1873 obiectum

1107 1882 1159 1909 est,
1182 1879 1253 1909 quod
1280 1878 1378 1903 diceret
1401 1882 1513 1910 gratiam
1538 1881 1602 1911 Dei,
1631 1882 1771 1905 secundum
1795 1883 1888 1906 merita
1909 1886 1999 1906 nostra
2021 1883 2086 1913 dari,

1106 1913 1177 1944 quod
1195 1913 1231 1936 sic
1249 1912 1360 1937 alienum
1380 1920 1418 1938 est
1435 1922 1451 1938 a
1469 1915 1598 1939 catholica
1617 1916 1750 1945 doctrina,
1779 1922 1805 1940 et
1828 1917 1958 1940 inimicum
1984 1917 2087 1947 gratiae

1107 1947 1216 1976 Christi,
1242 1952 1270 1970 vt
1296 1948 1345 1971 nisi
1368 1948 1418 1972 hoc
1442 1949 1571 1973 obiectum
1594 1950 1643 1974 sibi
1667 1951 1923 1981 anathematizasset,
1945 1952 2000 1983 ipse
2025 1952 2086 1976 iude

1106 1981 1336 2005 anathematizatus
1355 1983 1461 2007 exisset.
1496 1984 1597 2007 Extant
1615 1990 1701 2008 autem
1719 1985 1779 2008 libri
1803 1985 2015 2009 scholasticorum
2039 1986 2085 2009 do-

1106 2021 1215 2045 ctorum,
1234 2017 1276 2046 qui
1294 2016 1380 2048 palam
1399 2017 1448 2041 hoc
1467 2018 1574 2048 docent,
1593 2019 1662 2050 quod
1686 2020 1796 2050 gratiam
1814 2019 1865 2044 Dei
1890 2025 2019 2044 mereatur
2043 2027 2086 2045 co-

1105 2054 1181 2074 natus
1201 2050 1277 2074 liberi
1296 2051 1406 2081 arbitrii,
1425 2052 1544 2076 facientis
1568 2054 1637 2084 quod
1661 2054 1687 2077 in
1712 2061 1740 2077 se
1764 2059 1811 2078 est.
1847 2054 1905 2078 Hoc
1929 2054 1990 2085 quid
2014 2054 2085 2079 aliud

1107 2088 1152 2113 est,
1183 2092 1260 2116 quam
1285 2085 1387 2115 dicere,
1413 2087 1484 2117 quod
1510 2087 1630 2118 operibus
1657 2090 1752 2112 nostris
1775 2095 1861 2112 coram
1881 2088 1937 2112 Deo
1962 2089 2085 2113 iustifice-

1105 2119 1180 2142 mur?
1215 2119 1284 2143 Nam
1308 2121 1329 2143 si
1354 2128 1434 2151 opera
1455 2121 1501 2144 illa
1526 2126 1657 2145 merentur
1679 2123 1804 2153 gratiam,
1829 2124 1880 2147 iam
1905 2127 1942 2146 cst
1964 2127 2084 2155 acceptus

1105 2160 1136 2176 ac
1154 2153 1235 2176 iustus
1253 2153 1332 2177 homo
1350 2162 1438 2178 coram
1457 2154 1529 2185 Deo,
1548 2160 1654 2187 propter
1672 2157 1718 2181 illa
1737 2163 1828 2188 opera,
1851 2158 1950 2180 tametsi
1970 2159 2084 2182 nondum

1106 2192 1220 2211 renatus.
1256 2189 1293 2211 At
1310 2188 1401 2212 Iohan.
1421 2190 1518 2221 inquit,
1537 2190 1618 2214 Dedit
1636 2191 1672 2214 eis
1691 2195 1846 2221 potestatem
1865 2191 1932 2214 filios
1950 2191 2001 2215 Dei
2019 2191 2084 2223 fieri,

1104 2221 1145 2245 his
1164 2222 1209 2253 qui
1227 2223 1337 2246 creduut
1354 2225 1381 2247 in
1400 2224 1503 2247 nomine
1523 2225 1592 2255 eius,
1611 2226 1655 2255 qui
1672 2232 1726 2248 non
1745 2232 1776 2248 ex
1794 2225 1974 2257 sanguinibus,
2000 2233 2084 2257 neque

1106 2263 1138 2279 ex
1156 2256 1290 2280 voluntate
1309 2258 1410 2288 carnis,
1434 2265 1518 2289 neque
1543 2265 1574 2282 ex
1593 2259 1726 2283 voluntate
1744 2259 1805 2288 viri,
1828 2259 1873 2282 sed
1892 2267 1924 2283 ex
1947 2259 2004 2283 Deo
2028 2261 2083 2286 nati

1105 2294 1171 2315 sunt.
1207 2290 1269 2314 Nou
1287 2292 1366 2322 igitur
1383 2292 1479 2316 habent
1496 2297 1663 2324 potestatem,
1687 2298 1715 2317 vt
1738 2293 1784 2317 filii
1809 2293 1858 2316 Dei
1878 2294 1955 2323 fiant,
1980 2294 2019 2317 illi
2037 2295 2084 2326 qui

1104 2332 1158 2348 non
1176 2329 1235 2349 sunt
1252 2332 1285 2348 ex
1302 2325 1362 2349 Deo
1381 2328 1452 2356 nati,
1474 2327 1520 2351 sed
1539 2331 1637 2351 tantum
1662 2332 1786 2357 reguntur
1804 2328 1899 2351 viribus
1922 2328 1996 2352 liberi
2015 2329 2084 2354 arbi-

1105 2360 1158 2389 trii,
1177 2359 1210 2383 Et
1228 2359 1319 2384 Iohan.
1338 2360 1385 2383 VI.
1406 2360 1524 2385 Christus
1542 2362 1633 2393 inquit.
1669 2361 1753 2385 Nemo
1772 2366 1855 2393 potest
1874 2363 1963 2386 venire
1981 2363 2015 2386 ad
2033 2371 2082 2394 me,

1105 2394 1153 2417 nisi
1173 2397 1261 2425 pater,
1280 2395 1323 2424 qui
1342 2395 1410 2418 misit
1427 2403 1482 2425 me,
1506 2397 1616 2419 traxerit
1640 2403 1706 2419 eum.
1742 2395 1775 2419 Et
1798 2396 1894 2420 Paulus
1913 2395 1988 2420 Rom.
2007 2397 2081 2423 vm.

1104 2427 1200 2452 Sensus
1228 2429 1328 2459 carnis,
1355 2436 1424 2453 mors
1449 2434 1502 2459 est,
1529 2429 1624 2454 Sensus
1649 2434 1735 2454 autem
1760 2430 1879 2461 spiritus,
1898 2431 1952 2455 vita
1977 2435 2002 2455 et
2019 2439 2080 2463 pax.

1103 2462 1184 2492 Item,
1202 2461 1299 2486 Sensus
1318 2464 1416 2493 carnis,
1434 2465 1575 2488 inimicicia
1598 2468 1637 2487 est
1658 2465 1781 2488 aduersus
1800 2465 1900 2494 Deum,
1924 2465 1989 2496 Legi
2014 2467 2082 2490 enim

1105 2496 1156 2520 Dei
1180 2504 1234 2520 non
1265 2501 1303 2520 est
1330 2497 1474 2528 subiectus,
1497 2506 1527 2522 ac
1554 2505 1585 2522 ne
1608 2502 1695 2530 potest
1718 2499 1821 2529 quidem
1845 2500 1868 2523 ei
1893 2500 1993 2523 subiici.
2029 2500 2082 2529 Qui

1103 2534 1191 2554 autem
1209 2532 1236 2555 in
1255 2538 1333 2555 carne
1351 2536 1418 2561 sunt,
1436 2532 1493 2556 Deo
1512 2532 1613 2563 plaeere
1631 2540 1682 2556 non
1701 2537 1816 2563 possunt.
1844 2533 1917 2557 Haec
1936 2534 2003 2558 adeo
2021 2539 2081 2559 sunt

1104 2570 1195 2596 aperta
1212 2566 1376 2595 testimonia,
1399 2570 1427 2589 vt
1450 2573 1502 2590 non
1521 2566 1670 2590 desiderent
1688 2571 1790 2591 acutum
1808 2567 2007 2598 intellectorem,
2032 2568 2079 2593 sed

1103 2603 1230 2624 attentum
1247 2600 1392 2625 auditorem
1411 2600 1536 2631 (libenter
1553 2602 1622 2626 enim
1639 2601 1733 2626 vtimur
1748 2602 1889 2633 Augustini
1907 2602 2001 2633 uerbis,
2021 2603 2077 2635 qui-
