2366 2958
150 156 215 190 5⁷3
501 156 540 188 11.

151 252 312 284 debemus
352 252 542 293 approbare
575 252 734 283 seuieiam
767 251 923 290 istorum,
959 253 1014 295 qui
1042 253 1130 283 hanc

151 296 335 327 doctrinam
354 300 610 336 persequuntur.
644 294 685 325 Et
698 293 883 326 Ecclesiam
907 305 984 327 esse
1006 296 1130 327 scimus

150 339 238 380 apud
261 337 344 376 hos,
374 338 427 379 qui
451 338 589 368 verbum
612 336 677 369 Dei
701 344 792 369 recte
815 338 953 377 docent,
983 345 1015 370 et
1038 344 1130 370 recte

150 381 381 413 administrant
402 387 628 419 sacramenta,
662 391 729 411 non
752 381 840 422 apud
863 380 957 421 illos,
980 381 1034 423 qui
1056 391 1130 412 ver·

150 425 228 456 buin
250 422 314 454 Dei
338 433 405 455 non
433 422 542 454 solum
565 424 682 455 edictis
712 422 824 455 delere
854 431 1035 462 conantur,
1067 423 1129 454 sed

150 467 250 499 etiam
280 472 372 497 recta
401 472 432 497 et
454 476 535 497 vera
559 467 717 497 docentes
740 467 905 498 trucidant
928 477 1009 509 erga
1031 476 1129 508 quos,

152 511 249 541 etiam
279 509 387 550 siquid
422 515 538 540 contra
568 509 722 541 Canones
750 508 889 550 faciunt,
923 516 1032 541 tamen
1066 509 1129 550 ipsi

151 551 309 584 Canones
331 552 483 583 miciores
507 559 594 583 sunt.
632 552 738 583 Porro
762 551 815 584 hic
838 553 954 584 iterum
974 551 1128 583 volumus

149 601 325 633 testatum,
358 605 420 625 nos
449 594 590 626 libenter
617 602 878 626 conservaturos
907 605 983 627 esse
1012 594 1129 626 Eccle-

150 639 319 669 siasticam
343 644 375 668 et
393 636 594 669 Canonicam
619 637 776 679 politiam,
800 639 828 669 si
850 639 949 670 modo
972 638 1129 680 Episcopi

150 681 302 712 desinant
326 681 357 711 in
380 688 514 712 nostras
539 680 709 713 Ecclesias
731 681 851 712 seuit-e.
897 681 988 713 Haec
1013 688 1128 712 nostra

149 723 307 755 voluntas
331 729 361 754 et
385 734 497 755 coram
520 723 606 762 Deo,
629 730 662 755 et
683 724 772 764 apud
795 733 910 755 omnes
935 731 1064 767 gentes,
1086 724 1128 755 ad

151 776 280 798 omnem
301 768 528 808 posteritatem
552 767 723 798 excusabit
745 776 821 805 uos,
844 777 886 798 ne
910 768 1007 798 nobis
1026 768 1128 808 impu-

149 811 213 842 tari
236 810 358 850 possit,
390 811 478 851 quod
501 809 740 850 Episcoporum
764 811 925 841 autoritas
948 808 1128 841 labefacta-

150 859 220 891 tur,
252 853 307 884 vbi
330 851 469 894 legerint
489 859 590 893 atque
612 853 776 884 audierint
799 853 967 892 homines,
996 864 1058 885 nos
1081 854 1128 884 in-

148 897 267 927 iustam
306 896 461 927 seuiciam
496 894 736 936 Episcoporum
776 896 1012 937 deprecanteS,
1046 895 1127 927 nihil

150 939 248 980 aequi
272 939 449 979 impetrare
472 939 633 979 potuisse.

202 1066 265 1097 DE
307 1065 710 1096 TRADlTlONlBVS
755 1066 981 1097 HVMANlS
1027 1067 1074 1096 lN

509 1108 773 1140 ECCLESIA.

236 1195 270 1226 ln
294 1194 445 1226 Articulo
468 1194 541 1226 XV.
572 1196 735 1236 recipiunt
767 1197 905 1237 primam
929 1201 1072 1236 partem,
1095 1196 1127 1227 in

148 1248 213 1280 qua
238 1239 375 1269 dicimus
399 1239 630 1269 obseruandos
654 1249 731 1270 esse
754 1241 837 1270 ritus
855 1238 1128 1277 Ecclesiasticos,

148 1283 203 1323 qul
228 1282 300 1312 sine
322 1287 463 1322 peccato
487 1283 660 1313 obseruari
683 1288 837 1324 possunt,
861 1289 893 1313 et
916 1283 958 1313 ad
971 1281 1128 1324 tranquil—

146 1324 272 1356 litatem
308 1330 340 1354 et
375 1324 496 1355 bonum
533 1325 679 1357 ordinem
716 1326 748 1356 in
783 1324 935 1356 Ecclesia
976 1332 1126 1366 prosunt.

146 1366 296 1399 Alteram
318 1372 446 1407 partem
476 1370 610 1399 omnino
633 1368 804 1407 damnant,
839 1369 871 1399 in
896 1378 961 1409 qua
984 1368 1124 1400 dicimus

146 1411 342 1442 traditiones
365 1408 529 1441 humanas
552 1411 717 1442 institutas
740 1411 781 1442 ad
795 1410 992 1452 placandum
1005 1411 1126 1449 Deum,

145 1454 188 1485 ad
223 1453 475 1494 promerendam
512 1454 669 1495 gratiam,
704 1460 736 1485 et
768 1453 1040 1485 satisfaciendum
1064 1465 1125 1495 pro

145 1496 294 1539 peccatis
321 1495 493 1527 aduersari
517 1495 711 1538 Euangelio.
757 1497 953 1538 Quanquam
987 1497 1019 1528 in
1053 1498 1127 1538 ipsa

146 1538 360 1571 confessione
393 1539 434 1569 de
475 1540 664 1571 discrimine
704 1540 872 1578 ciborum,
906 1540 988 1571 satis
1022 1539 1126 1572 multa

146 1583 287 1615 diximus
312 1582 354 1612 de
377 1581 628 1620 traditionibus,
656 1588 765 1614 tamen
787 1581 842 1614 hic
865 1583 1028 1624 quaedam
1050 1584 1125 1614 bre-

145 1626 231 1660 uiter
253 1624 433 1665 repetenda
455 1631 543 1656 sunt.
576 1625 683 1656 Etiam
702 1626 730 1656 si
743 1626 1046 1663 arbitrabamur80)
1068 1625 1125 1657 ad'-

145 1668 328 1705 uersarios,
353 1676 395 1698 ex
417 1666 494 1709 alijs
518 1669 631 1700 causis
660 1668 858 1700 defensuros
882 1678 958 1700 esse
980 1669 1126 1700 traditio-

145 1721 207 1743 nes
229 1710 410 1749 humanas,
437 1717 544 1742 tamen
572 1711 638 1743 hoc
664 1722 731 1743 non
753 1712 940 1751 putauimus
968 1710 1125 1750 futurum,

145 1760 182 1786 vt
204 1755 293 1785 hunc
315 1752 488 1786 articulum
513 1755 724 1793 damnarent,
748 1754 823 1786 Non
847 1755 965 1786 mereri
989 1765 1051 1786 nos
1074 1765 1124 1786 re·

145 1798 339 1829 missionem
368 1804 599 1837 peccatorum,
627 1804 683 1829 aut
707 1798 865 1839 gratiam,
889 1799 1125 1829 obseruatione

144 1840 357 1872 traditionum
380 1839 605 1872 humanarum.
646 1840 828 1882 Postquam
848 1841 948 1882 igitur
970 1841 1023 1873 hic
1046 1842 1125 1872 arti-

145 1882 242 1915 culus
265 1883 439 1913 damnatus
462 1890 524 1921 est,
548 1882 678 1915 facilem
701 1890 734 1915 et
755 1882 886 1924 planam
910 1894 1046 1915 causam
1068 1883 1126 1915 113-

145 1927 275 1958 bemus.
320 1926 416 1957 Nunc
443 1933 556 1968 aperte
587 1927 755 1958 ludaizant
778 1927 981 1967 aduersarii,
1012 1934 1126 1968 aperte

146 1970 291 2001 obruunt
313 1968 530 2011 Euangelium
552 1970 712 2001 doctrinis
731 1969 987 2001 daemoniorum.
1032 1970 1126 2001 Tunc

148 2013 235 2044 enim
257 2012 422 2053 scriptura
444 2018 545 2044 vocat
566 2013 779 2051 traditiones,
805 2013 973 2044 doctrinas
997 2013 1125 2045 daemo-

146 2056 288 2092 niorum,
311 2055 443 2096 quando
468 2055 620 2093 docetur,
643 2056 730 2097 quod
754 2056 819 2087 sint
839 2055 948 2088 cultus
962 2055 1058 2087 vtiles
1082 2057 1124 2087 ad

146 2098 397 2139 promerendam
427 2099 655 2129 remissionem
677 2105 889 2139 peccatorum
912 2106 944 2131 et
973 2101 1124 2142 gratiam.

145 2141 239 2173 Tunc
262 2141 347 2172 enim
371 2141 554 2172 obscurant
572 2141 801 2183 Euangelium,
824 2142 1019 2174 beneficium
1033 2142 1124 2174 Chri-

144 2185 198 2223 sti,
222 2190 255 2215 et
277 2183 439 2216 iusticiam
464 2184 550 2215 tidei.
596 2183 814 2226 Euangelium
846 2186 944 2217 docet
973 2196 1035 2217 nos
1059 2185 1123 2217 fide

143 2233 280 2270 propter
300 2226 469 2258 Christum
494 2228 599 2269 gratis
623 2228 776 2268 accipere
798 2230 1025 2260 remissionem
1048 2239 1122 2270 pec-

144 2277 296 2302 catorum
328 2277 360 2301 et
394 2269 602 2301 reconciliari
632 2269 716 2302 Deo.
774 2271 969 2312 Aduersarij
1005 2279 1122 2304 contra

144 2311 243 2346 aliam
265 2313 479 2345 mediatorem
504 2313 718 2349 constituunt,
742 2312 869 2345 scilicet
890 2315 952 2346 1135
977 2314 1122 2346 traditio-

144 2366 216 2387 nes.
272 2355 414 2398 Propter
447 2356 509 2388 has
544 2355 659 2388 volunt
700 2358 859 2398 consequi
892 2359 1122 2390 remissionem

143 2404 377 2441 peccatorum,
399 2409 458 2440 per
481 2399 542 2431 has
562 2398 677 2431 volunt
697 2398 831 2440 placare
854 2401 935 2432 iram
959 2400 1032 2433 Dei.
1078 2401 1122 2432 At

144 2442 299 2474 Christus
321 2449 434 2484 aperte
456 2443 543 2475 dicit.
589 2442 726 2474 Frustra
749 2442 863 2474 colunt
886 2453 938 2475 me
956 2445 1121 2475 mandatis

143 2483 321 2517 hominum.
378 2485 487 2527 Supra
520 2486 657 2527 copiose
691 2486 930 2527 disputauimus
969 2486 1122 2519 homines

145 2623 192 2655 ⁸0)
211 2623 412 2655 arbitrabamur]
430 2623 478 2649 Ed.
497 2624 536 2649 2:
555 2624 711 2648 arbitramur

584 156 814 189 APOLOGiA
836 156 1155 191 CONFESSIONlS
1177 157 1497 191 AUGUSTANAE.
1541 159 1581 191 Β.
1627 159 1815 192 ALTERA.

2095 164 2161 195 574

1182 251 1352 284 iustificari
1376 252 1457 291 tide,
1488 263 1563 285 cum
1587 255 1725 285 credunt
1753 265 1791 286 58
1812 255 1938 287 11311818
1959 255 2067 287 Deum
2091 256 2161 298 pla-

1184 300 1309 333 catum,
1338 305 1404 327 non
1426 303 1561 338 propter
1583 304 1698 328 nostra
1721 307 1841 338 opera,
1870 300 1930 330 sed
1960 301 2063 341 gratis
2086 311 2160 341 pro-

1182 343 1255 377 pter
1278 337 1455 369 Christum.
1501 339 1596 372 Hanc
1620 348 1745 372 certum
1769 346 1821 372 est
1844 341 2017 384 Euangelij
2043 344 2160 375 doctri·

1183 390 1256 410 113111
1292 390 1386 418 8558,
1420 382 1495 423 quia
1528 382 1651 414 Paulus
1687 383 1778 414 clare
1807 384 1883 415 dicit
1914 386 1956 416 ad
1980 385 2100 426 Ephes
2125 387 2159 428 ij.

1183 422 1297 453 Gratis
1321 423 1441 455 saluati
1465 425 1545 456 estis
1577 436 1636 466 per
1666 426 1780 464 fidem,
1806 434 1836 457 et
1861 428 1926 459 hoc
1948 438 2014 459 nou
2039 439 2079 459 ex
2105 439 2160 459 vo-

1989 471 2082 502 Nunc
2105 472 2160 503 isti

1183 508 1296 539 dicunt
1320 511 1500 549 promereri
1523 510 1674 542 homines
1698 513 1924 544 remissionem
1948 521 2160 554 peccatorum

1182 560 1241 592 per
1274 550 1336 582 has
1371 553 1623 584 obseruationes
1658 554 1829 586 humanas.
1888 556 1973 591 Quid
2009 557 2073 588 hoc
2107 563 2160 588 est

1182 593 1271 625 aliud
1296 605 1393 636 quain
1417 602 1549 636 praeter
1573 596 1752 634 Christum,
1776 598 1875 630 alium
1898 599 2160 638 iustificatorem‚

1181 636 1282 668 alium
1312 638 1522 669 mediatorem
1554 641 1778 672 constituere?
1828 641 1952 673 Paulus
1981 643 2084 684 inquit
2117 643 2160 674 ad

1182 679 1330 711 Galatas.
1375 680 1536 712 Euacuati
1559 683 1638 712 estis
1661 693 1681 714 a
1705 683 1851 722 Christo,
1874 686 1928 726 qui
1948 685 2023 727 lege
2046 685 2159 716 iustiti-

1182 724 1312 761 camini,
1336 723 1368 754 id
1392 730 1455 762 est,
1479 725 1514 756 Si
1538 726 1666 756 sentitis
1696 737 1758 756 vos
1783 728 1900 758 mereri
1924 729 2160 760 obseruatione

1185 465 1248 502 bis,
1271 464 1334 496 Dei
1359 467 1480 498 donum
1500 474 1562 507 est,
1587 479 1652 499 non
1675 480 1715 500 ex
1739 469 1937 502 hominibus.

1181 765 1280 807 legis,
1303 772 1339 797 vt
1356 767 1433 797 iusti
1458 777 1569 798 corani
1583 767 1657 799 Deo
1682 771 1886 810 reputemini,
1910 770 1990 801 nihil
2014 773 2160 812 proderit

1181 809 1278 840 vobis
1314 808 1486 849 Christus,
1522 811 1596 852 quia
1631 822 1790 851 quorsum
1825 823 1908 853 opus
1943 820 1995 845 est
2025 814 2159 845 Christo

1180 853 1265 889 istis,
1289 853 1342 894 qui
1365 854 1512 884 sentiunt
1534 863 1572 884 se
1594 854 1700 885 iustos
1724 865 1818 893 esse,
1841 867 1901 887 sua
1925 858 2159 888 obseruatione

1180 893 1287 937 legis?
1348 894 1442 927 Deus
1475 898 1649 938 proposuit
1682 897 1867 936 Christum,
1903 901 1990 940 quod
2025 906 2160 941 propter

1181 938 1269 969 hunc
1292 939 1515 976 mediatorem,
1536 950 1601 970 non
1626 946 1761 981 propter
1783 947 1917 972 nostras
1936 943 2083 975 iusticias
2105 953 2158 974 ve-

1181 980 1217 1012 lit
1251 982 1348 1012 nobis
1383 992 1461 1013 esse
1490 983 1671 1024 propicius.
1717 983 1762 1015 At
1792 984 1845 1014 isti
1875 985 2018 1016 sentiunt
2055 985 2160 1017 Deum
2186 1002 2193 1012 ι

1181 1033 1259 1054 8558
1281 1023 1461 1065 placatum,
1484 1026 1665 1067 propicium
1678 1033 1814 1068 propter
1826 1028 2020 1058 traditiones
2043 1034 2075 1059 et
2094 1038 2159 1059 non

1180 1073 1317 1108 propter
1346 1067 1524 1099 Christum.
1571 1068 1729 1100 Adimunt
1757 1070 1857 1112 igitur
1887 1070 2019 1101 (hristo
2055 1071 2160 1102 hono-

1182 1119 1250 1141 rem
1272 1111 1475 1142 mediatoris.
1520 1111 1592 1142 Nec
1620 1112 1757 1143 interest
1788 1114 1872 1143 inter
1902 1121 2038 1145 nostras
2061 1115 2160 1145 tradi-

1181 1153 1288 1184 tiones
1311 1159 1343 1184 et
1363 1153 1532 1185 Mosaicas
1557 1156 1779 1192 ceremonias,
1808 1157 1895 1197 quod
1915 1157 1957 1187 ad
1982 1157 2068 1187 hanc
2090 1167 2159 1188 rem

1179 1197 1305 1227 attinet.
1352 1195 1476 1228 Paulus
1501 1197 1574 1228 ideo
1597 1198 1731 1228 damnat
1753 1198 1921 1229 Mosaicas
1942 1200 2160 1238 ceremonias,

1181 1239 1267 1270 sicut
1292 1240 1489 1270 traditiones
1513 1240 1663 1278 damnat,
1686 1242 1763 1282 quia
1787 1242 2060 1273 existimabantur
2083 1252 2160 1274 esse

1180 1292 1282 1323 opera
1305 1293 1390 1324 quae
1411 1288 1615 1314 mererentur
1650 1284 1813 1315 iusticiam
1838 1295 1949 1315 coram
1980 1285 2066 1316 Deo.
2112 1285 2160 1316 lta

1180 1326 1425 1357 obscurabatur
1437 1325 1582 1357 officium
1596 1325 1718 1357 Christi
1733 1333 1763 1357 et
1782 1327 1912 1359 iusticia
1925 1327 2010 1359 fidei.
2047 1327 2160 1363 Quare

1179 1374 1307 1398 remota
1330 1367 1418 1410 lege,
1442 1370 1576 1400 remotis
1596 1370 1839 1407 traditionibus,
1864 1371 2045 1408 contendit,
2070 1371 2159 1413 quod

1178 1420 1246 1442 non
1269 1417 1406 1452 propter
1428 1411 1493 1443 ista
1516 1422 1630 1453 opera,
1653 1413 1713 1443 sed
1737 1420 1874 1454 propter
1894 1412 2060 1445 Christum
2084 1425 2159 1456 gra-

1178 1454 1219 1484 tis
1234 1455 1400 1494 promissa
1423 1455 1465 1485 sit
1485 1455 1639 1486 remissio
1661 1462 1888 1496 peccatorum,
1910 1457 2010 1488 modo
2033 1462 2070 1488 vt
2092 1457 2159 1489 fide

1177 1497 1380 1537 accipiamus
1414 1507 1496 1528 eam.
1559 1498 1643 1529 Nam
1679 1499 1853 1539 promissio
1886 1509 1953 1530 non
1987 1500 2159 1541 accipitur,

1178 1540 1241 1570 nisi
1264 1539 1342 1572 fide.
1386 1538 1468 1571 Cum
1491 1540 1592 1581 igitur
1614 1541 1679 1572 fide
1702 1542 1905 1582 accipiamus
1926 1543 2156 1575 remissionem

1176 1588 1410 1624 peecatorum,
1441 1593 1514 1614 cum
1537 1582 1603 1615 fide
1626 1584 1808 1616 habeamus
1830 1585 2014 1626 propicium
2038 1585 2159 1624 Deum,

1176 1631 1311 1667 propter
1324 1625 1504 1664 Christum,
1528 1636 1622 1657 error
1645 1633 1677 1658 et
1698 1628 1847 1668 impietas
1873 1634 1925 1659 est
1943 1629 2158 1667 constituere,

1177 1669 1266 1710 quod
1289 1679 1348 1710 per
1369 1668 1431 1700 1135
1454 1670 1709 1701 obseruationes
1732 1681 1915 1702 mereamur
1928 1672 2157 1703 remissionem

1176 1717 1402 1753 peccatorum.
1449 1713 1560 1754 Siquis
1590 1712 1644 1744 bic
1674 1713 1762 1744 dicat
1790 1724 1856 1745 non
1880 1714 1998 1745 mereri
2021 1724 2084 1745 nos
2107 1725 2157 1746 re-

1177 1754 1367 1785 missionem
1379 1761 1601 1796 peccatorum,
1624 1756 1684 1787 sed
1707 1757 1770 1787 iam
1793 1756 2001 1795 iustificatos,
2025 1767 2085 1799 per
2096 1757 2157 1789 has

1177 1797 1371 1828 traditiones
1405 1799 1522 1829 mereri
1553 1799 1704 1840 gratiam.
1755 1799 1816 1831 Hic
1850 1801 1967 1831 iterum
1997 1799 2155 1832 reclamat

1178 1838 1319 1878 Paulus,
1349 1839 1517 1872 Christum
1541 1842 1670 1882 peccati
1699 1842 1882 1874 ministrum
1906 1841 1991 1880 fore,
2026 1844 2054 1873 si
2081 1850 2156 1884 post

1177 1882 1442 1915 iustificationem
1476 1884 1683 1915 sentiendum
1717 1885 1779 1923 sit,
1814 1885 1903 1926 quod
1939 1886 2057 1917 deinde
2088 1897 2155 1918 non

1177 1932 1314 1967 propter
1338 1926 1506 1958 Christum
1530 1927 1607 1958 iusti
1631 1934 1830 1968 reputemur,
1854 1929 1914 1959 sed
1938 1929 2155 1970 priiuunime-

1177 1969 1242 1999 reri
1266 1969 1446 2001 debeamus
1470 1980 1530 2011 per
1553 1969 1636 2001 alias
1661 1971 1927 2009 obseruationes,
1949 1978 1983 2002 vt
2005 1972 2080 2003 iusti
2104 1983 2154 2004 re-

1382 2012 1478 2051 ltem,
1507 2011 1647 2044 hominis
1667 2019 1866 2045 testamento
1894 2013 1974 2045 nihil
1999 2015 2074 2045 addi
2099 2015 2154 2046 de·

1149 1996 1154 2029 l

1150 2032 1151 2036 =
1200 2018 1337 2043 utemur.

1177 2022 1243 2086 bet.
1288 2054 1379 2097 Ergo
1397 2066 1461 2087 1188
1484 2055 1546 2087 Dei
1569 2061 1782 2095 testamento,
1805 2057 1859 2098 qui
1884 2058 2042 2098 promittit
2065 2058 2151 2099 quod

1176 2104 1312 2139 propter
1335 2098 1505 2130 Christum
1535 2099 1702 2140 propicius
1732 2101 1828 2131 nobis
1853 2110 1930 2131 esse
1954 2099 2047 2138 velit,
2076 2101 2153 2132 addi

1176 2141 1284 2179 debet,
1307 2142 1396 2183 quod
1420 2143 1557 2183 primum
1588 2152 1648 2182 per
1676 2141 1736 2173 has
1761 2144 2013 2174 obseruationes
2037 2143 2153 2175 debea-

1175 2194 1247 2215 mus
1268 2186 1398 2223 mereri,
1422 2190 1455 2216 vt
1479 2185 1608 2226 accepti
1633 2191 1664 2216 et
1687 2185 1763 2216 iusti
1787 2193 1987 2227 reputemur.

1261 2227 1457 2269 Quanquam
1486 2228 1563 2270 quid
1592 2237 1676 2269 opus
1706 2235 1758 2260 est
1785 2227 1885 2269 longa
1913 2229 2151 2269 disputacione.

1173 2269 1272 2302 Nulla
1295 2271 1427 2303 traditio
1456 2281 1476 2302 a
1505 2272 1631 2302 sanctis
1655 2270 1809 2302 Patribus
1838 2272 1903 2302 hoc
1934 2270 2074 2303 consilio
2104 2272 2153 2306 inb,

1175 2315 1289 2345 stituta
1323 2320 1391 2352 est,
1426 2320 1462 2345 vt
1489 2321 1656 2345 mereatur
1681 2315 1908 2345 remissionem
1938 2321 2150 2355 peccatorum

1173 2363 1231 2389 aut
1260 2357 1441 2395 iusticiam,
1475 2358 1535 2388 sed
1566 2363 1643 2388 sunt
1673 2357 1837 2388 institutae
1864 2364 2000 2397 propter
2028 2357 2151 2389 bonum

1173 2400 1321 2431 ordinem
1344 2401 1376 2430 in
1400 2399 1570 2433 Ecclesia,
1595 2407 1626 2430 et
1650 2409 1784 2440 propter
1809 2398 2086 2441 tranquillitatem,
2110 2399 2150 2431 Et

1174 2449 1210 2475 vt
1233 2442 1311 2474 velit
1334 2442 1455 2484 aliquis
1478 2443 1649 2474 instituere
1672 2449 1763 2473 certa
1787 2452 1888 2483 opera
1907 2443 1947 2473 ad
1962 2452 2149 2483 promeren-

1174 2488 1249 2518 dam
1278 2487 1507 2518 remissionem
1539 2492 1749 2526 peccatorum
1779 2492 1833 2515 aut
1857 2485 2039 2523 iusticiam,
2069 2496 2148 2527 quo-

1173 2530 1272 2562 modo
1296 2531 1380 2561 sciet
1402 2528 1457 2560 illa
1480 2539 1581 2568 opera
1595 2527 1669 2559 Deo
1683 2527 1827 2569 placere,
1851 2538 1923 2559 cum
1948 2538 2013 2559 non
2028 2528 2149 2559 habeat

1173 2574 1391 2605 testimonium
1417 2572 1509 2603 verbi
1533 2570 1617 2602 Dei?
1640 2572 1806 2612 quomodo
1830 2571 1870 2602 dc
1895 2570 2065 2602 voluntate
2085 2570 2147 2602 Dei

1174 2622 1285 2649 certos
1324 2615 1440 2647 reddet
1479 2614 1647 2651 homines,
1686 2615 1756 2645 sine
1789 2614 1944 2646 mandato
1979 2620 2011 2645 et
2044 2615 2147 2645 verbo
