2366 2958
85 160 151 193 389
435 157 472 187 ll.
516 153 747 186 APOLOGlA
769 151 1090 185 CONFESSlONJS
1113 150 1424 185 AUGUSTANAE.
1471 150 1510 182 B.
1556 149 1741 182 ALTERA.
2021 151 2089 184 39⁰

87 251 237 282 Periodns
255 251 462 290 permanserit,
480 259 509 280 e.
533 258 561 287 g.
581 248 696 278 initium
714 247 777 277 tale
797 250 876 276 erat:
896 245 935 274 In
957 240 1088 284 quarto}
1105 247 1214 284 quinto
1235 249 1264 275 ee
1287 248 1378 274 sexto
1395 244 1473 274 hacc
1491 244 1555 274 duo
1574 243 1815 282 reprehendunt,
1835 244 1919 283 quod
1942 255 2086 283 neyamm

52 295 54 297 ’
86 295 222 324 homines
240 294 349 323 mereri
369 293 504 332 qratiam
526 295 557 320 et
579 291 731 320 iustitiam
745 289 889 329 propriis
910 287 1064 327 operibus.
1110 287 1185 316 leem
1209 287 1294 327 qnod
1311 287 1443 316 dicturus
1466 286 1613 316 hominem
1635 286 1697 324 fide
1719 287 1893 324 iiutificori.
1918 291 2031 325 nequo!
2053 297 2087 316 se

87 337 263 373 adnniztere,
281 336 367 376 quod
388 335 547 365 tribuimus
564 334 813 371 iustificationem
831 331 922 370 fidei,
947 341 1012 359 cum
1035 329 1072 359 id
1093 331 1250 368 pertineat
1280 329 1323 358 ad
1346 331 1481 368 qratiam
1507 333 1536 358 et
1561 331 1731 358 caritatem.
1778 328 1829 358 Ita
1853 333 1959 368 aperte
1983 329 2087 359 exclu-

87 380 165 410 dunt
183 379 359 408 adversarii
370 377 462 416 fidem
480 387 499 405 a
522 377 750 414 iioetifi'catione.
781 377 814 407 3)
841 374 1021 403 divisionem
1045 373 1074 401 in
1097 372 1213 411 prolixo
1239 373 1298 402 hoc
1322 372 1460 401 Articulo
1480 372 1579 401 denuo
1609 372 1768 401 addidisse
1798 370 1971 411 Philippum
1996 376 2086 411 atque

86 421 252 462 pericopas
271 421 484 460 inscripsisse3
507 419 585 459 quid
602 420 643 447 sit
657 418 737 457 fides
758 417 946 455 iustificam,
969 414 1054 454 quod
1074 414 1153 453 fides
1177 416 1210 443 in
1240 414 1395 444 Christum
1417 415 1578 451 iustificet,
1596 415 1681 454 quod
1705 415 1912 445 remissionem
1939 418 2087 453 peccato-

87 475 152 494 rum
175 463 242 494 sola
263 464 324 498 fide
346 464 378 492 ἐκ
403 461 557 492 Christum
576 470 805 501 consequamur,
829 459 868 488 de
886 458 1055 487 dilectione
1073 460 1102 487 et
1124 456 1303 496 impletione
1320 456 1410 495 leyis‚
1434 456 1608 495 Responsio
1627 457 1671 486 ad
1693 461 1873 496 nrynmenta
1893 456 2086 486 adversario-

87 518 168 545 rum,
192 516 269 545 quae
288 506 398 535 divisio
417 505 614 544 repetitiones
637 503 819 536 succidisse,
840 505 870 530 et
889 501 1065 530 brevitatem
1091 504 1160 529 ante
1184 500 1343 529 indicatam
1370 499 1530 528 induxisse
1548 500 1674 530 videtur.
1705 502 1737 536 4)
1762 499 1793 529 ln
1819 499 2007 529 secundariis
2027 499 2088 538 pla-

87 549 176 589 gulae
195 549 265 578 illae
287 559 305 578 a
327 547 493 577 venatorio
512 550 686 576 asservatae
704 548 807 575 carent
824 543 1074 583 expressionibus
1094 543 1275 581 quibusdam
1294 541 1526 575 difficilioribus,
1547 552 1625 580 quae
1644 544 1672 571 in
1692 543 1876 572 editionibus
1895 542 2021 581 reliquis
2041 552 2088 571 oc-

88 595 222 626 currunt,
241 602 267 621 e.
285 601 314 630 g.
334 601 392 620 non
411 590 550 620 laudatur
571 590 613 620 ibi
635 587 838 621 Aristoteles,
858 586 940 625 quod
959 585 996 615 de
1015 585 1149 615 moribus
1168 585 1309 615 civilibus
1332 584 1408 614 adeo
1428 585 1544 613 erudite
1570 586 1743 624 scripserit.
1769 589 1801 614 ut
1821 585 1858 614 de
1878 585 1926 614 his
1946 584 2019 614 nihil
2045 595 2088 614 re-

88 634 266 674 quirendum
289 634 330 663 nit
348 632 490 672 amplius,
509 642 566 662 nou
586 632 710 664 dicitur,
729 634 821 660 totam
840 629 1002 658 novitatem
1026 629 1105 658 vitae
1124 627 1252 662 salvare,
1272 638 1330 657 non
1350 628 1506 661 statuitur,
1532 627 1670 656 homines
1691 629 1720 656 in
1746 628 1959 657 iustificatione
1984 638 2022 656 ex
2048 628 2090 656 in-

88 677 178 707 iustis
197 678 294 706 iustos
314 676 406 710 effici,
426 675 465 704 de
484 684 546 714 qua
562 674 663 713 phrasi
691 672 801 702 deinde
830 681 976 710 agemus,
1001 675 1158 700 occurrunt
1183 672 1211 699 in
1241 671 1278 699 iis
1304 669 1473 708 frequentia
1502 669 1601 708 elogia
1626 668 1785 704 Caesaris,
1811 674 1842 699 et
1870 679 2088 709 saepenumero

89 719 310 759 promtitudinis
334 719 473 757 obsequii
493 727 564 756 erga
581 714 747 746 Caesarem
769 716 881 744 mentio
907 714 953 748 fit,
975 715 1015 743 ita
1037 717 1069 742 ut
1091 712 1232 752 plagulae
1250 712 1323 744 illae
1342 713 1501 751 Augustae
1520 713 1577 741 iam
1602 714 1792 751 conscriptae
1819 712 1991 747 videantur,
2021 722 2088 742 cum

88 771 146 802 spe
163 761 280 800 aliqua,
300 761 489 800 prolixiorem
507 758 687 798 Apologiam
710 768 728 787 a
745 756 882 787 Caesare
900 756 1033 786 auditum
1052 755 1161 786 saltem
1180 759 1332 795 receptum
1353 755 1417 785 iri.⁴‹

246 852 331 878 Nota.
366 851 394 876 ln
412 850 488 875 huius
506 848 695 874 dissertationis
714 848 738 878 §.
756 847 790 871 II.
810 847 842 871 de
861 847 996 877 ,apologiae
1016 846 1140 871 uberioris
1160 847 1263 871 auctore
1283 846 1346 870 haec
1363 845 1512 875 proponitur
1531 845 1670 869 sententia:
1690 845 1800 870 ..Auctor
1817 845 1954 875 Apologiae
1973 845 2091 874 prolixio-

90 886 125 912 ris
144 889 184 911 est
202 885 438 914 Melanchthon,
455 889 506 908 non
525 882 626 914 quidem
646 882 729 911 solus.
749 881 796 907 sed
814 885 901 906 tamen
919 881 1087 911 praecipuus,
1107 881 1140 905 ita
1160 881 1227 905 enim
1247 881 1271 905 in
1290 880 1373 905 Praet'.
1392 879 1508 904 eiusdem
1527 879 1625 903 scribit:
1646 879 1810 909 ouanquam
1830 879 1910 904 initio
1930 879 2091 909 ,lpoloaiam

90 919 264 946 iroetrtuimus
281 918 485 944 communicato
503 922 566 942 cum
583 917 650 942 aliis
667 915 793 946 consilio,
813 916 906 940 tamen
924 920 974 944 eqo
993 915 1066 939 inter
1090 913 1283 940 excudendum
1307 912 1447 943 quaedam
1469 912 1573 939 adieci.
1599 918 1689 942 Quare
1712 918 1801 938 meum
1824 918 1922 938 nomen
1945 913 2090 943 profiteor,

89 959 124 980 ne
141 954 204 984 quia
222 953 303 984 queri
317 953 410 983 possit
425 952 485 978 sine
502 953 579 977 certo
597 952 716 976 auctore
733 950 834 975 librum
852 948 958 974 editum
975 954 1044 974 esse.
1080 949 1114 973 Ex
1134 949 1171 973 his
1191 948 1275 973 verbis
1293 950 1364 978 patet
1382 948 1522 977 Philippum
1548 947 1580 971 ab
1605 947 1674 971 initio
1698 947 1722 971 in
1745 947 1929 972 conscribenda
1954 947 2001 972 hac
2026 949 2090 977 Ape-

90 988 157 1018 logia
181 988 303 1013 habuisse
325 987 421 1016 socios,
447 986 514 1011 unde
537 985 658 1015 colligere
690 985 761 1013 licet,
791 983 935 1013 Principum
962 983 1183 1012 evangelicorum,
1208 982 1317 1007 maxime
1343 982 1462 1007 Electoris
1487 981 1612 1006 saxoniae
1632 982 1792 1006 auctoritate.
1810 981 1892 1011 ipsum
1912 985 1988 1012 atque
2009 982 2091 1006 socios

87 1021 230 1051 Theologos
249 1021 396 1050 suscepisse
414 1021 482 1045 'nunc
499 1020 613 1044 laborem
634 1019 835 1049 Apologeticum;
856 1023 930 1047 porro
950 1017 1041 1042 eadem
1061 1017 1139 1041 verba
1159 1016 1258 1043 docent,
1276 1016 1419 1047 Philippum
1438 1016 1504 1040 inter
1523 1015 1699 1040 excudendum
1720 1015 1847 1046 quaedam
1867 1015 1898 1040 de
1918 1021 1965 1040 suo
1990 1018 2093 1045 praeter

88 1056 195 1081 consilia
213 1056 368 1086 reliquorum
387 1055 573 1083 Theologoruni
592 1053 731 1082 adiecisse;
750 1053 814 1076 haec
832 1054 917 1076 autem
938 1051 970 1076 ad
995 1051 1077 1076 locum
1103 1051 1135 1075 de
1159 1050 1336 1076 iustificatione
1361 1050 1529 1080 pertinuisse.
1552 1049 1679 1079 Epistulae
1706 1049 1738 1074 ad
1764 1050 1943 1074 camerarium
1962 1050 1986 1079 §.
2011 1052 2092 1074 antec.

89 1093 140 1115 not.
159 1090 183 1115 d.
202 1090 330 1119 allegatae
350 1089 467 1117 indicant,
485 1087 568 1118 quoad
585 1087 653 1112 hunc
672 1092 734 1115 ergo
753 1086 892 1110 Articulum
913 1085 1041 1115 Philippus
1060 1085 1140 1114 solus,
1159 1084 1243 1115 quoad
1261 1085 1373 1115 reliquos
1392 1084 1545 1114 praecipuus
1564 1088 1652 1108 auctor
1669 1088 1707 1108 est
1727 1083 1888 1109 habendusf·

245 1131 366 1156 Similiter
383 1137 406 1154 a.
427 1131 500 1153 1741.
521 1129 552 1154 de
571 1129 694 1159 Apologia
713 1129 760 1153 sub
781 1127 896 1152 eiusdem
916 1127 1082 1152 Fenerlini
1101 1126 1228 1157 praesidio
1249 1127 1313 1152 Car.
1333 1126 1412 1151 Frid.
1433 1126 1601 1151 Krafstius
1620 1127 1644 1151 in
1664 1126 1844 1151 dissertatione
1862 1125 1897 1151 de
1915 1125 2094 1157 confessione

90 1168 155 1196 Aua.
174 1171 200 1192 a.
219 1167 295 1191 1530.
314 1165 417 1195 septies
435 1164 586 1194 imm-essa,
606 1169 682 1193 quain
702 1163 726 1187 in
746 1163 798 1186 vol.
817 1162 895 1187 xxw.
921 1168 943 1190 p.
964 1162 1012 1184 477
1032 1167 1070 1192 sq.
1095 1162 1225 1189 recensui,
1249 1161 1370 1186 disseruit.
1395 1161 1418 1191 ἓ.
1437 1160 1474 1185 xl.
1494 1166 1517 1190 p.
1541 1160 1660 1184 20—-22,
1687 1160 1755 1184 hisce
1782 1160 1882 1185 verbis:
1906 1160 1994 1190 „Prior
2018 1160 2094 1185 Prae-

91 1199 153 1224 satio
171 1197 197 1232 [a
215 1199 376 1224 ›lelanihone
396 1198 557 1223 confessioni
575 1197 729 1227 praemissa]
748 1197 811 1220 haec
830 1196 906 1220 habet
924 1197 1016 1220 verba:
1035 1194 1197 1222 ,lddidi'mns
1215 1197 1244 1220 et
1261 1194 1436 1225 Apoloyiam,
1455 1200 1530 1224 qnae
1546 1194 1631 1219 etiam
1651 1195 1726 1220 Caes.
1754 1194 1899 1219 Maiestam·
1922 1194 2020 1220 oblata
2044 1196 2094 1220 est.

96 1233 257 1260 verebamur
273 1233 344 1258 enim
359 1233 506 1263 futurum,
526 1233 559 1257 ut
575 1231 644 1257 alibi
659 1229 790 1256 ederetur
807 1235 862 1255 uon
878 1229 1022 1260 foelicius,
1041 1235 1128 1259 quam
1145 1229 1223 1255 edita
1240 1231 1284 1255 est
1300 1228 1449 1259 consessio.
1487 1230 1529 1253 Ast
1549 1228 1652 1254 Caesari
1671 1229 1775 1253 brevem
1794 1229 1905 1259 aliquam
1925 1229 1950 1253 in
1970 1228 2095 1257 comitiis,

90 1267 203 1292 nondum
223 1268 303 1294 lecta.
322 1267 369 1291 sed
388 1266 475 1291 audita
494 1269 592 1290 tantum
611 1265 797 1290 Pontificiorum
817 1264 980 1291 refutatione,
999 1264 1168 1293 conscriptam
1188 1264 1335 1293 Apologiam
1355 1262 1436 1288 ruisse
1456 1263 1580 1290 oblatam.
1599 1262 1761 1288 notissimum
1782 1264 1835 1287 est.
1860 1262 1900 1287 hic
1923 1264 2011 1287 autem
2034 1263 2096 1287 sub-

89 1302 159 1331 iungi
178 1301 337 1326 Confessioni
356 1300 504 1330 ,apologiam
523 1300 680 1328 uberiorem,
700 1303 776 1328 quam
795 1298 924 1327 Philippus
943 1298 1025 1327 domi,
1043 1301 1068 1323 et
1087 1302 1177 1323 nactus
1196 1299 1294 1322 interea
1314 1293 1478 1328 ἅπόγραᾳον
1496 1296 1665 1321 Rel'utationis
1684 1295 1830 1321 pontificiae
1850 1297 2050 1327 conscripserat.
2070 1300 2095 1320 et

88 1335 217 1360 Praefatio
235 1335 383 1364 Apologiae.
404 1338 430 1358 et
447 1334 503 1363 ipsa
521 1333 637 1358 eiusdem
656 1332 779 1362 inspectio
799 1331 902 1356 docent:
922 1332 1058 1357 Conficitur
1075 1332 1160 1362 itaque
1179 1338 1211 1356 ex
1229 1332 1280 1361 his,
1300 1332 1410 1361 primum
1430 1331 1510 1356 l'uisse
1531 1330 1622 1356 Editori
1640 1331 1767 1356 animum.
1786 1331 1913 1356 subiicere
1933 1330 2098 1356 confession-i

89 1369 232 1394 breviorem
251 1368 321 1394 illam
339 1368 501 1399 Apologiam‚
521 1367 574 1392 sive
592 1367 796 1392 Delineationem
813 1366 884 1391 illam
903 1366 1050 1396 Apologiae,
1068 1371 1084 1391 a
1103 1366 1228 1396 cumaeo
1247 1366 1392 1395 vulgatam,
1417 1368 1442 1389 et
1461 1366 1591 1394 Augustae
1617 1365 1801 1395 conscriptam,
1827 1365 1874 1390 sed
1896 1368 2013 1391 mutasse
2037 1370 2097 1389 con-

88 1403 183 1428 silium.
217 1402 302 1433 Ipsam
320 1402 387 1427 hanc
405 1401 570 1426 mutationem
590 1407 699 1432 eamque
717 1406 768 1425 non
787 1405 864 1425 unam
888 1399 1031 1425 clarissime
1054 1399 1150 1425 indicat
1173 1399 1309 1430 peculiaris
1333 1398 1461 1425 Praelatio
1486 1399 1622 1430 ,apologiae
1647 1399 1672 1424 in
1697 1399 1809 1424 editione
1832 1399 1882 1424 hac
1905 1398 2021 1430 Principe
2045 1404 2097 1424 non

88 1437 145 1462 sine
163 1437 248 1462 causis
266 1436 370 1462 sonticis
388 1436 543 1466 praemissa:
562 1434 681 1460 praefixit
697 1435 756 1460 huic
774 1433 930 1459 Praefationi
953 1434 1131 1459 Melanchthon
1157 1439 1252 1459 nomen
1274 1439 1365 1464 sunm,
1389 1435 1465 1464 atque
1490 1434 1515 1458 in
1539 1433 1624 1459 medio
1650 1433 1767 1458 eiusdem
1792 1433 1857 1459 haec
1881 1433 1981 1459 scribit:
2008 1434 2098 1463 Quan-

88 1476 176 1502 quam
192 1472 288 1497 autem
305 1470 385 1496 inuio
402 1469 563 1501 Apoloylam
580 1468 763 1499 instituimus,
783 1480 816 1485 —
834 1481 868 1486 ο-
885 1467 992 1494 editum
1008 1473 1078 1494 ease.
1099 1467 1177 1499 [Haec
1199 1469 1279 1493 verba
1303 1468 1353 1493 iam
1376 1473 1455 1498 supra
1479 1468 1559 1493 allata
1583 1467 1661 1498 sunt.]
1689 1468 1819 1498 Duplieem
1845 1468 1886 1493 hic
1910 1469 2096 1493 commemorat
2133 1461 2141 1467 '

87 1505 251 1537 Apologlam,
269 1505 378 1530 alteram
397 1504 584 1530 communicato
602 1509 660 1529 cum
679 1503 736 1528 aliis
755 1501 860 1528 consilio
884 1502 1039 1533 institutam,
1058 1501 1167 1527 alteram
1190 1502 1258 1528 inter
1281 1501 1457 1528 excudendum
1481 1501 1633 1532 quibusdam
1656 1501 1843 1527 adiectionibus
1867 1503 2005 1533 mutatam
2027 1502 2098 1527 Prior

87 1539 164 1565 facile
182 1539 314 1565 videretur
331 1544 390 1564 esse
409 1538 497 1564 Brevis
515 1538 558 1563 illa
577 1538 698 1568 Apologia
716 1538 847 1567 Augustae
866 1536 957 1562 litteris
976 1537 1138 1567 consignata;
1155 1537 1249 1562 Verum
1269 1542 1326 1561 cum
1345 1537 1409 1562 haec
1427 1536 1452 1561 in
1476 1536 1585 1562 Historia
1608 1537 1634 1561 Α.
1655 1535 1680 1561 C.
1700 1536 1859 1566 Chytraeana
1884 1536 1925 1562 vix
1944 1537 1959 1560 4
1978 1536 2097 1567 plagulas

87 1573 209 1605 impleat,
227 1573 331 1599 uberior
348 1574 435 1598 autem
453 1572 574 1603 Apologia
592 1571 624 1595 37
644 1571 755 1602 plagulis
773 1572 886 1601 constet,
905 1571 1012 1601 insignis
1031 1571 1095 1596 haec
1120 1571 1285 1601 amplificatio
1308 1576 1356 1601 per
1377 1571 1459 1596 solam
1483 1570 1652 1596 adiectionem
1677 1570 1852 1601 quorundam,
1879 1570 1946 1596 inter
1969 1571 2098 1596 excuden-

89 1608 152 1633 dum
167 1607 273 1636 factom,
291 1607 362 1632 innui
378 1612 430 1632 non
447 1608 543 1637 potest:
562 1606 656 1637 duplex
673 1606 750 1636 igitur
766 1605 869 1630 uberior
886 1605 1008 1635 Apologia
1026 1605 1195 1635 intelligenda
1214 1607 1268 1635 est,
1287 1606 1370 1631 altera
1388 1606 1575 1631 communicato
1594 1611 1650 1630 cum
1670 1605 1727 1630 aliis
1747 1605 1853 1630 consilio
1871 1605 1995 1635 instituta.
2015 1605 2099 1631 altera

89 1648 106 1667 a
123 1642 179 1668 solo
196 1641 390 1667 :lelanchthone
408 1641 433 1666 in
451 1639 604 1672 quibusdam
622 1642 698 1665 aucta
715 1640 782 1664 inter
800 1638 985 1665 excudendum.
1021 1639 1134 1670 vestigia
1152 1640 1227 1665 huius
1246 1640 1395 1666 mutationis
1413 1639 1481 1665 haud
1501 1640 1611 1666 obscura
1630 1639 1724 1670 reperit
1749 1639 1776 1665 D.
1794 1640 1903 1666 Praeses
1924 1639 2096 1672 [Fenerlinus]

89 1676 116 1702 in
134 1675 289 1702 Bibliotheca
307 1675 408 1706 publica
427 1674 534 1700 illustris
552 1674 620 1705 Reip.
639 1673 875 1704 Norimbergensis3
894 1679 986 1704 nempe
1004 1674 1035 1699 vl
1052 1674 1172 1704 plagulas
1191 1674 1329 1705 Apologiae
1348 1675 1373 1699 in
1392 1675 1415 1698 4.
1435 1675 1452 1699 1.
1471 1673 1499 1699 K.
1518 1674 1544 1700 L.
1563 1674 1591 1699 11.
1611 1674 1638 1700 N.
1658 1674 1683 1700 0.
1709 1673 1799 1699 iisdem
1823 1674 1904 1705 typis,
1927 1675 1969 1706 qui
1994 1675 2021 1700 in
2045 1674 2099 1700 edi-

91 1710 160 1736 tione
179 1711 205 1735 A.
224 1709 249 1735 C.
269 1712 295 1734 et
312 1709 434 1740 Apologia
451 1709 564 1739 Principe
583 1708 662 1737 obvii,
681 1714 803 1738 excusas,
822 1710 900 1739 atque
918 1708 1054 1734 articulum
1073 1708 1105 1733 de
1124 1708 1305 1734 iustificatione
1324 1709 1400 1739 plane
1420 1702 1498 1733 aliui'n
1517 1708 1683 1737 exhibentes,
1702 1713 1777 1739 quam
1802 1708 1827 1733 in
1853 1708 2007 1734 editionibus
2031 1710 2095 1740 Apo-

89 1744 183 1774 logne,
199 1744 225 1774 §.
243 1744 290 1769 XV.
308 1743 487 1772 recensendis,
505 1743 614 1772 legitur;
632 1742 657 1767 in
675 1743 723 1767 hoc
740 1742 818 1772 igitur
834 1742 940 1768 articulo
959 1743 1094 1773 Apologiae
1115 1742 1146 1767 de
1165 1742 1345 1768 lustilieatione
1364 1743 1493 1773 Philippus
1514 1743 1598 1768 denuo
1617 1742 1719 1768 videtur
1736 1744 1852 1768 mutasse
1863 1743 2012 1774 Apologiam
2031 1743 2095 1768 ube-

90 1779 197 1804 riorem,
214 1783 280 1808 quae
298 1777 354 1802 sola
372 1777 439 1802 inter
456 1777 534 1802 libros
552 1777 679 1802 Ecclesiae
703 1779 806 1801 nostrae
833 1777 991 1806 symbolicos
1015 1778 1119 1807 recepta
1144 1778 1196 1806 est,
1221 1777 1255 1802 ita
1278 1777 1380 1807 quidem
1405 1779 1432 1801 ut
1454 1777 1574 1807 plagulae
1601 1777 1661 1802 illae
1685 1777 1714 1802 Vl
1737 1777 1875 1802 exhibeant
1901 1778 1927 1802 in
1949 1778 1997 1803 hac
2024 1780 2097 1808 parte

91 1811 446 1871 Apglogiam‘fommunirato
465 1817 522 1836 cum
541 1811 598 1836 aliis
617 1811 723 1836 consilio
742 1810 893 1841 institutam,
911 1811 960 1836 alia
971 1808 1042 1836 xvero
1061 1811 1179 1841 exempla
1199 1810 1317 1836 editionis
1336 1811 1457 1841 Principis
1476 1817 1519 1836 ea.
1539 1817 1605 1842 quae
1625 1811 1695 1836 solus
1715 1811 1843 1842 Philippus
1861 1811 1955 1837 adiecit
1972 1812 2038 1837 inter
2055 1818 2099 1837 ex—

90 1853 121 1872 cu
142 1853 174 1872 en
194 1852 244 1872 um.
281 1851 330 1871 etc.

246 1889 356 1919 Uterque
374 1887 450 1918 igitur
467 1886 575 1912 iudicat.
595 1887 672 1912 etiam
691 1887 716 1912 in
735 1887 853 1912 uberiore
872 1887 995 1917 Apologia
1014 1887 1170 1912 elaboranda
1189 1887 1375 1912 Melanthonem
1395 1888 1478 1912 socios
1498 1887 1620 1912 habuisse
1639 1894 1663 1912 ei
1683 1888 1782 1913 nonnisi
1802 1888 1884 1913 iocum
1908 1887 1943 1914 de
1962 1887 2098 1919 iustifica-

91 1923 181 1953 tione,
201 1922 283 1953 qualis
302 1923 327 1946 in
346 1921 494 1951 ungaribus
513 1921 638 1951 exemplis
656 1923 810 1946 retractatus
830 1921 938 1951 tegatur,
957 1922 989 1946 ab
1014 1922 1069 1952 ipso
1089 1922 1144 1947 solo
1167 1927 1226 1947 esse
1251 1922 1388 1951 scriptum,
1413 1927 1470 1946 cum
1495 1922 1563 1952 prior
1581 1922 1657 1947 huius
1680 1922 1728 1947 loci
1753 1922 1835 1947 forma
1861 1922 1989 1948 communi
2014 1922 2099 1948 studio

92 1957 239 1985 elaborata.
258 1961 324 1987 quae
343 1955 367 1980 in
385 1955 441 1980 solo
460 1955 668 1986 Norimbergensi
686 1955 804 1985 exemplo
823 1957 1004 1985 conservetur.
1024 1955 1117 1981 abolita
1136 1958 1214 1981 esset.

248 1998 290 2023 llis
309 1997 407 2023 iudiciis
426 1997 530 2022 minime
548 1998 689 2027 assentior,
707 1997 755 2023 sed
773 1998 834 2023 mihi
853 2002 1006 2028 persuasum
1026 2000 1080 2025 est,
1098 1997 1181 2023 solam
1199 1998 1309 2028 priorem
1330 1998 1476 2028 Apologiam
1496 1998 1652 2027 brenorem,
1671 1999 1822 2029 praesertim
1843 1999 1926 2029 illam,
1945 1999 2048 2029 Qualem
2067 2005 2100 2024 ex

92 2033 216 2063 spalatini
234 2032 381 2062 apographo
399 2031 599 2061 Guelferbytano
617 2037 695 2062 supra
713 2032 790 2062 edidi,
809 2033 931 2057 assumtis
950 2032 1025 2057 sociis
1044 2038 1060 2057 a
1078 2032 1238 2057 Melanthone
1257 2038 1315 2058 esse
1335 2036 1478 2062 exaratam:
1499 2038 1559 2058 uam
1578 2033 1633 2058 eius
1658 2033 1867 2059 retractationem
1892 2033 1919 2059 in
1943 2033 2035 2058 eodem
2053 2033 2100 2059 Co·

92 2067 148 2092 dice
167 2070 243 2097 atque
262 2065 384 2092 onoldino
403 2068 429 2091 et
453 2065 612 2095 Chmaeano
630 2068 775 2091 contentam
802 2072 818 2091 a
836 2066 892 2092 solo
916 2066 1076 2092 Melanthone
1096 2072 1155 2092 esse
1174 2067 1267 2092 tactam
1295 2067 1355 2092 mihi
1378 2067 1591 2092 verisimillimum
1614 2067 1721 2093 videt-ur.
1755 2068 1834 2094 Multo
1858 2068 1942 2097 magis
1964 2068 2005 2092 hic
2028 2068 2099 2093 solus

93 2105 182 2127 auctor
200 2104 239 2125 est
262 2100 394 2130 amplioris
417 2099 565 2130 Apologiae.
588 2105 741 2130 quamquam
767 2101 792 2125 in
815 2100 982 2131 praefationis
1006 2100 1060 2125 loco
1085 2101 1162 2126 allato
1186 2107 1231 2131 pro.
1254 2107 1302 2126 sua
1325 2100 1450 2126 modestia
1475 2101 1590 2132 scripsit.
1614 2107 1642 2127 se
1669 2102 1734 2127 inter
1757 2101 1935 2127 excudendum
1960 2101 2100 2132 quaedam

93 2134 243 2165 adiecisse,
262 2140 307 2165 pro
327 2134 417 2165 quibus
436 2134 522 2159 verbis
541 2133 626 2159 verius
645 2133 760 2166 dixisset,
778 2140 816 2163 se,
835 2135 1042 2160 confutationem
1061 2138 1174 2165 nactum,
1193 2135 1268 2165 plane
1288 2141 1379 2160 novam
1404 2136 1530 2166 longeque
1550 2136 1694 2161 uberiorem
1720 2136 1884 2166 elaborasse,
1902 2138 1930 2161 ut
1953 2135 2099 2162 Confessio-

94 2175 153 2195 nem
172 2170 347 2199 Augustanam
367 2169 398 2193 ab
417 2167 624 2193 adversariorum
643 2168 777 2194 salumniis
795 2175 863 2194 nunc
881 2169 985 2194 demum
1005 2169 1150 2195 accuratius
1169 2169 1277 2199 cognitis
1295 2170 1396 2200 plenius
1415 2169 1576 2195 defenderet.

250 2247 417 2287 Postquam
436 2247 668 2277 Feuerliuus
689 2249 814 2286 primum
833 2259 858 2278 a.
880 2251 972 2279 1731.
995 2250 1024 2278 in
1043 2250 1131 2279 Actis
1149 2249 1356 2289 Franconicis‚
1376 2253 1407 2279 et
1430 2250 1539 2279 deinde
1558 2260 1584 2279 a.
1603 2252 1703 2285 1741„
1723 2249 1774 2279 illo
1797 2249 1948 2289 praeside,
1968 2249 2100 2279 Steur-

95 2289 191 2320 wald
212 2291 242 2320 in
261 2291 475 2320 dissertatione
497 2290 586 2320 modo
606 2290 725 2320 laudata
749 2291 786 2320 de
810 2291 859 2321 his
879 2293 897 2321 6
917 2291 1051 2331 plagulis
1078 2291 1185 2321 l—o.
1211 2293 1247 2322 ab
1278 2294 1344 2331 ipso
1375 2296 1496 2322 auctore
1526 2292 1651 2328 deletis,
1677 2294 1705 2322 in
1736 2303 1794 2322 uno
1818 2291 1956 2331 exemplo
1983 2291 2100 2322 Norim-

96 2333 238 2372 bergensi
263 2334 452 2363 conservatis
480 2334 681 2373 scripserant,
706 2343 783 2362 anno
811 2336 902 2364 1747.
928 2336 1017 2364 etiarn
1038 2334 1174 2373 Georg.
1198 2333 1268 2365 lac.
1293 2334 1517 2364 Schwindel
1543 2336 1607 2375 (qui
1633 2336 1700 2375 ipse
1729 2335 1798 2365 ficto
1826 2336 1945 2364 nomine
1974 2334 2051 2365 The
2062 2346 2098 2365 o-

96 2375 193 2414 phili
212 2375 362 2405 Sinceri
381 2376 410 2406 in
434 2376 523 2406 libris
546 2377 614 2406 suis
632 2385 669 2405 se
691 2377 841 2413 vocavit),
862 2375 1017 2407 Diaconus
1037 2376 1304 2417 Norimbergensis
1327 2377 1431 2416 templi
1455 2377 1587 2417 Spiritus
1607 2378 1639 2407 S.
1663 2382 1692 2407 et
1715 2377 1824 2407 Senior
1842 2376 1974 2417 Capituli
1993 2381 2028 2417 (1-
2051 2381 2098 2408 14.

98 2418 175 2457 Aug.
199 2419 305 2454 1752.)
317 2419 350 2456 ³)
368 2419 581 2449 accuratiorem
605 2418 743 2448 eiusdem
762 2419 892 2459 exempli
915 2419 1148 2459 descriptionem
1169 2421 1327 2460 proposuit
1345 2421 1373 2449 in
1397 2420 1489 2450 libro:

204 2562 231 2592 ')
250 2562 385 2621 {eugipius}
397 2563 509 2623 viliiiLvita
522 2564 680 2628 gggiptilsqque
698 2563 764 2588 conr.
783 2561 890 2595 ungena.
911 2563 1003 2589 literar.
1023 2563 1142 2597 Unqeiget
1163 2566 1236 2590 1801.
1258 2566 1298 2591 Nr.
1316 2564 1358 2589 56.
1378 2571 1434 2595 pag.
1456 2564 1506 2588 529
1527 2570 1581 2595 sqq.
1606 2567 1631 2589 et
1654 2564 1756 2590 Willii
1783 2564 1926 2598 mutaberg.
1953 2564 2103 2596 &delutum
2123 2583 2125 2585 .

387 2613 392 2618 -
474 2604 504 2629 vp.
591 2604 604 2623 s
639 2617 644 2622 .

1837 2650 1892 2674 25·
