2366 2958
91 131 158 165 489
440 129 480 163 11.

93 223 308 262 confusione,
338 233 411 256 cum
433 222 528 254 Deus
557 222 680 253 iudicat
702 227 735 253 et
757 222 865 263 arguit
886 230 968 259 noS,
1002 219 1072 252 Sed

92 267 178 299 fides
201 268 234 298 in
267 266 433 298 Christum
468 263 588 296 liberat
620 265 653 295 in
681 265 732 295 his
766 263 962 305 pauoribus,
996 263 1072 304 quia

92 310 218 342 scimus
246 315 381 351 propter
410 307 595 343 Christum,
637 308 735 338 nobis
772 306 913 349 ignosci.
958 304 1073 337 Caete-

92 363 165 384 rum
194 351 279 383 haec
306 351 476 382 sentencia
505 350 546 381 de
578 348 764 387 dilectione,
798 353 929 389 sumpta
953 354 1003 379 est
1033 357 1072 378 ex

91 395 298 437 prouerbijs,
326 394 383 425 vbi
405 392 580 424 antithesis
604 391 696 424 clare
719 392 878 428 ostendit,
907 390 1072 432 quomodo

93 435 230 479 intelligi
253 437 382 468 debeat.
427 435 545 466 Odium
569 435 708 466 suscitat
730 435 832 471 rixas,
862 439 895 464 et
912 433 1073 479 yniuersa

93 478 215 511 delicta
237 480 318 520 tegit
341 476 484 509 dilectio.

179 521 267 553 ldern
289 529 427 562 prorsus
451 520 569 557 docet,
592 519 681 561 quod
704 517 760 549 illa
783 516 878 549 Pauli
904 517 1073 548 sentencia

93 574 135 596 ex
159 562 422 595 Colossensibus
444 568 591 603 sumpta,
617 568 652 593 vt
683 562 710 592 si
734 570 820 602 quae
843 560 1072 590 dissensiones

92 606 280 644 inciderint,
309 606 497 647 mitigentur
519 611 550 635 et
573 608 812 645 componantur
833 602 1017 643 aequitate,
1040 607 1073 632 et

93 649 327 680 commoditate
348 655 476 679 nostra.
528 647 766 678 Dissensiones
789 646 893 686 inquit
917 650 1073 676 crescunt

93 691 191 732 odiis,
214 697 249 722 vt
271 700 374 731 saepe
396 691 544 722 videmus
566 699 608 721 ex
631 688 808 719 leuissimis
833 686 1072 719 offensionibus

92 734 251 764 maximas
280 733 415 771 fieri50)
445 732 645 775 tragoedias·
691 730 876 762 inciderant
910 731 1073 770 quaedam

91 776 178 807 inter
200 775 236 807 C.
259 775 439 807 Caesarem
463 781 495 806 et
517 774 706 814 Pompe-ium
736 772 828 804 leues
859 772 1072 809 offensiones

91 818 124 849 in
147 819 267 859 quibus
301 818 329 848 si
359 816 444 849 alter
471 816 567 848 alteri
600 815 768 856 paululum
795 816 973 854 cessisset,
1006 825 1072 846 non

92 861 260 892 extitisset
291 858 412 891 bellum
435 858 549 896 ciuile,
580 859 647 890 Sed
671 859 746 889 dum
777 865 915 899 vterque
932 868 1071 908 smorem

92 904 177 944 gerit
201 903 277 934 odio
299 912 372 937 suo,
395 912 435 933 ex
454 913 491 933 re
509 901 601 933 nihili
620 901 751 932 maximi
769 907 880 932 motus
899 902 961 931 orti
983 906 1070 932 sunt.

91 945 134 976 Et
157 945 278 977 multae
293 947 346 981 ⁵¹)
368 945 401 976 in
425 943 577 975 Ecclesia
601 943 758 975 haereses
778 950 873 974 ortae
891 950 978 980 sunt,
1002 950 1072 974 tan-

91 993 160 1019 tum
195 988 272 1018 odio
288 989 340 1025 ⁵²)
375 988 557 1018 doctorum.
616 986 729 1027 ltaque
763 996 829 1016 non
858 986 898 1016 de
927 986 1070 1026 proprijs

92 1028 242 1067 delictis,
277 1030 338 1060 sed
362 1030 402 1060 de
424 1029 541 1060 alienis
566 1027 725 1069 loquitur,
749 1039 821 1059 cum
844 1029 905 1066 ait,
930 1027 1072 1059 Dilectio

90 1073 170 1114 tegit
201 1071 339 1109 delicta,
369 1071 523 1102 videlicet
553 1070 661 1102 aliena
691 1078 722 1101 et
752 1071 883 1112 quidem
907 1071 992 1101 inter
1014 1070 1071 1102 ho-

91 1116 215 1152 mines,
244 1114 276 1145 id
301 1121 370 1152 est,
399 1113 505 1145 Etiam
528 1114 557 1144 si
581 1123 666 1154 quae
689 1113 889 1144 offensiones
912 1113 1070 1150 incidunt,

90 1162 201 1188 tamen
225 1155 356 1188 dilectio
380 1155 578 1194 dissimulat,
602 1156 756 1197 ignoscit,
782 1156 884 1193 cedit,
915 1166 981 1186 non
1005 1166 1022 1186 a
1050 1156 1071 1186 it

89 1200 201 1231 omnia
234 1210 363 1230 summo
392 1200 473 1230 iure.
527 1199 644 1230 Petrus
677 1199 777 1239 igitur
808 1209 873 1229 non
902 1198 966 1229 hoc
990 1209 1032 1228 vu
1049 1205 1071 1236 t,

87 1242 178 1284 quod
213 1240 344 1273 dilectio
380 1252 491 1272 coram
524 1241 599 1272 Deo
640 1247 804 1272 mereatur
844 1241 1070 1272 remissionem

88 1289 316 1325 peccatorum,
341 1285 430 1325 quod
453 1285 496 1314 sit
518 1284 713 1325 propiciatio
732 1282 872 1314 excluso
890 1284 1071 1314 mediatore

83 1325 237 1364 christo,
261 1327 351 1367 quod
372 1333 558 1367 regeneret,
581 1336 621 1356 ac
639 1325 804 1362 iustificet‚
821 1328 873 1363 Η)
897 1326 963 1358 Sed
982 1326 1070 1367 quod

88 1377 172 1410 erga
193 1367 346 1400 homines
369 1379 435 1400 non
459 1369 502 1399 sit
523 1378 669 1405 morosa,
691 1378 758 1398 non
781 1378 911 1409 aspera,
933 1378 1001 1399 non
1024 1369 1070 1399 in-

86 1409 290 1449 tractabilis,
319 1411 407 1452 quod
438 1412 599 1452 quaedam
629 1417 740 1442 errata
768 1412 949 1442 amicorum
978 1411 1069 1441 dissi-

87 1451 207 1492 mulet,
244 1453 333 1495 quod
367 1463 477 1485 mores
505 1453 642 1485 aliorum
663 1454 759 1485 etiam
782 1454 969 1494 asperiores
993 1454 1070 1484 boni

88 1495 260 1534 consulat,
296 1497 383 1529 sicut
411 1494 560 1538 vulgaris
595 1497 756 1537 quaedam
779 1496 949 1527 sentencia
977 1505 1071 1536 prae-

87 1539 177 1580 cipit.
222 1538 337 1570 Mores
359 1539 458 1570 amici
481 1540 627 1577 noueris,
649 1549 716 1570 non
741 1538 863 1579 oderis,
886 1538 1004 1579 Neque
1026 1544 1070 1570 te·

88 1591 180 1613 mere
213 1582 256 1612 de
288 1581 353 1613 hoc
381 1581 493 1612 officio
525 1580 710 1613 dilectionis
741 1582 840 1612 toties
863 1582 1070 1622 praecipiunt

87 1622 254 1665 Apostoli,
278 1624 366 1665 quod
390 1622 584 1665 Philosophi
608 1630 729 1656 vocant
750 1627 922 1658 ἐπιείκειαν,
946 1624 1068 1656 Neces-

86 1667 179 1698 saria
212 1672 263 1697 est
291 1667 379 1698 enim
411 1666 495 1698 haec
528 1667 633 1698 virtus
662 1667 705 1698 ad
734 1665 899 1707 publicam
930 1676 1069 1698 concor-

87 1708 176 1740 diam
209 1710 457 1747 rentinendam,
493 1719 577 1750 quae
605 1720 671 1740 non
699 1715 809 1750 potest
839 1710 977 1747 durare,
1006 1710 1069 1740 nisi

86 1750 190 1783 multa
213 1750 437 1790 dissimulent,
459 1751 561 1783 multa
583 1753 772 1783 condonent
794 1752 878 1784 inter
899 1762 937 1783 se
958 1758 1069 1793 pasto-

82 1803 157 1832 -res,
181 1801 214 1825 et
237 1793 424 1825 Ecclesiae.

174 1836 225 1867 Ex
248 1836 369 1868 laeobo
391 1837 504 1868 citant.

86 1880 179 1911 ribus
201 1879 399 1910 iustificatur
425 1878 542 1916 homo,
573 1885 605 1910 et
627 1889 695 1911 non
718 1889 759 1910 ex
782 1879 847 1911 fide
875 1878 959 1911 sola.

88 1931 154 1964 que
183 1920 267 1953 alius
294 1920 391 1953 locus
418 1921 508 1953 vllus
537 1922 643 1963 magis
675 1928 809 1963 putatur
842 1921 981 1955 officere
1010 1933 1069 1954 no-

86 1970 177 1995 strae
200 1965 401 2002 sentenciae,
425 1965 486 1995 sed
508 1970 561 1995 est
583 1963 689 1996 facilis
714 1971 744 1996 et
763 1964 862 2005 plana
881 1966 1068 2006 responsio.

87 2006 124 2038 Si
146 2016 212 2038 non
235 2013 375 2038 assuant
396 2007 580 2048 aduersarij
609 2017 690 2039 suas
715 2008 888 2048 opiniones
913 2009 954 2039 de
977 2009 1067 2039 meri-

86 2050 131 2080 tis
153 2059 308 2090 operum,
335 2049 446 2080 lacobi
476 2050 579 2080 verba
607 2049 687 2081 nihil
709 2049 832 2082 habent
854 2051 1065 2082 incommodi.

87 2091 156 2123 Sed
178 2093 367 2133 vbicunque
389 2091 426 2122 fit
447 2092 569 2122 mentio
593 2102 740 2133 operum,
764 2094 947 2133 aduersarij
972 2093 1067 2125 affin—

89 2142 168 2176 gunt
193 2136 273 2165 suas
295 2134 412 2174 impias
436 2134 628 2175 opiniones,
658 2136 747 2176 quod
772 2146 832 2176 per
855 2137 943 2167 bona
966 2146 1067 2177 opera

89 2187 273 2209 mereamur
312 2177 539 2208 remissionem
583 2183 812 2219 peccatorum,
857 2179 945 2220 quod
980 2180 1067 2210 bona

88 2229 191 2262 opera
224 2220 289 2251 sint
323 2219 518 2261 propiciatio
556 2230 597 2252 ac
625 2220 772 2261 precium
809 2228 945 2263 propter
978 2222 1066 2263 quod

550 1835 679 1868 Videtis
700 1837 799 1878 igitur
817 1837 906 1878 quod
926 1847 965 1868 ex
990 1847 1068 1911 olpe-

1036 1888 1068 1912 e-

89 2373 136 2403 50)
155 2372 220 2406 fieri]
239 2373 320 2398 Editt.
340 2373 431 2396 2—4.:
451 2373 548 2397 exoriri

88 2415 134 2447 51)
155 2415 263 2447 multae]
282 2415 330 2440 Ed.
349 2416 373 2440 3.
397 2419 448 2449 typ.
468 2424 528 2440 ern:
549 2417 620 2439 multi

88 2458 135 2490 52)
155 2457 228 2489 odio]
247 2458 330 2483 Editt.
350 2459 440 2482 2—4.:
461 2466 492 2482 ex
512 2459 607 2482 mutuis
627 2459 694 2489 odijs

88 2500 136 2532 5³)
154 2501 224 2532 quod
249 2505 398 2531 regeneret,
426 2508 456 2525 ac
483 2500 623 2534 instificet‚]
650 2502 730 2525 Editt.
751 2501 841 2524 2—4.:
866 2486 935 2532 quod
960 2508 1065 2534 propter

155 2535 323 2559 dilectionem
347 2536 423 2559 simus
447 2537 560 2567 accepti,
585 2543 636 2560 non
661 2540 767 2567 propter
792 2536 960 2560 mediatorem
991 2537 1064 2561 Chri·

157 2574 232 2597 num.

525 128 758 161 APOLOGIA
782 126 1094 160 CONFESSIONIS
1117 124 1433 159 AUGUSTANAE.
1477 125 1517 156 B.
1561 124 1753 157 ALTERA.

2037 126 2102 158 490

1123 218 1218 251 Deus
1246 221 1344 251 nobis
1372 217 1620 258 reconcilietur,
1660 219 1748 260 quod
1778 220 1866 250 bona
1885 230 2000 263 ‘opera
2033 221 2102 251 vin·
2142 256 2144 260 ι

1125 268 1200 292 cant
1222 269 1371 293 terrores
1393 262 1523 302 peccati
1545 268 1577 293 et
1600 262 1729 299 mortis,
1752 262 1840 303 quod
1864 272 1965 302 opera
1989 273 2101 294 coram

1124 303 1197 335 Deo
1229 312 1365 345 propter
1394 313 1487 335 suam
1522 305 1699 336 bonitatem
1739 305 1805 335 sint
1837 311 1996 345 accepta,
2039 314 2102 336 nec

1125 352 1246 387 egeant
1272 346 1498 378 misericordia
1525 354 1557 379 et
1592 347 1814 388 propiciatore
1842 346 1986 378 Christo.
2036 347 2102 378 Ho-

1124 399 1196 419 rum
1228 387 1309 419 nihil
1337 389 1426 420 venit
1454 390 1487 419 in
1519 395 1661 421 mentem
1696 389 1838 428 lacobo,
1879 400 1963 431 qnae
1992 396 2101 421 tamen

1125 431 1235 461 onmia
1268 441 1356 462 nunc
1390 431 1571 464 defendunt
1604 432 1787 473 aduersarij
1823 438 1995 474 praetextu
2030 443 2101 464 sen—

1125 474 1253 504 tenciae
1278 473 1399 504 lacobi.

1212 515 1355 546 Primum
1388 515 1488 557 igitur
1521 515 1586 547 hoc
1620 518 1870 558 expendendum
1905 524 1973 555 est,
2015 518 2102 559 quod

1124 557 1179 589 hic
1213 557 1309 589 locus
1343 558 1450 599 magis
1484 565 1600 590 contra
1633 561 1845 592 aduersarios
1879 558 1974 598 facit,
2006 570 2103 601 quam

1125 607 1242 632 contra
1264 611 1337 631 nos.
1383 600 1576 641 Aduersarij
1607 603 1692 633 enim
1721 603 1841 634 docent
1871 603 2033 634 hominem
2057 604 2102 634 iu-

1124 642 1260 674 stificari
1290 641 1481 680 dilectione,
1510 652 1541 674 et
1571 646 1738 685 operibus.
1785 645 1835 676 De
1858 645 1937 679 fide,
1961 656 2024 687 qua
2047 656 2103 686 ap-

1124 685 1357 726 prehendimus
1385 687 1638 726 propiciatorem
1669 687 1836 718 Christum
1866 687 1945 718 nihil
1979 688 2102 719 dicunt.

1124 729 1193 759 lmo
1223 728 1310 760 hanc
1333 728 1431 759 fidem
1454 729 1655 769 improbant,
1685 740 1792 771 neque
1821 731 2006 771 improbant
2034 736 2103 761 tan-

1125 776 1192 801 tum
1226 771 1400 810 sententijs
1432 776 1489 802 aut
1522 773 1674 812 scriptis,
1717 773 1784 803 Sed
1820 774 1916 804 etiam
1949 772 2037 804 ferro
2072 779 2105 804 et

1124 812 1296 854 supplieijs
1338 820 1499 844 conantur
1539 815 1571 845 in
1614 814 1763 846 Ecclesia
1793 814 1915 848 delere.
1971 816 2104 851 Quanto

1124 855 1242 888 melius
1271 857 1369 888 docet
1399 856 1559 894 lacobus,
1589 858 1642 898 qui
1668 857 1763 888 fidem
1787 868 1852 888 non
1877 859 2012 896 omittit,
2036 869 2103 889 non

1124 899 1257 938 subijeit
1279 909 1339 940 pro
1364 898 1428 929 fide
1452 898 1679 937 dilectionem,
1702 901 1761 931 sed
1784 901 1901 931 retinet
1925 900 2040 939 fidem,
2063 911 2104 932 ne

1124 942 1325 981 propiciator
1358 940 1512 972 Christus
1552 941 1748 973 excludatur
1788 943 1819 973 in
1861 944 2103 981 iustificatione,

1125 984 1217 1015 Sicut
1251 990 1284 1015 et
1313 983 1437 1014 Paulus
1471 994 1544 1015 cum
1579 995 1737 1016 summam
1767 986 1865 1016 tradit
1895 987 1984 1017 vitae
2012 985 2104 1017 Chri-

1123 1027 1269 1064 stianae,
1305 1025 1535 1067 complectitur
1569 1028 1665 1058 fidem
1697 1035 1728 1059 et
1758 1027 1968 1060 dilectionem
2003 1030 2030 1060 l.
2054 1028 2104 1059 'ri-

1122 1068 1225 1099 moth.
1248 1069 1277 1100 1.
1324 1069 1413 1099 Finis
1437 1070 1580 1101 mandati
1605 1071 1725 1101 caritas
1751 1078 1803 1102 est
1826 1072 1866 1102 de
1896 1072 1998 1103 corde
2020 1081 2104 1113 puro

1123 1118 1154 1142 et
1179 1111 1390 1142 consciencia
1414 1112 1499 1142 bona
1523 1118 1555 1143 et
1580 1113 1643 1143 fide
1667 1124 1733 1145 non
1756 1113 1843 1145 ficta.

1210 1154 1377 1192 Secundo,
1413 1164 1468 1185 res
1500 1155 1570 1196 ipsa
1600 1154 1761 1197 loquitur,
1792 1156 1845 1187 hic
1876 1157 1916 1188 de
1947 1157 2103 1197 operibus

1123 1196 1186 1227 dici
1212 1206 1296 1237 quae
1319 1196 1415 1228 fidem
1439 1204 1638 1238 sequuntur,
1661 1204 1692 1229 et
1715 1200 1893 1231 ostendunt
1919 1199 2014 1230 fidem
2037 1209 2104 1231 non

1123 1248 1200 1271 esse
1228 1245 1407 1277 mortuam,
1441 1241 1501 1270 sed
1529 1241 1637 1272 viuam
1667 1248 1697 1272 et
1727 1241 1897 1273 efficacem
1927 1243 1960 1272 in
1990 1243 2103 1274 corde.

1121 1281 1196 1312 Non
1219 1282 1317 1323 igitur
1339 1283 1443 1313 sensit
1460 1284 1511 1319 ὁ4)
1535 1282 1694 1321 lacobus,
1724 1294 1785 1315 nos
1809 1295 1868 1325 per
1891 1286 1978 1316 bona
2001 1295 2104 1326 opera

1122 1326 1240 1355 mereri
1268 1325 1495 1356 remissionem
1523 1333 1752 1366 peecatorum,
1782 1334 1814 1358 et
1843 1328 1992 1369 gratiam.
2037 1327 2102 1359 Lo·

1123 1367 1233 1407 quitur
1267 1367 1353 1399 enim
1387 1366 1428 1399 de
1459 1369 1616 1409 operibus
1650 1369 1918 1408 iustificatoruin,
1953 1371 2008 1411 qui
2038 1371 2102 1402 iam

1121 1415 1200 1440 sunt
1222 1408 1440 1448 reconciliati,
1469 1412 1597 1453 accepti
1620 1417 1653 1443 et
1681 1414 1850 1444 consecuti
1874 1413 2101 1444 remissionem

1121 1459 1346 1492 peccatorum.
1403 1453 1512 1488 Quare
1553 1461 1663 1485 errant
1696 1455 1880 1498 aduersarij
1915 1466 1988 1487 eum
2024 1455 2101 1488 hinc

1121 1495 1377 1532 ratiocinantur,
1412 1496 1500 1536 quod
1528 1496 1669 1528 lacobus
1697 1498 1815 1529 doceat
1844 1509 1907 1529 nos
1931 1509 1990 1540 per
2013 1499 2102 1530 bona

1122 1547 1224 1578 opera
1252 1538 1372 1568 mereri
1400 1538 1628 1571 remissionem
1658 1547 1872 1580 peccatorum
1895 1547 1926 1572 et
1949 1541 2100 1583 gratiani,

1122 1581 1211 1621 quod
1244 1590 1304 1621 per
1343 1591 1446 1621 opera
1484 1589 1601 1614 nostra
1639 1582 1818 1615 habeamus
1851 1594 2025 1616 accessum
2058 1584 2100 1616 ad

1157 1633 1241 1660 eum,
1263 1624 1335 1654 sine
1356 1624 1577 1665 propiciatore
1600 1624 1743 1657 Christo.

1207 1665 1338 1704 Tertio,
1368 1666 1511 1699 lacobus
1540 1668 1641 1709 paulo
1664 1675 1740 1700 ante
1764 1669 1842 1701 dixit
1863 1670 1904 1701 de
1926 1679 2100 1711 regenera-

1121 1709 1222 1745 tione,
1257 1709 1346 1750 quod
1378 1709 1435 1740 fiat
1468 1720 1527 1751 per
1560 1711 1788 1753 Euangelium.
1835 1711 1891 1744 Sic
1924 1714 2008 1744 enim
2042 1712 2098 1750 ait,

1122 1750 1249 1783 Volens
1273 1752 1386 1793 genuit
1410 1762 1472 1783 nos
1497 1754 1598 1784 verbo
1623 1755 1782 1795 veritatis,
1804 1762 1839 1786 vt
1863 1765 1926 1786 nos
1950 1765 2100 1786 essemus

1120 1795 1288 1834 primiciae
1312 1800 1536 1827 creaturarum
1565 1797 1647 1828 eius.
1693 1797 1774 1828 Cum
1807 1798 1882 1828 dicit
1904 1808 1968 1829 nos
1992 1798 2100 1829 Euan-

1121 1837 1208 1879 gelio
1231 1842 1365 1868 renatos
1389 1847 1477 1876 esse,
1500 1839 1596 1869 docet
1620 1840 1708 1880 quod
1732 1840 1795 1871 fide
1818 1841 1922 1872 renati
1946 1850 1986 1872 ac
2009 1841 2100 1871 iusti-

1121 1880 1211 1911 ficati
1233 1880 1349 1917 simus,
1372 1880 1454 1911 Nam
1477 1882 1654 1922 promissio
1680 1883 1720 1914 de
1740 1882 1874 1914 Christo
1893 1889 2017 1914 tantum
2036 1882 2101 1914 fide

1122 1922 1390 1964 apprehenditur,
1414 1933 1488 1955 cum
1511 1925 1706 1965 opponimus
1730 1936 1802 1956 eam
1823 1927 2005 1957 terroribus
2024 1935 2099 1967 pec-

1123 1966 1187 1997 cati
1211 1971 1243 1996 et
1266 1966 1392 1996 mortis.
1437 1966 1514 1997 Non
1542 1967 1640 2008 igitur
1668 1969 1767 1999 sentit
1789 1967 1931 2000 lacobus
1955 1978 2017 1999 nos
2041 1978 2100 2010 per

1120 2018 1223 2050 opera
1246 2014 1361 2039 nostra
1385 2009 1526 2040 renasci.
1546 2010 1552 2016 '

1205 2050 1255 2082 Ex
1283 2050 1335 2082 his
1365 2050 1485 2092 liquet,
1519 2061 1586 2083 non
1616 2053 1788 2084 aduersari
1816 2054 1913 2084 nobis
1944 2053 2098 2085 Iacobum

1142 2095 1174 2125 ui
1202 2104 1276 2125 cum
1299 2095 1434 2125 oeiosas
1457 2100 1489 2125 et
1517 2104 1655 2126 securas
1678 2102 1823 2134 menteS,
1853 2106 1938 2138 quae
1960 2097 2099 2127 somnia-

1119 2138 1200 2168 bant
1232 2146 1270 2168 se
1293 2137 1418 2168 habere
1441 2136 1555 2176 fidem,
1578 2148 1663 2179 ⁸eum
1685 2149 1751 2170 non
1775 2138 1951 2177 haberent,
1976 2139 2098 2180 vitupe-

1120 2185 1231 2217 raret,
1259 2180 1408 2211 distinxit
1433 2179 1517 2211 inter
1546 2187 1705 2212 mortuam
1729 2181 1842 2220 fidem,
1869 2192 1909 2213 ac
1932 2182 2038 2213 viuam
2061 2181 2097 2213 fi-

1119 2223 1204 2254 dem.
1259 2221 1424 2254 Mortuam
1457 2224 1503 2254 ait
1537 2233 1631 2261 esse,
1672 2234 1757 2266 quae
1791 2235 1856 2255 non
1891 2225 1975 2266 parit.
2011 2225 2098 2256 bona

1119 2275 1230 2306 opera.
1285 2265 1404 2296 Viuam
1438 2266 1483 2296 ait
1515 2276 1604 2304 esse,
1638 2277 1722 2308 quae
1752 2267 1835 2308 parit
1864 2268 1952 2298 bona
1981 2277 2094 2307 opera.

1119 2307 1226 2339 Porro
1255 2318 1317 2339 nos
1343 2318 1442 2348 saepe
1464 2309 1527 2339 iam
1551 2310 1768 2348 ostendimus,
1793 2311 1869 2351 quid
1893 2308 2096 2351 appellemus

1120 2349 1228 2388 fidem,
1257 2350 1330 2382 Non
1351 2351 1435 2382 enim
1465 2349 1630 2392 loquimur
1653 2353 1693 2383 de
1724 2353 1838 2384 oclosa
1861 2353 1993 2391 noticia,
2016 2363 2096 2393 qua-

1118 2391 1160 2424 lis
1182 2399 1235 2425 est
1257 2395 1353 2425 etiam
1376 2394 1408 2425 in
1434 2393 1602 2432 Diabolis,
1626 2394 1693 2426 Sed
1714 2395 1753 2425 de
1777 2394 1841 2426 fide
1864 2405 1949 2437 quae
1972 2395 2095 2427 resistit

1118 2437 1301 2468 terroribus
1332 2437 1573 2475 conscientiae,
1607 2447 1691 2478 quae
1720 2438 1814 2479 erigit
1844 2444 1876 2469 et
1904 2437 2096 2470 consolatur

1118 2572 1164 2604 54)
1184 2573 1276 2605 sensit]
1294 2573 1343 2596 Ed.
1363 2575 1401 2597 4.:
1421 2574 1497 2596 sentit
