2366 2958
116 969 125 976 ,
169 938 394 975 citauerimus,
429 937 491 977 ipsi
521 938 782 978 adscripserunt.

166 161 229 193 631

167 255 272 286 tinere
293 254 412 285 studet.
457 251 592 286 Scilicet
612 253 676 286 hac
698 253 906 287 simulatione
928 254 1064 296 propius
1093 263 1144 285 se-

169 297 310 329 cundum
333 295 549 338 Euangelium
569 298 685 329 viuunt
710 297 874 329 Monachi.
909 296 1064 330 Christus
1076 306 1144 329 non

166 341 213 372 ita
236 339 385 371 succedit
409 340 518 379 moisi,
542 347 577 371 vt
600 347 735 381 propter
763 345 877 371 nostra
903 350 1007 382 opera
1037 340 1145 371 remit-

167 389 213 414 tat
237 387 395 424 peccata,
422 382 481 413 sed
501 389 535 413 vt
559 392 620 413 sua
650 383 782 421 merita,
812 392 905 414 suam
936 383 1145 424 propiciatio·

167 436 241 457 nem
265 431 410 466 opponat
432 426 500 456 irae
523 424 586 456 Dei
609 435 670 467 pro
699 426 815 463 nobis,
848 430 883 456 vt
914 426 1018 468 gratis
1047 425 1145 456 nobis

167 469 371 510 ignoscatur.
423 467 485 503 Qui
515 477 595 499 vero
624 474 756 509 praeter
782 467 905 499 Christi
934 468 1145 510 propiciatio-

167 521 241 542 nem
277 511 410 552 propria
443 511 558 541 merita
592 512 727 552 opponit
757 511 826 541 irae
856 510 932 549 Dei,
954 518 986 542 et
1011 517 1145 551 propter

168 554 301 595 propria
334 553 448 584 merita
478 554 634 594 consequi
670 553 896 584 remissionem
931 559 1144 595 peccatorum

168 602 325 633 conatur,
359 596 430 626 siue
462 595 578 626 afferat
612 605 714 637 opera
745 594 830 638 legis
860 595 1046 634 Mosaioae,
1074 596 1145 627 siue

168 637 349 679 Dec-alogi,
383 639 455 669 siue
490 636 640 680 Regulae
674 638 862 677 Benedicti,
903 639 975 670 siue
1008 637 1145 680 regulae

169 681 358 723 Augustini,
382 681 453 711 siue
477 680 613 712 aliarum
637 680 857 723 Regularum,
882 681 910 712 is
935 680 1047 712 abolet
1069 691 1145 722 pro-

167 724 358 755 missionem
382 722 514 761 Christi,
536 724 656 755 abiecit
671 725 850 762 christum,
873 730 905 755 et
928 724 1047 755 excidit
1071 733 1146 765 gra-

168 767 223 798 tia.
260 766 351 798 Haec
375 772 427 796 est
450 765 544 797 Pauli
569 767 750 798 sentencia.
784 766 870 798 Vide
893 773 1001 798 autem
1025 764 1146 797 Carole

167 809 296 841 Caesar
319 808 499 849 lmperator
529 807 804 847 clementissime,
827 809 934 840 videte
963 809 1147 849 Principes»,

167 852 276 884 videte
300 861 414 882 omnes
438 852 584 889 ordines,
630 859 728 883 nanta
752 853 795 883 sit
812 852 1010 892 impudentia
1029 851 1147 882 aduer-

168 896 349 932 sariorum,
384 905 458 925 cum
494 893 585 925 Pauli
606 862 730 926 1locum
764 895 796 925 in
825 893 912 925 hanc
943 894 1146 925 sentenciam

829 936 929 978 impia
954 943 1031 968 sunt
1060 945 1146 978 quae

167 980 222 1011 hic
245 986 362 1011 contra
383 979 591 1011 Monasticen
616 978 811 1021 allegantur.
857 979 942 1014 Quid
966 985 1016 1011 est
1038 985 1147 1010 autem

168 1024 303 1059 certius,
322 1033 417 1064 quam
442 1023 530 1064 quod
554 1024 780 1054 remissionem
802 1029 1014 1063 peccatorum
1032 1031 1148 1052 conse·

167 1072 311 1108 quuntur
335 1066 483 1096 homines
506 1065 582 1102 tide,
607 1071 741 1106 propter
764 1065 952 1096 Christum?
996 1064 1037 1096 Et
1059 1064 1147 1095 hanc

169 1109 371 1139 sentenciam
401 1108 522 1139 audent
551 1108 606 1139 isti
641 1106 824 1139 nebulones
852 1108 982 1148 impiam
1011 1116 1147 1138 vocare.

169 1150 257 1182 Nihil
282 1151 480 1188 dubitamus,
501 1151 578 1191 quin
603 1151 631 1181 si
654 1151 812 1181 admoniti
842 1149 991 1181 fuissetis
1016 1151 1058 1181 de
1080 1149 1148 1181 hoc

169 1193 256 1230 loco,
280 1194 406 1224 eximie
430 1192 663 1225 confutacione
685 1199 810 1224 tantam
829 1191 1067 1234 blasphemiam
1092 1202 1147 1224 cu-

168 1237 318 1268 rassetis.
365 1236 447 1267 Cum
470 1243 577 1267 autem
601 1246 703 1276 supra
726 1237 865 1277 copiose
894 1242 1063 1267 ostensum
1094 1236 1147 1269 sit.

168 1280 299 1321 impiam
322 1279 508 1319 opinionem
533 1288 620 1317 esse,
645 1279 731 1320 quod
752 1284 887 1320 propter
907 1289 1009 1320 opera
1030 1284 1148 1309 nostra

169 1331 414 1363 consequamur
449 1322 676 1352 remissionem
706 1328 937 1362 peccatorum,
973 1322 1147 1353 breuiores

169 1366 200 1396 in
234 1364 301 1395 hoc
339 1362 415 1395 loco
451 1365 584 1395 erimus.
630 1363 742 1395 Facile
776 1365 862 1395 enim
891 1364 966 1395 inde
999 1364 1147 1406 prudens

169 1407 278 1439 lector
301 1407 489 1438 ratiocinari
514 1408 652 1447 poterit,
682 1407 770 1449 quod
800 1417 866 1439 non
889 1417 1073 1439 mereamur
1096 1417 1148 1438 re-

169 1451 359 1482 missionem
383 1456 596 1491 peccatorum
626 1460 685 1491 per
715 1460 816 1492 opera
844 1449 1042 1481 Monastica.
1088 1449 1148 1481 lta-

170 1503 234 1535 que
261 1499 294 1524 et
322 1491 379 1523 illa
415 1491 618 1533 blasphemia
650 1491 743 1524 nullo
777 1494 875 1524 modo
910 1491 1048 1524 ferenda
1082 1498 1146 1530 est,

169 1547 255 1578 quae
282 1536 370 1577 apud
399 1534 557 1566 'rhomam
587 1535 727 1579 legitur,
760 1534 1004 1577 professionem
1032 1535 1147 1567 Mona-

169 1580 285 1611 sticam
309 1588 420 1619 parem
445 1588 521 1609 esse
544 1579 718 1620 baptismo.
732 1580 764 1616 *)
809 1578 915 1610 Furor
942 1584 1011 1612 est,
1034 1577 1147 1610 huma-

169 1632 244 1653 nam
268 1621 487 1659 traditionem,
511 1631 597 1662 quae
620 1631 729 1663 neque
750 1621 939 1652 mandatum
954 1621 1148 1662 Dei‚neque

168 1665 423 1706 promissionem
454 1664 570 1701 habet,
604 1674 748 1705 aequare
782 1664 979 1695 ordinationi
1014 1663 1148 1701 Christi,

170 1717 256 1750 quae
291 1707 391 1738 habet
425 1714 457 1738 et
491 1707 679 1738 mandatum
714 1713 745 1738 et
785 1708 1038 1748 promissionem
1074 1706 1149 1744 Dei,

171 1761 257 1792 quae
281 1750 428 1781 continet
451 1757 582 1790 pactum
605 1751 742 1791 gratiae,
766 1757 797 1781 et
821 1751 909 1781 vitae
932 1756 1098 1781 aeternae.

257 1793 424 1824 Secundo.
458 1793 663 1825 Obediemia,
687 1799 877 1834 paupertas,
902 1798 933 1823 et
953 1791 1149 1830 coelibatus,

171 1837 199 1867 si
223 1843 332 1867 tamen
357 1846 421 1866 non
446 1837 487 1866 sit
510 1836 674 1875 impurus,
697 1836 853 1867 exercitia
881 1842 957 1866 sunt
986 1835 1147 1877 ἀδιάφορα.

171 1879 316 1920 ideoque
335 1879 440 1909 sancti
467 1878 512 1909 vti
535 1880 581 1909 eis
606 1880 678 1909 sine
701 1879 866 1919 impietate
889 1884 1043 1918 possunt,
1063 1879 1149 1910 sicut

171 1923 222 1953 vsi
246 1929 323 1953 sunt
346 1921 548 1959 Bernartlus,
574 1921 787 1959 Franciscus,
811 1927 843 1952 et
866 1921 921 1961 alij
947 1922 1053 1952 sancti
1077 1922 1148 1952 viri.

171 1965 211 1995 Et
235 1964 266 1995 hi
291 1965 342 1995 vsi
361 1971 438 1995 sunt
461 1971 595 2005 propter
608 1963 778 1995 vtilitatem
802 1963 1024 2005 corporalem,
1039 1971 1071 1995 vt
1095 1974 1149 1996 ex-

172 2007 347 2050 peditiores
372 2014 485 2038 essent
508 2007 549 2037 ad
573 2007 777 2045 docendum,
807 2013 839 2038 et
866 2007 908 2039 ad
937 2006 1002 2038 alia
1025 2009 1078 2049 pia
1101 2005 1149 2038 of-

173 2051 258 2083 ficia.
281 2061 347 2082 non
371 2051 458 2092 quod
482 2060 582 2091 opera
606 2051 677 2091 ipsa
700 2061 759 2092 per
782 2059 819 2081 se
842 2051 907 2081 sint
937 2049 1066 2087 cultus,
1095 2050 1148 2092 qui

171 2093 367 2131 iustificent,
401 2100 456 2124 aut
487 2099 672 2124 mereantur
700 2093 797 2124 vitam
826 2099 1004 2124 aeternam.
1050 2092 1150 2124 Deni-

171 2147 235 2178 que
260 2144 335 2167 sunt
359 2146 400 2166 cx
423 2135 480 2166 illu
505 2146 639 2177 genere,
661 2137 701 2166 de
724 2147 788 2177 quo
814 2134 936 2167 Paulus
967 2137 1021 2167 ait.
1068 2136 1149 2167 Cor-

171 2180 297 2221 poralis
322 2179 521 2210 exercitat-io
550 2189 725 2219 parumper
753 2178 840 2210 vtilis
869 2185 931 2211 est.
977 2179 1017 2210 Et
1046 2180 1149 2211 credi-

172 2222 238 2254 bile
256 2229 306 2253 est
328 2221 459 2259 alicubi,
484 2232 570 2253 nunc
594 2232 726 2263 quoque
756 2232 834 2253 esse
859 2223 966 2253 bonos
995 2223 1088 2253 viros
1117 2223 1149 2253 in

174 2264 401 2306 Montisterijs,
425 2266 478 2306 qui
501 2265 647 2295 seruiunt
673 2265 852 2295 ministerio
878 2266 981 2303 verbi,
1005 2267 1058 2307 qui
1083 2264 1148 2296 illis

173 2309 464 2339 obseruationibus
500 2309 572 2338 sine
613 2308 720 2349 impiis
754 2309 963 2349 opinionibus
1004 2315 1148 2340 vtuntur.

174 2352 217 2381 At
250 2352 389 2383 sentire.
423 2353 510 2393 quod
547 2349 622 2382 illae
655 2351 906 2382 obseruationes
935 2352 998 2382 sint
1028 2350 1149 2387 cultus.

195 2513 220 2539 ἰ
241 2522 305 2544 quar·
332 2515 398 2545 npnnt
424 2515 550 2538 Thnrnnm
576 2527 607 2532 —
629 2515 775 2546 baptismo]
795 2514 854 2539 lutee
871 2513 945 2538 verba
969 2516 1034 2545 (sot.
1058 2516 1089 2539 ss
1116 2517 1149 2539 2¹¹

243 2550 283 2572 Ιιη,
306 2550 328 2571 Β.
349 2551 388 2578 9.)
410 2549 567 2572 {nitheru-
586 2548 661 2573 rubro
680 2551 759 2573 odon
778 2549 915 2573 ”abutum-⁸1
945 2553 966 2574 d
992 2558 1017 2572 m
1041 2558 1151 2581 mnrqm·

243 2584 388 2615 adu-rvpeu:
421 2584 602 2615 ,Blmphomia
631 2584 660 2608 13.
689 2585 830 2607 Thomna·
869 2583 941 2614 (haec
971 2584 1149 2615 Spiekerun

244 2619 346 2645 mae.)

614 159 728 194 PmL.
751 159 855 193 MEL.
879 159 1067 194 SCRIPTA
1088 159 1359 194 DOGMA'HCA
1379 159 1438 194 ET
1459 159 1730 193 SYMBOLICA.

2110 162 2175 195 632

1197 259 1335 296 propter
1354 263 1439 295 quos
1469 263 1582 285 coram
1610 252 1685 285 Deo
1714 254 1791 286 iusti
1814 261 2024 296 reputentur,
2052 262 2085 288 et
2116 266 2176 298 per

1220 306 1283 328 uos
1307 302 1495 328 mereantur
1516 297 1616 328 vitam
1638 303 1825 335 aeternam,
1853 297 1918 329 hoc
1946 305 2071 340 pugnat
2100 310 2175 331 cum

1197 307 1382 381 {nangelio
1406 339 1448 370 de
1471 339 1602 370 iusticia
1624 338 1711 377 fidei,
1733 341 1824 381 quod
1847 341 1965 378 docet,
1989 341 2079 382 quod
2099 351 2176 383 pro-

1198 388 1270 423 pter
1283 382 1450 413 Christum
1463 382 1604 413 donetur
1627 383 1724 413 nobis
1740 383 1881 421 iusticia,
1894 389 1925 414 et
1943 383 2012 414 vita
2030 389 2174 416 aeterna.

1197 425 1329 467 Pugnat
1357 430 1389 455 et
1419 434 1492 455 cum
1521 425 1610 456 dicto
1638 424 1778 462 Christi,
1806 425 1946 457 Frustra
1979 424 2092 458 colunt
2123 436 2177 458 me

1198 467 1363 499 mandatis
1385 466 1565 498 hominum.
1606 467 1735 509 Pugnat
1758 473 1790 499 et
1813 478 1886 499 cum
1909 469 1973 499 hac
1995 470 2176 501 sentencia.

1198 510 1304 541 Omne
1326 511 1415 551 quod
1443 519 1510 540 non
1540 515 1590 540 est
1617 519 1659 541 ex
1687 509 1753 542 fide
1780 517 1954 552 peccatum
1983 517 2044 543 est.
2090 511 2177 547 Quo-

1198 554 1297 584 modo
1334 560 1441 584 autem
1475 558 1616 594 possunt
1650 550 1817 584 affirmare
1851 554 1939 595 quod
1973 555 2038 585 sint
2067 553 2176 586 cultus

1198 605 1283 636 quos
1316 595 1410 627 Deua
1447 596 1628 636 approbet,
1668 601 1823 637 tanquam
1865 597 2027 628 iusticiam
2064 607 2178 629 coram

1198 639 1286 679 ipso,
1309 648 1383 669 cum
1405 636 1530 669 nullum
1556 638 1700 669 habeant
1727 639 1947 671 testimonium
1977 641 2070 672 verbi
2102 639 2176 671 Dei.

1286 705 1354 737 Sed
1380 706 1488 738 videte
1516 706 1750 748 impudentiam
1778 707 2057 739 aduersariorum.
2102 708 2176 740 Non

1199 746 1307 779 solum
1330 749 1468 787 docent,
1496 749 1585 790 quod
1609 749 1861 781 obseruationes
1883 749 1958 782 illae
1981 751 2046 782 sint
2069 750 2178 783 cultus

1199 790 1435 829 iustificantes,
1460 793 1519 823 sed
1547 792 1673 823 addunt
1702 792 1918 833 perfectiores
1948 803 2024 825 esse
2054 793 2178 832 cultus,

1199 833 1266 865 hoc
1288 840 1357 872 est,
1380 835 1486 876 magis
1514 842 1679 866 merentes
1709 836 1937 867 remissionem
1965 843 2178 878 peccatorum

1200 883 1233 908 et
1256 876 1535 914 iustificationem,
1560 887 1657 918 quam
1677 878 1743 909 sint
1765 877 1828 909 alia
1852 879 1940 910 vitae
1967 889 2103 921 genera.
2136 879 2179 911 Et

1200 918 1254 950 hic
1277 927 1479 950 concurrunt
1501 918 1622 951 multae
1645 918 1750 952 salsae
1773 931 1814 952 ac
1830 922 2038 962 perniciosae
2056 923 2180 964 opinio-

1200 971 1273 996 ncS‚
1299 960 1428 1003 fingunt
1457 972 1494 993 se
1505 963 1536 999 ⁸)
1564 972 1701 994 seruare
1723 971 1900 1005 praecepta
1923 971 1956 996 et
1969 967 1998 1003 ὁ)
2028 964 2178 998 consilia.

1201 1004 1325 1035 Postea
1349 1005 1499 1036 homines
1523 1003 1691 1043 liberales,
1714 1016 1788 1038 cum
1807 1007 1971 1038 somnient
1994 1018 2032 1039 se
2054 1007 2179 1041 habere

1201 1047 1315 1078 merita
1328 1048 1645 1089 supererogationis,
1658 1049 1804 1080 vendunt
1815 1048 1898 1080 haee
1910 1052 1942 1086 *)
1965 1049 2051 1092 alijS.
2086 1051 2178 1084 Haec

1201 1089 1310 1122 onmia
1336 1089 1436 1131 plena
1467 1096 1544 1121 sunt
1573 1090 1787 1123 pharisaicae
1814 1092 1976 1123 vanitatis
2021 1092 2179 1125 Extrema

1201 1133 1286 1163 enim
1309 1133 1462 1174 impietas
1484 1140 1535 1164 est
1558 1135 1695 1172 sentire,
1718 1135 1806 1176 quod
1826 1133 1991 1176 decalogo
2014 1136 2059 1167 ita
2082 1136 2179 1168 satia—

1199 1173 1340 1212 faciant‚
1369 1181 1403 1206 vt
1425 1176 1593 1218 supersint
1615 1178 1745 1216 merita,
1774 1175 1857 1208 Cum
1885 1176 1970 1209 haec
1999 1185 2180 1220 praecepta

1200 1228 1316 1249 omnes
1339 1225 1476 1250 sanctos
1505 1227 1684 1259 accusent,
1711 1218 1840 1262 Diligas
1863 1219 2040 1253 Dominum
2071 1221 2179 1253 Deum

1200 1267 1291 1292 tuum
1312 1271 1352 1292 ex
1371 1267 1441 1293 toto
1472 1262 1574 1293 corde
1602 1269 1668 1294 tuo.
1715 1262 1810 1301 Item,
1840 1263 1914 1294 Non
1944 1265 2179 1305 concupiscas.

1200 1302 1409 1345 Prophetaff)
1432 1304 1485 1336 ait.
1531 1306 1647 1337 Omnis
1670 1305 1769 1337 homo
1790 1306 1944 1345 mendax,
1966 1307 1998 1337 id
2021 1313 2088 1346 est,
2113 1317 2179 1339 non

1200 1353 1291 1378 recte
1313 1346 1356 1378 de
1378 1346 1452 1379 Deo
1475 1348 1641 1383 senciens,
1664 1359 1730 1380 non
1754 1349 1836 1380 satis
1860 1349 1996 1387 timenti,
2029 1360 2095 1381 non
2126 1360 2179 1382 sa·

1200 1389 1242 1420 tis
1266 1389 1408 1420 credens
1430 1389 1523 1426 Deo,
1552 1401 1655 1432 quare
1683 1390 1769 1423 falso
1799 1391 1984 1433 gloriantur
2013 1391 2180 1431 Monachi,

1200 1433 1233 1464 in
1256 1433 1491 1464 obseruatione
1514 1432 1721 1466 Monasticae
1750 1435 1835 1466 vitae
1862 1435 2051 1476 praeceptis
2079 1436 2179 1467 satis-

1200 1475 1283 1510 fieri,
1306 1485 1347 1506 ac
1370 1474 1546 1517 plusquam
1570 1484 1747 1519 praecepta
1772 1477 1918 1513 fieri.*‘)

1287 1534 1417 1566 Deinde
1440 1533 1559 1566 falsum
1583 1542 1615 1567 et
1633 1536 1697 1567 hoc
1721 1543 1784 1574 est,
1807 1537 1896 1578 quod
1921 1538 2179 1570 obseruationes

1200 1577 1409 1610 Monasticae
1431 1578 1497 1608 sint
1514 1588 1616 1619 opera
1641 1578 1853 1611 consssiorum
1872 1579 2057 1621 Euangelij.
2094 1580 2179 1612 Nam

1200 1619 1418 1663 Euangelium
1440 1630 1507 1651 non
1532 1620 1675 1652 consulit
1696 1622 1886 1654 discrimina
1908 1623 2068 1662 vestitus,
2092 1624 2180 1655 cibo·

1200 1673 1290 1701 rum,
1322 1663 1564 1694 abdicationem
1593 1674 1702 1696 rerum
1731 1665 1948 1706 propriarum.
2003 1665 2074 1698 Hae
2104 1671 2181 1698 sunt

1201 1706 1397 1737 traditiones
1432 1705 1613 1745 humanae,
1647 1707 1689 1739 de
1744 1709 1841 1739 uibus
1875 1709 2027 1740 omnibus
2058 1709 2180 1742 dictum

1201 1755 1260 1780 est.
1306 1749 1397 1781 Esca
1414 1758 1480 1780 non
1505 1751 1712 1782 commendat
1770 1761 1829 1789 eo,
1876 1762 1955 1783 uare
1978 1762 2086 1794 neque
2109 1752 2179 1785 cul-

1201 1798 1255 1823 tus
1284 1791 1502 1823 iustificantes
1530 1799 1624 1832 sunt,
1652 1803 1759 1836 neque
1786 1804 1845 1835 per
1862 1795 1957 1825 ectio.
2010 1794 2077 1826 lmo
2106 1805 2180 1827 oum

1201 1834 1253 1866 his
1277 1833 1378 1866 titulis
1402 1833 1534 1867 fucatae
1556 1843 1803 1878 proponuntur,
1826 1843 1902 1868 sunt
1925 1848 2035 1869 merae
2058 1839 2179 1869 doctri·

1203 1888 1265 1909 nae
1285 1878 1542 1909 daemoniorum.
1576 1878 1758 1921 Virginitas
1782 1881 1952 1918 suadetur,
1975 1881 2034 1912 sed
2054 1879 2105 1912 his
2124 1882 2179 1922 qui

1203 1922 1324 1952 donum
1355 1920 1496 1959 habent,
1531 1928 1565 1952 vt
1599 1932 1701 1964 supra
1735 1923 1856 1954 dictum
1885 1930 1947 1954 est.
1995 1923 2097 1955 Error
2128 1931 2179 1955 est

1202 1970 1311 1996 autern
1335 1965 1636 2005 perniciosissimus
1650 1966 1785 2004 sentire,
1798 1967 1885 2007 quod
1899 1965 2058 2007 perfectio
2073 1966 2180 1998 Euan·

1227 2006 1311 2038 elica
1332 2008 1373 2038 sit
1397 2007 1428 2038 in
1451 2007 1680 2039 traditionibus
1704 2008 1866 2040 humanis.
1912 2009 1994 2041 Nam
2018 2010 2062 2041 ita
2085 2010 2182 2041 etiam

1224 2049 1510 2081 lahometistarum
1534 2049 1690 2083 Monachi
1715 2050 1849 2093 gloriari
1877 2059 2031 2092 possent,
2059 2062 2098 2085 se
2127 2053 2184 2085 ha·

1204 2094 1283 2124 bere
1308 2091 1544 2134 perfectionem
1570 2093 1816 2136 Euangelicnm.
1854 2095 1970 2138 Neque
1993 2102 2043 2127 est
2067 2097 2098 2127 in
2122 2097 2183 2127 ob-

1203 2137 1393 2167 seruatione
1414 2134 1552 2167 aliorum
1573 2147 1658 2177 quae
1671 2139 1823 2169 dicuntur
1845 2138 2011 2179 ἀδιάφορα,
2034 2139 2093 2170 sed
2107 2140 2183 2180 quia

1203 2189 1340 2221 regnum
1362 2177 1425 2210 Dei
1449 2185 1499 2210 est
1524 2180 1652 2211 iusticia
1682 2188 1712 2212 et
1743 2182 1809 2213 vita
1844 2183 1875 2212 in
1901 2183 2074 2215 cordibus.
2109 2183 2183 2213 ideo

1202 2222 1361 2264 perfectio
1385 2228 1452 2260 est,
1483 2232 1638 2255 crescere
1660 2225 1807 2256 timorem
1838 2223 1919 2263 Dei,
1951 2225 2102 2257 fiduciam
2126 2225 2183 2256 mi·

1219 2386 1248 2414 b)
1268 2386 1305 2417 et}
1325 2387 1373 2410 Ed.
1393 2387 1432 2410 3.;
1453 2395 1482 2410 ae

1220 2430 1248 2458 G)
1269 2429 1409 2461 Propheta]
1431 2430 1476 2453 Ed.
1498 2432 1537 2454 4.;
1558 2430 1700 2462 Proptere-

1222 2472 1249 2501 Ἴ
1270 2473 1369 2503 tingunt
1388 2481 1414 2495 se
1434 2473 1497 2503 (fi‘l-
1517 2474 1548 2496 So
1567 2475 1596 2497 3·
1616 2474 1657 2497 aa.
1682 2475 1734 2501 11.)
1765 2492 1770 2497 .
1788 2491 1793 2496 .
1817 2473 1930 2497 vrndnnt
1955 2474 2018 2498 haec
2044 2473 2117 2505 (eud.
2137 2475 2179 2499 142

1275 2507 1340 2538 16)]
1360 2506 1419 2531 Auo-c
1443 2507 1606 2531 Lathon-us
1631 2507 1706 2532 rubro
1724 2508 1804 2531 eota-e
1822 2507 1961 2532 mauman:
1986 2513 2008 2533 er
2026 2510 2052 2532 dn
2069 2512 2182 2541 *crytae

1272 2542 1404 2574 ‹niter-ipen)
1421 2541 1547 2575 panor-*bun
1566 2551 1703 2567 nte-m:
1727 2544 1752 2569 l.
1770 2543 1958 2573 'min-tmuium
1979 2544 1994 2566 2

1205 2584 1248 2612 ’Ἴ
1270 2586 1411 2616 prw-optis
1432 2585 1560 2611 satisfieri.
1581 2600 1608 2603 —
1630 2585 1706 2616 fleri]
1727 2584 1785 2609 hm·
1804 2586 1865 2616 (fol.
1888 2586 1919 2609 S:
1944 2587 1973 2609 3·
1995 2587 2036 2610 ha.
2062 2587 2102 2610 ”-
2123 2586 2180 2617 ¹³.)

1275 2619 1436 2642 Lutherna
1456 2619 1529 2643 rubro
1549 2621 1627 2645 nilon
1646 2619 1791 2644 nub-mmm
