2366 2958
152 239 305 264 beneficium
324 238 438 269 Christi,
457 243 482 263 et
500 239 562 270 quia
577 239 736 263 conscientia
754 247 806 263 non
832 243 918 271 potest
939 239 1012 263 reddi
1031 243 1131 270 pacata,

152 275 174 298 si
198 274 315 298 remissio
343 281 395 298 non
426 274 554 304 contingit
577 275 668 304 gratis.
705 273 840 298 Postremo
865 278 892 297 ut
923 274 1033 297 maxime
1061 274 1132 297 Deus

151 309 254 340 puniat,
273 313 357 332 tamen
377 315 476 339 poenae
494 308 554 331 illae
574 307 637 332 nihil
658 308 690 331 ad
716 309 803 331 claues
829 309 967 339 pertinent.
1005 307 1061 331 Hae
1086 315 1132 331 nec

152 343 185 367 de
203 343 381 374 imponendis,
401 350 447 366 nce
473 343 504 365 de
523 342 685 366 remittendis
704 343 756 367 illis
775 343 866 374 poenis
891 349 956 374 quae
974 346 1033 366 suut
1051 349 1133 373 opera

151 377 219 407 Dei,
237 378 385 400 mandaturus
405 377 508 400 habent.

221 424 359 448 Caeterum
387 424 554 447 concedimus
583 423 665 447 Deum
693 424 786 455 punire
816 428 936 455 peccata,
968 424 1077 454 primum
1105 423 1131 446 in

153 459 330 487 contricione,
351 465 406 481 cum
433 459 459 482 in
488 458 537 481 illis
563 459 704 481 terroribus
729 459 792 482 iram
816 465 888 481 suam
913 457 1040 485 ostendit,
1067 457 1133 480 sicut

151 492 283 523 significat
302 493 387 516 Dauid
408 500 465 516 cum
484 497 550 521 orat,
571 492 683 516 Domine
703 500 734 516 ne
753 493 779 516 in
797 492 884 515 surore
904 497 949 515 tuo
968 499 1061 522 arguas
1081 498 1130 515 me.

150 525 185 550 Et
202 527 337 551 Ieremiae.
375 527 484 557 Corripe
503 534 543 550 me
562 527 688 555 Domine.
708 532 875 550 ueruntamen
895 527 921 549 iu
944 526 1053 554 iudicio,
1080 533 1132 549 non
1155 519 1160 560 Ι

151 562 178 585 in
196 561 293 589 furore,
313 568 345 584 ne
365 562 398 584 ad
417 561 524 584 nihilum
544 562 646 592 redigam
665 569 714 584 me.
751 561 799 584 Hic
817 568 878 584 sane
903 561 934 584 de
958 560 1132 583 acerbissimis
1155 564 1159 597 Ι

150 596 243 627 poeuis
263 596 383 626 loquitur.
419 596 453 619 Et
471 595 585 620 fatentur
604 596 745 627 aduersarij
765 596 951 619 contricionem
977 601 1052 625 posse
1077 600 1132 617 tau·

150 634 202 653 tarn
222 637 286 658 esse,
305 634 402 653 utnon
432 632 577 661 requiratur
600 630 750 654 satisfactio.
788 630 878 653 Verius
901 629 980 660 igitur
1004 629 1132 652 contricio
1156 607 1160 652 i

150 671 236 696 poena
254 669 307 694 est,
326 672 403 695 quam
423 665 617 688 satisfactiones
637 664 795 688 Canonieae.

219 710 341 735 Secundo
369 712 477 735 subiecti
507 716 565 735 sunt
597 712 679 734 sancti
707 711 784 734 morti
812 715 837 734 et
864 710 921 741 alijs
954 711 1133 734 communibus
1156 711 1160 739 Ι

150 745 352 774 afflictionibus,
377 745 451 770 Sicut
475 746 512 769 ait
531 745 630 769 Petrus.
667 745 779 775 Tempus
805 749 843 767 est
868 745 981 775 incipere
1009 745 1132 768 indicium

149 787 165 803 a
185 781 262 804 domo
283 780 341 804 Dei.
376 779 403 804 Si
423 785 506 804 autem
526 781 635 811 primum
654 786 670 802 a
693 779 782 808 nobis,
810 779 893 809 qualis
919 780 967 802 erit
991 779 1050 802 finis
1069 781 1131 803 isto-

149 821 206 837 rum
235 815 279 845 qui
310 822 362 837 non
387 815 511 838 credunt?
551 815 581 837 Et
605 818 633 836 ut
656 813 705 836 hae
733 812 888 837 afflictiones
915 814 1056 844 plerunque
1081 814 1132 837 sint

148 856 248 880 poenae
267 853 442 880 peecatorum.
462 853 547 872 tamen
567 849 593 871 in
613 849 660 879 pijs
679 847 776 871 habent
794 849 872 871 alium
891 848 984 876 finem,
1011 847 1131 878 infligun-

149 887 190 906 tur
209 884 276 906 enim
295 883 328 906 ad
346 883 554 906 mortificandum
573 889 696 913 praesens
723 887 871 913 peccatum,
896 883 958 913 quia
983 883 1010 905 in
1034 883 1131 906 sanetis

149 918 302 948 extinguunt
327 921 352 940 et
376 916 533 940 mortificant
557 917 800 948 concupiscentiam.
838 917 910 940 Mors
935 917 1002 940 enim
1025 917 1058 940 ad
1081 916 1129 940 hoc

149 952 250 982 reliqua
277 955 315 974 est
342 952 368 974 in
391 952 503 981 sanctis,
528 956 555 974 ut
583 951 688 974 aboleat
715 952 781 975 lianc
812 956 931 975 naturam
959 951 1124 975 immundam.

148 985 213 1009 Ideo
234 985 326 1008 Paulus
345 986 389 1008 ait.
424 986 525 1016 Corpus
545 990 673 1009 mortuum
693 989 731 1009 est
752 990 858 1016 propter
876 989 1019 1016 pet—catum,
1038 986 1065 1009 id
1085 990 1131 1014 est,

148 1019 318 1043 mortificatur
336 1018 434 1050 [cer-La:
455 1025 560 1051 propter
578 1025 719 1051 peccatum,
738 1021 764 1044 id
785 1025 831 1049 est,
851 1020 1019 1043 mortificatur
1037 1020 1063 1043 in
1084 1020 1129 1043 Ed.

149 1054 173 1078 3.
193 1055 283 1077 omissa
301 1054 376 1085 sumn]
395 1059 501 1085 propter
520 1061 640 1085 praesens
661 1059 793 1086 peccatum
813 1055 882 1085 quod
901 1054 986 1077 adhuc
1010 1055 1034 1078 in
1055 1062 1132 1078 carne

148 1089 274 1119 reliquum
295 1092 342 1112 est.
379 1088 449 1112 Crux
478 1089 557 1119 igitur
583 1096 634 1113 non
660 1096 758 1120 poena,
783 1089 830 1112 sed
855 1089 1007 1112 exercitium
1031 1093 1082 1118 est,
1107 1094 1133 1112 et.

149 1123 313 1154 praeparatio
341 1122 373 1145 ad
403 1124 614 1152 renouationem,
644 1123 709 1147 Nam
733 1131 789 1147 cum
816 1123 986 1147 mortificatur
1008 1130 1131 1154 praeseus

148 1161 296 1187 peccatum,
321 1164 429 1187 cumque
450 1158 517 1180 inter
536 1158 697 1181 tentaciones
717 1158 838 1181 discimus
858 1165 983 1188 quaerere
1008 1158 1131 1181 auxilium

148 1191 207 1219 Dei,
226 1197 251 1214 et
270 1192 419 1222 experimur
438 1193 608 1222 praesentiam
628 1192 687 1221 Dei,
707 1193 788 1223 magis
809 1193 941 1223 magisque
966 1193 1131 1222 agnoscimus

149 1225 319 1250 diffidentiam
339 1226 456 1249 cordium
475 1231 638 1256 nostrorum,
659 1232 683 1250 et
702 1227 824 1258 erigimus
844 1234 891 1250 nos
915 1227 976 1249 fide.
1014 1226 1056 1250 Ita
1079 1234 1132 1249 cre-

148 1261 198 1284 scit
215 1261 317 1283 nouitas
336 1260 451 1290 spii-ime.
489 1260 563 1285 Sicut
583 1260 676 1284 Paulus
695 1262 739 1286 ait.
771 1261 825 1285 Etsi
845 1261 960 1284 crerier
978 1260 1056 1284 homo
1076 1268 1131 1283 eor-

149 1300 283 1325 rumpitur,
303 1299 387 1317 tamen
407 1295 518 1318 interior
536 1300 676 1319 renouatur
695 1296 727 1319 de
746 1295 788 1318 die
807 1296 834 1319 in
855 1296 932 1318 diem.
961 1295 1024 1318 Item
1042 1295 1132 1318 Esaias

148 1328 193 1352 ait.
231 1329 360 1358 Angustia
378 1329 403 1352 in
423 1336 473 1360 qua
499 1330 627 1359 clamant,
652 1330 791 1361 disciplina
815 1334 859 1353 tua
885 1334 922 1353 est
947 1330 1017 1361 ipsis
1055 1329 1132 1352 Prae-

148 1366 219 1386 terea
236 1370 305 1385 mors
324 1367 386 1385 tunc
405 1370 466 1387 uere
492 1363 553 1395 [Ed.
573 1366 597 1388 4.
623 1364 701 1388 male:
727 1362 814 1396 uerae]
840 1371 925 1394 poena
949 1368 1001 1392 est,
1028 1364 1132 1394 quando

147 1403 194 1421 cor
211 1397 426 1428 perterrefactum
446 1400 525 1422 sentit
542 1399 605 1421 iram
625 1398 684 1428 Dei,
703 1399 776 1422 iuxta
794 1398 866 1422 illud.
905 1398 1018 1421 Aculeus
1043 1399 1132 1421 mortis

146 1436 281 1463 peccatum
300 1435 348 1456 est.
387 1431 528 1463 Postquam
547 1437 632 1456 autem
652 1433 679 1456 in
698 1433 805 1462 sanctis,
825 1432 877 1456 fide
896 1436 1008 1456 terrores
1034 1433 1132 1464 peccati

147 1467 260 1497 superati
287 1470 360 1496 sunt,
391 1473 460 1490 mors
491 1467 546 1490 sine
570 1467 616 1491 illo
642 1474 717 1490 sensu
741 1468 795 1491 irae
820 1466 868 1490 Dei
896 1468 1000 1498 proprie
1023 1474 1074 1490 non
1094 1472 1133 1491 est

147 1507 241 1532 poena.
278 1500 360 1524 Porro
380 1501 466 1524 claues
484 1509 569 1533 neque
588 1503 724 1532 imponunt
747 1509 831 1533 neque
855 1503 989 1525 remittunt
1006 1501 1052 1525 has
1072 1509 1132 1532 poe·
1157 1505 1161 1538 Ι

147 1541 203 1558 nas.
241 1533 328 1563 Quare
347 1535 542 1559 satisfactiones
563 1543 614 1559 non
634 1537 762 1567 pertinent
781 1537 813 1559 ad
832 1536 879 1560 has
898 1543 1005 1567 poenas.
1037 1536 1132 1560 Claues

148 1569 217 1592 enim
239 1575 294 1592 non
320 1570 451 1593 remittunt
474 1575 518 1593 aut
543 1576 651 1594 mortem
677 1574 721 1594 aut
745 1575 845 1602 partem
869 1571 1040 1594 afflictionum
1064 1578 1132 1594 com-

147 1604 270 1627 munium.
307 1603 361 1627 Iam
381 1604 402 1627 si
423 1604 469 1627 has
488 1611 586 1635 poenas
605 1609 774 1636 compensant
797 1605 1033 1635 satisfactionibus,
1052 1612 1132 1636 quare

148 1637 240 1661 iubent
258 1638 284 1661 in
302 1639 455 1669 purgatorio
474 1638 626 1663 satisfacere
634 1639 657 1670 Ρ]

239 1755 409 1798 obijciunt
438 1756 479 1788 de
507 1757 634 1796 Adam,
665 1757 705 1789 de
728 1755 879 1796 Dauide,
911 1757 966 1800 qui
995 1764 1134 1800 propter

148 1797 346 1830 adulterium
375 1800 509 1842 punitus
539 1806 601 1832 est.
653 1799 703 1831 Ex
735 1799 787 1831 his
821 1799 980 1842 exemplis
1010 1800 1133 1833 faciunt

148 1841 372 1874 vniuersalem
402 1842 569 1885 regulam,
602 1844 692 1885 quod
725 1842 866 1885 singulis
899 1845 1048 1885 peccatis
1083 1855 1133 1876 re-

148 1885 338 1925 spondeant
371 1887 523 1927 propriae
557 1896 686 1927 poenae
715 1886 919 1927 temporales
954 1887 985 1918 in
1020 1888 1132 1918 remis-

149 1928 244 1959 sione
278 1935 490 1968 peccatorum
507 1931 570 1968 ⁶⁸).
628 1929 725 1961 Prius
758 1930 879 1961 dictum
910 1936 960 1961 est
993 1937 1131 1962 sanctos

149 1971 317 2002 sustinere
341 1981 483 2011 poenas,
512 1982 598 2014 quae
625 1979 702 2003 sunt
735 1983 837 2013 opera
861 1972 943 2010 Dei,
967 1973 1132 2005 sustinent

149 2014 386 2045 contricionem
412 2024 472 2045 seu
495 2022 658 2053 terrores,
686 2016 851 2047 sustinent
881 2022 913 2046 et
937 2015 1020 2047 alias
1045 2026 1131 2047 com-

148 2067 265 2088 munes
299 2055 519 2095 afflictiones,
559 2057 607 2089 lta
641 2059 810 2090 sustinent
845 2057 943 2100 aliqui
978 2060 1130 2100 proprias

149 2109 277 2141 poenas
299 2109 320 2130 a
342 2098 416 2131 Deo
439 2101 630 2140 impositas,
661 2100 801 2142 exempli
838 2112 950 2133 causa.
998 2102 1038 2133 Et
1070 2102 1132 2134 liae

149 2152 277 2183 poenae
306 2141 385 2173 nihil
416 2143 578 2183 pertinent
600 2144 641 2174 ad
667 2143 796 2182 claues,
831 2145 909 2187 quia
940 2144 1054 2176 claues
1078 2155 1130 2176 ne-

149 2195 214 2227 que
226 2187 407 2226 imponere,
422 2197 529 2228 neque
542 2187 707 2218 remittere
721 2197 779 2219 eas
793 2194 945 2228 possunt,
964 2188 1022 2219 sed
1037 2188 1130 2219 Deus

149 2229 222 2260 sine
246 2229 426 2260 ministerio
447 2228 588 2261 clauium
612 2230 748 2271 imponit
766 2236 798 2261 et
818 2231 962 2262 remittit.
998 2231 1069 2263 Nec
1081 2242 1132 2263 se-

150 2271 262 2312 quitur
290 2270 488 2303 vniam-salis
516 2270 642 2314 regula.
700 2272 821 2304 Dauidi
857 2278 990 2316 propris
1026 2285 1132 2315 poena

149 2314 302 2355 imposita
327 2322 388 2346 est.
427 2315 529 2357 lgitur
553 2322 686 2357 praeter
709 2326 900 2349 communes
919 2317 1130 2356 afflictiones,

150 2355 215 2388 atta
244 2358 406 2399 quaedam
430 2359 612 2400 purgatorij
645 2369 752 2400 poena
781 2366 849 2392 est.
875 2360 907 2391 in
931 2371 996 2403 qua
1020 2363 1129 2403 singu-

150 2399 193 2431 lis
217 2401 364 2441 peccatis
388 2401 510 2444 singuli
535 2403 660 2440 gradus
685 2403 899 2443 respondent.
948 2404 1009 2435 Vbi
1033 2405 1132 2435 docet

150 2441 217 2474 hoc
239 2443 421 2484 scriptura,
456 2455 520 2476 non
550 2455 651 2486 posse
679 2455 742 2477 nos
765 2455 786 2476 a
808 2452 914 2478 morte
935 2454 1072 2479 aeterna
1095 2447 1131 2479 li-

151 2572 199 2603 68)
218 2573 244 2596 in
271 2573 448 2597 remissionem
479 2574 662 2606 peccator-uum]
693 2574 774 2599 Editt.
800 2575 891 2599 2—4.:

221 2611 348 2638 potestate
367 2608 488 2632 clauim.
923 2583 949 2599 m
974 2577 1133 2608 mmmmd-

1183 145 1498 181 AUGUSTANAE.
1543 146 1584 179 B.
1615 146 1816 180 ALTERA.
2097 151 2167 184 566

1184 239 1311 277 berni,
1351 240 1413 271 nisi
1445 250 1506 281 per
1539 239 1628 272 illam
1656 242 1960 281 compensationem
1996 250 2163 277 certarum

1186 291 1363 321 poenarum
1378 289 1509 324 praeter
1521 293 1712 315 communes
1725 284 1926 316 afflictiones
1938 286 1954 317 ’ἒ
1990 287 2033 318 At
2046 294 2164 320 eontra

1185 325 1381 364 saepissime
1416 327 1513 357 docet
1547 327 1773 357 remissionem
1808 335 2022 368 peccatorum
2056 331 2161 371 gratis

1186 368 1378 408 contingere
1401 376 1536 409 propter
1555 369 1740 406 Christum,
1769 369 1936 402 Christum
1961 382 2036 403 esse
2060 374 2163 404 victo-

1185 419 1253 440 rem
1277 411 1404 450 peccati
1434 418 1465 442 et
1489 414 1621 450 mortis,
1656 423 1760 453 quare
1789 423 1853 444 non
1883 419 1932 444 est
1962 416 2163 447 assuendum

1185 453 1334 483 meritum
1358 452 1604 486 satisfactionis.
1652 455 1691 486 Et
1715 457 1865 497 quamuis
1889 455 2089 488 afflictiones
2113 467 2162 489 re-

1185 493 1293 536 liquae
1316 496 1393 532 sint,
1419 503 1526 528 tamen
1550 497 1612 528 has
1634 499 1867 538 interpretatur
1889 501 2075 540 praesentis
2089 511 2164 541 pec·

1185 539 1251 568 cati
1274 538 1544 570 mortificationes
1570 551 1666 577 esse,
1701 551 1764 572 non
1796 544 2085 582 compensatione-s
2110 553 2164 574 ae-

1186 587 1299 612 ternae
1323 583 1452 619 monis,
1475 592 1534 614 seu
1559 584 1669 623 precia
1700 594 1760 623 pro
1785 593 1919 616 aeterna
1944 592 2059 617 morte.
2106 585 2163 618 lob

1185 630 1377 661 excusatur,
1399 625 1487 666 quod
1510 636 1578 656 non
1603 628 1642 657 sit
1665 625 1810 658 afflictus
1829 635 1962 669 propter
1985 629 2165 669 praeterita

1184 665 1270 697 mala
1305 666 1404 698 facta.
1451 667 1565 709 ltaque
1598 668 1798 701 at'fflcttones
1832 681 1897 701 non
1926 681 2058 712 semper
2088 677 2165 703 sunt

1185 719 1325 749 poenae,
1348 716 1405 741 aut
1427 711 1524 751 signa
1552 712 1638 749 irae,
1674 712 1741 742 lmo
1772 714 1910 754 pauidae
1940 715 2166 745 conscientiae

1185 752 1356 783 docendae
1379 759 1457 784 sunt
1480 752 1565 784 alios
1589 753 1671 785 fine<
1685 754 1902 787 afflictionum
1915 756 2063 797 potiores
2077 767 2165 798 esse,

1184 804 1226 825 ne
1249 796 1391 827 sentiant
1415 806 1452 827 se
1475 807 1494 827 a
1514 796 1587 828 Deo
1611 798 1723 835 reiici,
1748 800 1774 828 si
1800 800 1830 829 in
1855 800 2090 831 afflictionibus
2115 801 2166 831 ni-

1185 836 1230 868 hil
1253 839 1313 869 nisi
1333 849 1473 879 poenam
1497 845 1527 870 et
1551 841 1631 871 iram
1648 840 1707 871 Dei
1732 841 1875 872 videant.
1909 841 1974 883 Alij
2001 842 2082 873 fines
2105 853 2165 883 po-

1185 881 1288 911 tiores
1312 888 1388 912 sunt
1412 883 1658 921 considerandi,
1683 884 1770 925 quod
1797 883 1889 915 Deus
1912 884 2053 916 alienum
2079 895 2164 926 opus

1185 922 1297 962 faciat,
1322 931 1355 955 vt
1378 935 1474 957 suum
1498 936 1584 966 opus
1605 925 1715 957 facere
1729 928 1910 967 possitetc.
1947 927 2041 959 Sicut
2063 927 2166 970 longa

1185 968 1339 998 contione
1373 968 1471 999 docet
1503 968 1621 1000 Esaias
1652 968 1731 1010 Cap.
1762 971 1877 1010 xxviij.
1932 969 1974 1000 Et
2011 981 2084 1002 cum
2121 972 2166 1002 di-

1185 1008 1303 1051 scipuli
1325 1011 1570 1053 interrogarent
1593 1012 1634 1043 de
1654 1023 1770 1049 coeca,
1794 1014 1867 1054 quis
1886 1020 2072 1054 peccasset.
2117 1013 2167 1045 lo-

1184 1053 1304 1084 hannis
1327 1054 1369 1084 ix.
1387 1056 1440 1092 ⁶⁹)
1471 1056 1652 1095 respondet
1683 1055 1858 1094 Christus,
1893 1066 2029 1087 causam
2060 1057 2167 1088 coeci-

1186 1096 1262 1126 tatis
1286 1106 1375 1134 esse,
1399 1107 1466 1128 non
1490 1105 1682 1138 peccatum,
1713 1099 1773 1129 sed
1797 1107 1833 1129 vt
1857 1109 1960 1139 opera
1983 1098 2045 1130 Dei
2071 1100 2102 1130 in
2127 1109 2166 1130 eo

1186 1138 1447 1171 manifestentur.
1499 1140 1540 1171 Et
1562 1141 1651 1181 apud
1677 1141 1844 1172 Ieremiam
1873 1142 2008 1179 dicitur,
2039 1142 2168 1178 Quibus

1185 1192 1250 1212 non
1274 1188 1345 1213 erat
1368 1183 1532 1221 iudicium,
1556 1185 1706 1215 bibentes
1728 1185 1839 1215 bibent
1863 1191 1926 1216 etc.
1973 1185 2066 1217 Sicut
2088 1185 2167 1216 Pro-

1185 1224 1305 1266 phetae
1334 1225 1496 1256 interfecti
1527 1232 1620 1264 sunt,
1656 1227 1819 1259 lohannes
1849 1227 2019 1268 Baptista,
2049 1234 2082 1259 et
2110 1228 2166 1270 alij

1185 1269 1302 1299 sancti.
1339 1267 1449 1302 Quare
1472 1267 1670 1301 afflictiones
1695 1281 1760 1301 uon
1784 1280 1916 1311 semper
1939 1278 2015 1302 sunt
2038 1280 2167 1312 poenae

1185 1321 1245 1351 pro
1275 1311 1373 1341 certis
1404 1311 1499 1343 factis
1535 1313 1742 1353 praetet·itiS‚
1775 1314 1835 1344 sed
1871 1319 1948 1345 sunt
1978 1324 2081 1355 opera
2106 1314 2168 1346 Dei

1186 1354 1349 1385 destinata
1372 1355 1413 1385 ad
1438 1361 1585 1386 nostram
1606 1355 1789 1395 vtilitatem‚
1813 1362 1846 1387 et
1868 1362 1904 1387 vt
1927 1357 2079 1397 potencia
2103 1356 2167 1388 Dei

1186 1396 1243 1427 fiat.
1272 1398 1487 1438 conspectior
1516 1399 1547 1429 in
1575 1399 1765 1431 infirmitate
1794 1405 1926 1437 nostra,
1963 1399 2019 1431 Sic
2042 1399 2167 1431 Paulus

1185 1439 1240 1470 ait.
1278 1439 1435 1472 Potencia
1452 1440 1515 1472 Dei
1539 1442 1707 1482 perficitur
1729 1443 1760 1474 in
1785 1442 1972 1474 infirmitate
1995 1453 2078 1474 mea.
2109 1442 2167 1474 lta-

1186 1493 1250 1524 que
1279 1492 1421 1524 corpora
1451 1489 1568 1515 nostra
1595 1485 1717 1516 debent
1747 1495 1825 1517 esse
1855 1485 2002 1525 hostiae,
2031 1492 2169 1527 propter

1185 1524 1390 1557 voluntatem
1414 1526 1490 1564 Dei,
1514 1527 1554 1557 ad
1580 1529 1799 1560 obedientiam
1822 1535 1971 1560 nostram
1998 1528 2168 1560 declaran-

1187 1569 1273 1607 dam:
1297 1579 1365 1599 non
1389 1570 1430 1600 atl
1456 1572 1738 1611 compensandam
1753 1578 1890 1604 mortem
1903 1578 2084 1610 aeternam,
2106 1581 2168 1612 pro

1187 1621 1252 1652 qua
1275 1610 1363 1643 aliud
1387 1613 1532 1654 precium
1556 1613 1656 1645 habet.
1669 1614 1776 1653 Deus,
1799 1614 1927 1646 scilicet
1946 1622 2083 1647 mortem
2109 1613 2165 1657 filij

1187 1655 1250 1686 sui.
1296 1654 1337 1686 Et
1367 1656 1399 1686 in
1424 1656 1512 1687 hanc
1541 1658 1744 1689 sentenciam
1773 1659 2008 1700 interpretatur
2038 1659 2167 1700 Grego-

1187 1697 1256 1728 rius
1290 1698 1395 1739 ipsam
1431 1700 1529 1730 etiam
1564 1711 1704 1741 poenam
1736 1700 1890 1740 Dauitlis,
1926 1713 2000 1733 cum
2029 1701 2084 1732 ait.
2131 1700 2168 1733 Si

1186 1739 1281 1771 Deus
1309 1746 1446 1782 propter
1473 1750 1648 1784 peccatum
1684 1743 1765 1775 illud
1796 1743 1906 1776 fuerat
1939 1745 2167 1783 comminatus,

1187 1790 1222 1814 vt
1255 1783 1306 1814 sic
1337 1783 1566 1817 humiliaretur
1599 1796 1618 1818 u
1648 1786 1733 1824 filio,
1769 1797 1829 1819 cur
1856 1788 1991 1819 dimisso
2025 1794 2166 1830 peccato

1187 1827 1276 1867 quod
1310 1833 1383 1857 erat
1408 1828 1437 1858 ei
1470 1829 1689 1861 comminatus
1719 1829 1865 1870 impleuit
1922 1830 2166 1872 Respondetur,

1186 1869 1412 1901 remissionem
1435 1869 1523 1902 illam
1548 1873 1674 1912 peccati
1698 1871 1817 1904 factam
1837 1874 1930 1911 esse,
1955 1884 1997 1905 ne
2014 1874 2112 1905 homo
2123 1874 2166 1905 ad

1186 1913 1429 1953 percipiendum
1456 1915 1556 1945 vitam
1579 1915 1789 1956 impediretur
1817 1922 1994 1948 aeternam.
2040 1916 2165 1948 Subse-

1186 1963 1293 1986 cutum
1317 1966 1398 1986 vero
1422 1955 1501 1987 illud
1526 1959 1790 1990 comminationis
1813 1958 2015 2000 exemplum,
2044 1966 2079 1990 vt
2102 1960 2165 2001 pie·

1185 2003 1236 2029 tas
1260 1998 1402 2029 hominis
1425 2001 1521 2030 etiam
1546 1997 1576 2031 in
1600 1999 1656 2032 illa
1680 2001 1862 2033 humilitate
1885 2009 2098 2035 exerceretur
2120 2009 2165 2034 at-

1185 2051 1250 2082 que
1273 2043 1484 2082 probaretur.
1530 2042 1588 2074 Sic
1622 2050 1654 2075 et
1687 2054 1824 2076 mortem
1855 2047 2006 2087 corporis
2031 2052 2165 2088 propter

1184 2091 1357 2126 peccatum
1382 2084 1475 2116 Deus
1499 2085 1620 2117 homini
1645 2087 1775 2126 inflixit,
1799 2094 1831 2119 et
1854 2096 1928 2129 post
1951 2095 2165 2130 peccatorum

1186 2128 1413 2159 remissionem
1438 2135 1573 2170 propter
1586 2131 1805 2162 exercendam
1829 2131 1991 2163 iusticiam
2011 2142 2075 2163 non
2089 2132 2165 2162 ade·

1186 2170 1260 2208 mit,
1294 2170 1448 2202 videlicet
1477 2178 1511 2202 vt
1547 2180 1742 2205 exerceatur
1776 2180 1808 2205 et
1840 2176 2001 2216 probetur
2033 2175 2164 2206 iusticia

1185 2214 1322 2244 istorum
1347 2215 1401 2256 qui
1425 2214 1664 2247 santificantur.

1271 2257 1387 2298 neque
1420 2268 1501 2289 vero
1534 2257 1694 2290 tolluntur
1728 2269 1918 2290 communes
1958 2258 2164 2292 calamitates

1186 2300 1317 2340 proprie
1341 2310 1400 2341 per
1422 2300 1478 2332 illa
1503 2311 1604 2342 opera
1628 2301 1892 2334 satisfactionum
1909 2302 2164 2341 canonicarum,

1187 2342 1251 2374 hoc
1265 2350 1327 2381 est,
1353 2354 1412 2384 per
1435 2343 1490 2375 illa
1506 2355 1608 2384 opera
1621 2345 1828 2376 traditionum
1848 2345 2064 2376 humanarum
2079 2355 2164 2387 quae

1187 2386 1247 2427 ipsi
1272 2386 1322 2417 sic
1344 2386 1457 2418 valere
1480 2387 1608 2425 dicunt,
1632 2398 1672 2418 ex
1697 2398 1796 2429 opere
1820 2394 1975 2429 operato,
2005 2395 2039 2419 vt
2067 2389 2164 2420 etiam

1186 2429 1214 2460 si
1239 2428 1319 2460 fiant
1342 2430 1373 2460 in
1399 2437 1538 2471 peccato
1563 2430 1704 2468 mortali,
1728 2437 1834 2462 tamen
1854 2432 2014 2463 redimant
2025 2441 2164 2472 poenas-

1186 2471 1227 2503 Et
1251 2483 1325 2503 cum
1348 2473 1503 2513 obijcitur
1529 2472 1610 2504 illud
1633 2472 1735 2504 Pauli.
1781 2473 1818 2505 Si
1848 2484 1911 2505 nos
1944 2475 2164 2506 indicaremus

1185 2611 1233 2643 69)
1252 2610 1301 2643 ix.1
1320 2611 1369 2635 Ed.
1389 2611 1427 2634 3.:
1447 2617 1519 2634 nouo

1901 2663 1934 2686 36
1946 2662 1959 2674 ⁰
