2366 2958
199 209 264 241 543

202 303 275 335 Hoc
307 307 359 334 est
384 311 507 344 corpus
541 312 648 334 meum
678 301 768 343 quod
799 310 861 341 pro
893 299 991 332 vobis
1024 301 1176 340 traditur,

202 346 263 378 Hic
292 352 344 378 est
373 345 459 377 calix
487 346 563 376 noui
593 343 778 376 testamenti
809 350 871 374 etc.
919 342 964 374 lta
994 342 1076 375 fides
1100 354 1178 375 0011-

201 389 320 430 cipitur
352 395 385 419 et
413 387 625 419 confirmatur
655 384 716 428 per
744 384 1002 424 absolutionem,
1034 397 1094 428 per
1121 397 1178 419 au-

201 432 301 463 ditum
336 430 534 472 Euangelij,
572 440 632 471 per
665 439 759 461 vsum
793 435 1099 468 sacramentorum,
1136 439 1178 460 ne

200 475 407 512 succumbat,
430 475 505 505 dum
528 472 673 505 luctatur
697 482 770 504 cum
793 472 976 503 terroribus
998 473 1127 514 peccati
1146 478 1178 504 et

200 518 324 549 mortis.

287 560 376 591 Haec
408 559 492 590 ratio
531 558 757 600 poenitenciae
797 556 897 598 plana
931 562 963 589 et
1003 542 1206 599 perspicua¹

200 609 270 641 est,
299 609 331 634 et
355 608 453 644 auget
477 602 669 644 dignitatem
692 601 868 642 potestatis
892 598 1045 637 clauium,
1069 606 1101 631 et
1125 610 1178 630 sa-

201 651 456 682 cramentorum,
481 651 514 675 et
535 643 679 675 illustrat
704 642 898 674 beneficium
923 642 1057 680 Christi,
1082 643 1179 674 docet

201 698 263 720 nos
287 688 332 719 vti
357 688 538 719 mediatore
561 697 602 718 ac
625 687 849 728 propiciatore
872 685 1018 717 Christo.

287 730 354 763 Sed
389 730 466 772 quia
501 728 689 762 consutae-io
724 729 856 759 damnat
883 738 964 766 nos,
998 728 1085 769 quod
1115 726 1178 758 has

201 775 283 806 duas
306 779 417 815 partes
440 773 667 814 poenitenciae
689 772 914 813 posuerimus,
939 770 1178 802 ostendendum

201 823 270 854 est,
300 817 391 858 quod
426 816 591 856 scriptura
619 816 650 846 in
687 815 912 855 poenitencia,
942 824 1003 845 seu
1041 823 1180 843 conuer-

201 860 294 891 sione
319 859 410 900 tmpij
430 864 531 899 ponat
552 859 614 890 has
637 858 832 900 praecipuas
856 862 978 897 partes.
1025 854 1179 887 Christus

202 903 288 934 enim
310 902 433 943 inquit,
463 900 577 933 Matth.
601 903 647 932 xi.
693 900 811 931 Venite
834 900 877 930 ad
900 909 951 930 me
973 908 1099 936 01111105,
1125 899 1180 939 qui

201 944 362 977 laboratis
386 951 419 976 et
441 945 566 976 onerati
590 944 685 980 estis,
709 950 741 974 et
764 952 827 984 ego
851 941 997 973 reficiam
1022 951 1094 972 vos.
1119 941 1180 973 Hic

203 989 269 1020 duo
292 988 438 1019 membra
463 994 558 1025 sunt,
587 985 684 1018 labor
714 991 746 1016 et
776 995 861 1016 onus
890 983 1078 1026 significant
1102 994 1180 1014 con-

202 1031 392 1068 tn’cionem,
420 1039 564 1071 pauores
595 1036 626 1061 et
655 1035 802 1060 terrores
830 1028 958 1067 peccati
992 1032 1024 1058 et
1054 1027 1179 1057 mortis.

202 1073 326 1105 Venire
359 1073 400 1104 ad
435 1072 622 1110 Christum,
654 1078 704 1103 est
740 1071 894 1109 credere,
923 1071 1011 1112 quod
1046 1075 1181 1110 propter

202 1115 371 1149 Christum
400 1117 604 1147 remittantur
624 1120 778 1156 peccata,
803 1124 877 1144 cum
901 1113 1078 1150 credimus,
1102 1113 1179 1143 viui-

201 1159 344 1191 ficantur
371 1159 475 1190 corda
498 1159 615 1199 spiritu
638 1163 773 1194 sancto,
802 1167 861 1197 per
882 1157 1020 1187 verbum
1044 1155 1181 1187 Christi.

202 1202 286 1235 Sunt
315 1202 415 1244 igitur
440 1202 492 1232 hic
516 1201 602 1232 duae
626 1207 740 1240 partes
774 1200 987 1240 praecipuae,
1020 1198 1181 1229 contricio

202 1251 233 1277 et
255 1244 350 1276 fides.
395 1243 436 1275 Et
459 1243 563 1275 Marci
586 1245 692 1285 primo
716 1242 867 1274 Christus
890 1242 952 1279 ait,
981 1241 1080 1283 Agite
1105 1250 1181 1282 poe-

201 1288 399 1325 nitenciam,
431 1293 463 1318 et
498 1287 621 1319 credite
656 1284 851 1328 Euangelio.
909 1283 971 1315 Vbi
1005 1285 1038 1315 in
1072 1285 1183 1325 priore

202 1329 365 1373 particula
393 1330 501 1371 arguit
523 1334 680 1371 peccata,
709 1330 740 1359 in
770 1328 958 1369 posteriore
988 1325 1182 1359 consolatur

201 1384 282 1411 nos,
319 1379 351 1405 et
380 1373 522 1404 ostendit
553 1373 781 1403 remissionem
815 1376 1042 1411 peccatorum.
1099 1369 1183 1400 Nam

203 1417 340 1449 credere
375 1414 580 1458 Euangelio,
616 1424 683 1446 non
713 1420 764 1445 est
798 1412 854 1445 illa
887 1412 1053 1455 generalis
1087 1412 1184 1450 fides,

201 1470 299 1502 qnam
329 1458 451 1490 habent
480 1465 511 1490 et
543 1457 683 1495 diaboli,
714 1457 775 1488 sed
810 1457 942 1498 proprie
971 1462 1022 1488 est
1045 1456 1183 1487 credere

202 1504 430 1534 remissionem
445 1508 656 1543 peccatorum
679 1506 813 1541 propter
825 1498 993 1531 Christum
1017 1499 1182 1530 donatam.

201 1546 295 1578 Haec
324 1545 410 1576 enim
434 1543 600 1576 reuelatur
623 1545 654 1575 in
677 1541 872 1585 Euangelio.
918 1541 1050 1573 Videtis
1073 1548 1105 1572 et
1128 1541 1184 1573 hic

203 1589 288 1621 duas
310 1595 423 1630 partes
436 1587 602 1630 coniungi,
626 1585 884 1623 contricionem,
908 1595 981 1616 eum
999 1590 1184 1626 arguuntur

202 1637 359 1674 peccata,
384 1631 423 1662 Et
447 1631 563 1664 fidem.
594 1640 667 1661 cum
691 1630 811 1660 dicitur
841 1628 964 1659 credite
987 1625 1183 1669 Euangelio.
1209 1648 1214 1684 Ι

204 1675 315 1716 Siquis
339 1673 392 1706 hic
422 1674 510 1706 dicat
534 1672 700 1704 Christum
731 1670 907 1712 complecti
936 1671 1033 1702 etiam
1056 1670 1185 1702 fructus

203 1717 452 1760 poenitenciae,
475 1726 534 1747 seu
558 1722 659 1747 totam
681 1725 800 1746 nouam
825 1715 944 1751 vitam,
969 1724 1034 1744 non
1057 1714 1185 1744 dissen-

205 1761 341 1792 010111115.
387 1759 470 1791 Nam
496 1759 561 1790 1100
584 1759 681 1790 nobis
705 1756 845 1795 sufficit,
873 1757 961 1798 quod
984 1756 1047 1788 hae
1070 1762 1185 1798 partes

204 1805 382 1846 praecipue
405 1803 614 1834 nominantur
639 1801 810 1837 contricio,
833 1806 864 1831 et
888 1800 981 1831 fides.

291 1845 417 1877 Paulus
450 1845 520 1876 fere
547 1845 667 1886 vbique
696 1854 770 1875 cum
801 1843 961 1874 describit
991 1842 1185 1873 conuersio-

204 1899 279 1921 nem
303 1899 362 1920 seu
384 1889 647 1924 renouationem‚
670 1885 747 1917 facit
760 1886 821 1917 has
846 1887 928 1917 duas
947 1892 1071 1926 partes,
1094 1883 1185 1916 Mor-

206 1933 418 1964 tificationem
442 1938 473 1963 et
499 1929 773 1966 Viuificationem‚
798 1937 830 1960 vt
855 1928 987 1959 Coloss.
1014 1929 1046 1970 ij.
1074 1930 1104 1965 ⁵)
1151 1927 1185 1958 ln

206 1986 273 2017 quo
297 1975 480 2007 circumcisi
505 1975 586 2005 estis
611 1973 861 2003 circumcisione
884 1983 949 2003 non
963 1982 1060 2003 manu
1085 1969 1185 2008 sacta,

208 2018 363 2050 videlicet
391 2016 612 2058 expoliatione
642 2017 792 2056 corporis
823 2021 1035 2056 peccatorum
1066 2014 1185 2046 curnis.

207 2060 248 2093 Et
272 2067 403 2103 postea,
427 2061 457 2091 in
482 2070 547 2101 quo
571 2058 666 2090 simul
691 2059 879 2090 resuscitati
905 2058 987 2089 estis
1012 2067 1071 2098 per
1089 2057 1186 2088 fidem

209 2103 379 2136 efficaciae
404 2103 476 2134 Dei.
526 2103 586 2133 llic
611 2102 697 2133 duae
727 2109 801 2132 sunt
828 2108 959 2143 partes,
994 2099 1106 2131 Altera
1136 2107 1187 2131 est

208 2147 386 2189 expoliatio
417 2146 567 2187 corporis
592 2151 814 2186 peccatorum.
861 2143 975 2175 Altera
1011 2150 1060 2175 est
1095 2153 1186 2174 resu-

208 2191 340 2222 scitatio
364 2200 423 2231 per
444 2190 550 2219 fidem.
584 2188 697 2228 Neque
721 2189 804 2219 tun-n
828 2188 941 2225 verba,
966 2186 1187 2223 mortificatio,

210 2233 402 2269 Vlulficall0‚
425 2231 605 2272 expoliatio
629 2232 779 2272 (tnrporis
799 2238 1023 2272 peccatorum,
1047 2230 1187 2260 resusci-

208 2277 307 2314 tacto,
332 2275 503 2307 Platonice
526 2273 663 2316 intelligi
688 2275 820 2306 «10110111.
845 2274 885 2305 de
909 2272 1063 2304 simulata
1086 2279 1188 2303 muta-

210 2321 322 2356 cione,
358 2319 423 2351 Sed
460 2317 667 2349 mortificatio
701 2317 864 2357 significat
901 2327 999 2348 veros
1030 2323 1188 2349 terrores,

210 2361 327 2404 quales
351 2368 427 2393 sunt
450 2361 666 2396 morientium,
689 2370 775 2401 quus
799 2361 963 2391 ¹sustinere
987 2365 1105 2390 natura
1123 2369 1188 2389 11011

210 2411 339 2447 posset.
363 2405 425 2436 11151
449 2404 632 2443 erigeretur
656 2403 727 2433 lide.
775 2402 821 2433 lta
852 2402 904 2434 hic
935 2401 1188 2444 expoliationem
1212 2404 1214 2408 '

212 2448 362 2489 corporis
387 2454 599 2489 pem-ntorum
624 2452 740 2481 vocat,
765 2456 861 2488 quam
888 2457 949 2476 11115
969 2446 1105 2477 ‹lit-intus
1125 2445 1188 2475 vst—
1213 2455 1215 2466 ¹

213 2497 279 2521 tate
315 2491 570 2527 contricionem,
607 2490 680 2531 quia
712 2491 741 2520 in
774 2487 838 2519 illis
869 2488 1040 2519 11111111111115
1070 2498 1189 2519 concu-

213 2534 372 2576 piscentia
397 2532 555 2564 naturalis
578 2540 792 2575 expurgatur.
833 2531 872 2562 Et
897 2532 1075 2563 vluificatio
1100 2529 1189 2561 111101-
1214 2529 1217 2557 l

645 206 758 240 Pam.
779 205 884 239 tum..
907 205 1095 239 SCRIPTA
1115 205 1383 239 DOGMATICA
1402 204 1460 237 ET
1479 204 1751 240 SYMBOLICA·

2143 207 2209 240 544

1229 298 1285 342 ligi
1305 299 1416 337 debet,
1438 309 1504 330 non
1527 299 1716 342 imaginatio
1729 299 1914 339 Platonica,
1936 301 1996 332 sed
2018 300 2208 333 consolatio

1230 353 1316 384 quae
1339 351 1418 373 vere
1437 347 1610 373 sustentat
1623 341 1803 385 fugientem
1815 344 1915 375 vitam
1933 344 1964 375 in
1989 345 2207 376 contricione.

1231 386 1315 416 Sunt
1350 394 1433 426 ergo
1467 383 1520 415 hic
1555 385 1639 417 duae
1676 393 1811 427 partes,
1852 387 2012 418 contricio
2046 393 2078 418 et
2111 386 2207 419 fides.

1231 427 1316 463 Quia
1339 428 1424 458 enim
1437 428 1640 459 conscientia
1662 439 1728 460 non
1741 435 1852 470 potest
1874 430 1967 461 reddi
1990 436 2121 471 pacata,
2144 429 2209 461 nisi

1231 470 1306 501 fide.
1352 470 1429 501 ldeo
1464 468 1537 501 sola
1571 470 1655 502 fides
1688 471 1833 504 viuificat
1865 473 1956 504 iuxta
1983 472 2049 504 1100
2075 473 2208 504 dictum.

1231 512 1340 545 lustus
1363 523 1404 544 ex
1428 512 1493 544 fide
1516 513 1613 544 viuet.

1316 554 1358 587 Et
1391 556 1510 587 deinde
1544 557 1575 586 111
1610 554 1872 589 Colossensibus
1906 557 2008 599 inquit
2041 556 2210 589 Christum

1231 597 1343 630 delere
1372 597 1636 639 Chirographum
1670 599 1758 641 quod
1790 610 1851 641 per
1879 599 1986 641 legem
2014 600 2211 632 aduersatur

1231 642 1337 672 nobis.
1370 641 1430 673 Hic
1443 651 1576 682 quoque
1599 641 1684 674 duae
1705 649 1781 673 sunt
1806 649 1918 684 partes
1932 642 2209 685 CMrographum,

1232 690 1263 714 et
1290 682 1418 715 delecio
1442 683 1675 725 chirographi.
1721 684 1781 716 Est
1811 692 1919 716 autem
1942 684 2211 728 chirographum

1232 727 1436 758 conscientia
1458 737 1603 769 arguens
1626 734 1658 758 et
1681 729 1908 759 condemnans
1931 738 2006 767 nos,
2029 728 2134 760 Porro
2157 728 2211 760 lex

1231 776 1282 800 est
1315 770 1453 801 verbum
1488 770 1574 811 quod
1613 772 1721 812 arguit
1756 776 1788 802 et
1828 771 2027 802 condemnat
2062 777 2211 812 peccata.

1232 811 1322 843 Haec
1345 811 1446 853 igitur
1474 822 1540 843 vox
1565 823 1650 854 quae
1673 813 1769 851 dicit,
1793 813 1934 845 Peccaui
1959 814 2103 852 domino,
2125 815 2213 846 sicut

1232 853 1341 885 Dauid
1364 855 1420 892 ait,
1443 861 1495 886 est
1517 854 1795 897 Chirographum.
1841 856 1882 887 Et
1905 857 1992 888 hanc
2015 866 2132 888 vocem
2154 857 2212 888 im-

1232 897 1276 938 pij
1302 902 1335 927 et
1356 898 1465 928 securi
1479 897 1630 929 homines
1654 909 1718 930 uon
1743 899 1893 930 emittunt
1905 899 2006 937 serio,
2028 899 2103 931 Non
2127 900 2213 931 enim

1233 939 1362 977 vident,
1394 948 1460 970 non
1490 939 1604 981 legunt
1631 944 1789 982 scriptam
1818 942 1850 973 in
1879 942 1982 973 corde
2008 942 2214 974 sentenciam

1233 980 1330 1024 legis.
1383 981 1418 1013 111
1450 983 1539 1013 veris
1567 981 1738 1015 doloribus
1773 994 1814 1016 ac
1849 984 2034 1016 terroribus
2069 986 2215 1016 cernitur

1234 1023 1318 1056 haec
1340 1025 1523 1055 sentencia.
1555 1024 1614 1056 Est
1635 1026 1734 1067 igitur
1757 1026 2021 1069 chirographum
2045 1028 2052 1059 i
2077 1037 2116 1058 sa
2134 1037 2215 1060 con-

1233 1068 1339 1105 tricio,
1363 1068 1588 1099 condemnans
1611 1078 1685 1099 1105.
1726 1067 1849 1100 Delere
1872 1038 2216 1112 Chirograp‘humest

1233 1109 1350 1142 tollere
1372 1110 1460 1141 hanc
1483 1111 1687 1142 sentenciam
1710 1122 1776 1153 qua
1798 1113 2065 1153 pronunciamus,
2087 1111 2160 1144 fore
2179 1117 2215 1144 vt

1234 1154 1443 1191 damnemur,
1470 1155 1502 1192 ⁶)
1532 1159 1564 1184 et
1587 1155 1790 1186 sentenciam
1813 1153 2021 1196 insculpere,
2054 1164 2118 1196 qua
2140 1165 2216 1186 seu-

1234 1197 1359 1227 ciamus
1384 1206 1447 1227 nos
1473 1194 1631 1228 liberatos
1659 1207 1737 1228 esse
1770 1198 1812 1229 ab
1842 1196 1899 1229 illa
1929 1198 2216 1230 condemnatione.

1234 1239 1295 1270 Est
1317 1245 1427 1270 autem
1450 1238 1550 1277 fides,
1581 1250 1669 1272 noua
1692 1238 1749 1271 illa
1774 1241 1960 1279 sentencia,
1989 1250 2075 1282 quae
2104 1238 2218 1272 abolet

1233 1283 1374 1323 priorem
1388 1283 1606 1320 sentenciam,
1629 1288 1660 1314 et
1673 1283 1781 1314 reddit
1800 1293 1916 1325 pacem
1933 1289 1967 1315 et
1984 1284 2086 1315 vitam
2109 1283 2215 1315 cordi.

1320 1325 1517 1366 Quanquam
1540 1326 1617 1367 quid
1641 1335 1725 1367 opus
1749 1332 1801 1357 051
1820 1325 1921 1358 multa
1944 1327 2048 1358 citare
2070 1326 2218 1358 testimo-

1234 1368 1304 1406 nia,
1331 1378 1406 1400 cum
1429 1369 1550 1410 vbique
1582 1369 1681 1400 obuia
1703 1369 1768 1400 sint
1796 1370 1827 1400 iu
1851 1369 2037 1410 scripturis.
2082 1367 2218 1401 Psalmo

1236 1411 1337 1451 exvij.
1383 1410 1564 1453 Castigans
1587 1412 1763 1453 castigauit
1786 1422 1838 1443 me
1860 1411 2042 1450 Dominus,
2065 1418 2097 1443 et
2120 1412 2217 1444 morti

1235 1464 1301 1485 non
1324 1453 1457 1485 tradidit
1479 1464 1544 1492 me,
1569 1453 1702 1486 Psalmo
1726 1455 1835 1497 cxviij.
1859 1453 1992 1486 Defecit
2012 1455 2122 1486 anima
2144 1465 2219 1486 mea

1235 1507 1316 1538 prae
1349 1496 1521 1537 angustia,
1555 1495 1723 1528 Confirma
1757 1508 1811 1529 me
1839 1498 1943 1529 verbo
1977 1504 2046 1529 tuo.
2091 1497 2156 1529 Vbi
2184 1498 2218 1529 iu

1236 1541 1347 1581 priore
1380 1539 1529 1570 membro
1563 1541 1750 1571 continetur
1782 1541 1966 1578 contricio,
2000 1541 2034 1572 in
2068 1540 2218 1571 secundo

1237 1583 1353 1614 modus
1388 1580 1478 1613 clare
1512 1583 1711 1614 describitur
1744 1583 1912 1624 quomodo
1945 1583 1977 1614 in
2013 1583 2219 1615 contricione

1237 1635 1446 1662 recreemur,
1470 1624 1598 1656 scilicet
1621 1626 1724 1656 verbo
1749 1625 1810 1657 Dei
1835 1626 1924 1668 quod
1948 1625 2045 1657 offert
2067 1626 2218 1669 gratiam.

1238 1669 1273 1700 ld
1299 1673 1465 1700 sustentat
1493 1673 1526 1698 et
1553 1667 1697 1699 viuificat
1728 1669 1843 1700 corda.
1890 1667 1932 1699 Et
1963 1669 1990 1700 1.
2021 1667 2149 1719 Regum
2173 1667 2218 1711 .ij.

1237 1711 1401 1743 Dominus
1415 1709 1603 1749 mortificat,
1628 1717 1661 1742 01
1683 1711 1838 1747 1111111001,
1863 1711 1995 1742 deducit
2017 1711 2059 1742 ad
2081 1709 2220 1750 inseroS,

1238 1761 1271 1787 et
1305 1753 1442 1786 reducit.
1501 1753 1626 1785 Horum
1661 1752 1768 1786 altero
1803 1755 2012 1797 significatur
2045 1754 2221 1793 contricio,

1237 1796 1343 1830 altero
1372 1796 1581 1838 significatur
1605 1796 1707 1835 fideS‚
1738 1797 1779 1828 Et
1805 1796 1926 1829 Esaiae
1949 1797 2060 1839 xxviij.
2106 1795 2220 1829 Domi-

1237 1851 1301 1873 nus
1324 1841 1501 1874 irascetur‚
1536 1846 1570 1871 vt
1599 1839 1697 1872 saciat
1721 1850 1803 1882 opus
1831 1850 1935 1872 suum*
1983 1838 2136 1871 Alienum
2164 1845 2218 1872 est

1238 1894 1323 1925 opus
1347 1883 1435 1921 01115,
1459 1889 1494 1913 vt
1517 1890 1674 1923 operetur
1697 1893 1781 1924 opus
1805 1893 1910 1915 suum.
1956 1881 2109 1914 Alienum
2133 1892 2218 1924 opua

1238 1927 1301 1960 Dei
1325 1932 1434 1962 vocat,
1457 1935 1530 1957 cum
1555 1932 1666 1963 terret,
1689 1926 1766 1967 quia
1790 1925 1852 1957 Dei
1877 1926 2044 1966 proprium
2069 1936 2154 1967 opus
2167 1930 2220 1957 051

1238 1969 1406 2002 viuificare
1429 1976 1461 1999 et
1485 1967 1664 2000 consolari.
1712 1968 1834 1999 Verum
1858 1969 1931 1999 ideo
1957 1975 2075 2007 terret,
2106 1969 2221 2011 inquit,

1238 2020 1271 2045 vt
1300 2014 1343 2044 sit
1371 2010 1465 2043 locus
1495 2010 1731 2046 consolationi,
1759 2013 1788 2047 ⁷)
1824 2017 1854 2042 et
1878 2011 2110 2048 vtuificntiorm
2144 2012 2220 2054 quia

1238 2066 1356 2088 secura
1381 2055 1483 2086 corda
1508 2060 1538 2085 et
1562 2065 1626 2085 non
1650 2055 1833 2086 sentiencia
1858 2055 1938 2085 iram
1964 2054 2026 2086 Dei
2049 2053 2221 2086 fastidiunt

1240 2097 1514 2132 consolationem.
1563 2099 1610 2128 td
1646 2097 1734 2129 hunc
1767 2098 1899 2129 modum
1935 2096 2021 2129 solet
2058 2098 2222 2138 scriptura

1240 2142 1322 2174 haec
1357 2142 1422 2173 duo
1454 2141 1656 2183 coniungere
1686 2147 1847 2173 terrores.
1878 2147 1910 2171 et
1945 2139 2222 2178 consolationem,

1243 2192 1275 2217 vt
1300 2186 1417 2217 doceat
1442 2183 1524 2214 haer
1556 2185 1733 2225 praecipuo
1766 2185 1911 2215 membra
1945 2193 2022 2215 csse
2051 2184 2082 2215 in
2111 2183 2222 2226 poeni-

1241 2229 1348 2260 10110111
1373 2227 1620 2261 contricionem.
1645 2234 1677 2257 ct
1702 2227 1797 2258 iidem
1823 2225 2052 2258 consolantem
2075 2233 2107 2258 et
2130 2226 2222 2258 iusti·

1240 2271 1404 2304 ficantem.
1452 2269 1565 2311 Neque
1594 2271 1741 2301 videmus·
1772 2270 1938 2311 quomodo
1970 2275 2086 2301 natura
2109 2269 2220 2311 poeni·

1242 2315 1370 2346 teuciae
1404 2312 1528 2344 clarius
1563 2320 1594 2344 et
1623 2312 1805 2352 simplicius
1842 2313 1923 2343 tradi
1959 2313 2075 2353 possit.
2129 2311 2221 2343 llaec

1241 2358 1327 2389 enim
1355 2364 1431 2387 sunt
1461 2356 1527 2387 duo
1556 2357 1733 2397 praecipua
1762 2366 1863 2397 opem
1884 2355 1945 2386 Det
1979 2356 2010 2386 111
2036 2354 2221 2386 hominibus

1241 2399 1511 2442 perterrefacere.
1536 2406 1568 2430 et
1590 2399 1768 2431 iustificare
1790 2409 1831 2430 ac
1865 2398 2035 2430 viuiticare
2057 2404 2221 2440 perterre-

1259 2556 1288 2585 G)
1308 2555 1332 2579 h.
1352 2556 1507 2578 sentenciam
1527 2562 1577 2586 qua
1595 2554 1805 2586 pronum-inmun,
1826 2553 1880 2576 tore
1901 2558 1927 2576 vt
1948 2551 2118 2584 damnemurd
2138 2551 2219 2576 Edit&

1313 2590 1401 2613 2-⁴.:
1420 2589 1444 2613 11.
1467 2590 1623 2613 ‹enti-nciam
1643 2589 1867 2612 fundemus-tunnis
1888 2595 1918 2611 ox
1938 2588 2036 2615 animo.

1215 2626 1218 2633 ⁴
1261 2633 1289 2664 7)
1310 2632 1404 2655 Verum
1423 2632 1481 2655 idon
1501 2638 1591 2659 terra—t,
1616 2634 1712 2663 inquit,
1739 2636 1762 2653 vt
1788 2634 1819 2654 sit
1844 2631 1915 2654 tuens
1941 2629 2135 2661 consolationum
2160 2628 2221 2654 Ᾱο.

229 2672 260 2702 ὁ)
279 2671 378 2696 coion.
398 2671 436 2702 ij.}
457 2670 502 2694 Ed.
525 2672 561 2694 3.:
581 2670 749 2694 coto-uum
768 2670 892 2697 necundo.
1215 2671 1219 2700 1

1313 2669 1339 2690 ι’·
1359 2667 1405 2691 Ed.
1427 2667 1449 2690 8.
1470 2665 1618 2699 ‘ypofrnpb'
1636 2674 1720 2690 eron
1738 2667 1828 2690 01113011
1847 2669 1910 2689 affl.
