2366 2958
108 967 118 975 ,
172 940 205 971 in
235 939 407 975 eximendis
444 939 674 970 traditionibus
707 937 876 975 humanis,
901 946 999 978 quani
1026 937 1058 968 in

173 165 240 199 311

176 259 346 299 eripimus·
376 257 443 289 Sed
453 267 595 298 aequum
607 262 690 293 erat,
701 264 762 287 eos
774 264 840 286 non
852 252 961 287 solum
972 254 1014 287 de
1022 255 1076 293 ⁸⁶)
1089 254 1155 296 opi-

177 303 240 333 bus
253 300 330 341 (fol.
343 299 414 335 532)
433 300 515 338 suis,
528 299 588 331 sed
601 300 703 330 eciam
717 297 758 329 de
770 295 882 329 officio
894 306 956 329 seu
973 297 1155 330 ministerio

177 343 329 376 solicitos
353 353 440 380 esse,
465 340 581 383 quales
611 341 770 372 haberent
791 338 966 372 Ecclesiae
988 346 1154 382 pastores,

178 385 296 428 quales
324 386 520 417 sacerdotes
549 384 797 420 ordinarentur,
824 388 860 414 vt
888 393 971 424 pura
1002 383 1154 414 doctrina

176 428 420 469 Euangetijffi)
454 427 640 457 traderetur
674 427 706 456 in
746 424 876 457 scholis
909 431 942 457 et
977 424 1153 465 Ecclesijs,

177 481 263 513 quae
282 472 379 502 fidem
399 476 430 501 et
455 469 624 500 caritatem
649 467 755 499 aleret
770 471 823 507 ³³)
846 468 879 499 in
909 468 1027 499 animis
1050 467 1153 499 hoini-

176 525 265 551 num,
288 521 323 545 vt
347 518 553 544 sacramenta
578 509 734 552 religiose
757 516 991 549 tractarentur,
1011 517 1046 542 vt
1069 511 1154 543 vicia
1176 516 1180 536 ¹

175 556 307 598 publica
331 555 481 587 censuris
506 552 745 585 ecclesiasticis
768 560 962 585 notarentur
989 560 1022 585 et
1045 562 1153 585 emen-

624 162 737 196 rum.
757 160 863 195 MEL.
883 158 1071 194 scama
1091 147 1363 194 DoGnlATmA
1383 159 1442 192 ΕΤ
1464 158 1735 194 smouca.

2087 134 2122 155 s

2118 159 2183 194 312

1207 264 1287 286 nare
1319 263 1450 295 cupere.
1504 253 1582 286 Non
1613 254 1836 286 detrectamus
1869 254 2076 287 autoritatem
2107 253 2183 296 Epi-

1207 307 1406 338 scoporum,
1435 296 1536 328 modo
1565 306 1632 328 non
1655 303 1779 339 cogant
1806 295 1920 328 facere
1950 302 2068 329 contra
2095 307 2182 329 man·

1206 340 1283 371 data
1304 338 1380 370 Dei.
1422 338 1516 370 Haec
1536 337 1692 371 voluntas
1715 340 1868 371 liberabit
1889 349 1952 371 nos
1971 349 2084 372 coram
2106 338 2182 371 Deo

1206 388 1238 414 et
1265 382 1386 413 iudicio
1414 381 1493 422 (fol.
1517 381 1587 419 54¹¹)
1615 382 1819 423 posteritatis
1853 382 2113 420 vniuersae,⁹⁵)
2141 392 2184 414 ne

1206 425 1386 457 iudicemur
1409 425 1456 456 rei
1473 426 1526 462 96)
1544 423 1642 456 huius
1665 424 1873 462 Schismatis,
1898 425 1987 466 quod
2008 424 2106 456 inicio
2129 435 2183 457 ex·

1206 468 1339 499 citatum
1374 473 1426 499 est
1454 467 1582 509 iniusta·
1605 467 1816 499 damnatione
1844 467 2084 505 doctrinae⁹⁷)
2116 466 2183 499 Lu·

1205 509 1303 548 theri,
1327 520 1416 542 nunc
1438 515 1579 552 augetur
1600 510 1782 551 pertinacia
1804 509 1948 548 illorum,
1960 510 2094 551 quinon
2105 520 2184 551 pos-

1204 560 1281 584 sunt
1305 551 1373 584 vllo
1396 553 1495 584 modo
1518 552 1620 590 flecti,
1642 559 1678 584 vt
1703 563 1799 584 vnam
1821 559 1921 594 atque
1939 551 2077 584 alteram
2101 562 2182 585 con-

175 600 343 635 dat-entur,
366 603 400 628 vt
423 597 648 629 ordinationes
661 594 910 627 ecclesiasticae
925 598 978 634 s⁹)
1001 596 1043 627 ad
1066 596 1154 627 aedi·
1176 604 1180 652 Ι
1205 592 1405 627 stitutionem
1424 595 1697 627 Ecclesiasticam
1718 595 1877 637 mitigent.
1922 594 1957 626 ln
1985 596 2105 637 quibus
2133 601 2181 627 ta-

175 641 377 677 ficationem,
412 650 477 670 non
509 640 552 670 ad
585 639 842 671 destructionem
876 644 1152 679 proponerentur,

175 692 208 715 vt
233 683 405 724 disciplina
425 681 666 714 Ecclesiastica
688 683 735 713 ita
763 682 978 719 retineretur,
1007 691 1049 712 ne
1072 682 1152 712 iniu-

175 735 234 758 stis
261 727 417 757 oneribus
442 725 666 756 conscientiae
693 725 822 766 piorum
852 730 1087 766 grauarentur,
1117 729 1152 755 vt

175 769 314 800 scholae
348 770 509 799 bonarum
543 768 676 805 artium,
710 777 796 809 quae
836 773 911 798 sunt
951 766 1050 797 vtiles
1088 765 1150 798 Ee·

174 811 309 849 zlesiae,
334 817 622 842 conscruarentur.

260 854 353 885 lianc
376 864 487 884 curam
510 853 574 884 iam
597 851 674 884 olim
697 853 889 883 abiecerunt
903 853 956 889 ⁹⁰)
980 850 1148 892 Episcopi,

172 907 212 928 ac
235 898 263 927 si
288 898 341 938 qui
365 895 497 928 fuerunt
528 895 701 933 meliores,
726 894 831 936 mgis
861 894 987 925 assidui
1016 894 1151 967 fueritint
1174 931 1178 983 ι

1115 946 1150 968 t]-

171 984 279 1015 cendo
290 973 494 1024 Euangelio.

259 1026 323 1056 Sed
347 1025 432 1056 haec
460 1033 591 1065 quoquc
618 1021 794 1064 disciplina
822 1022 887 1053 iam
920 1021 1047 1053 Romae
1080 1021 1151 1052 irri-

171 1069 276 1100 detur.
334 1068 512 1099 Pontifices
554 1065 791 1109 belligerantur
822 1065 863 1095 (le
897 1064 1036 1105 imperio
1076 1074 1150 1096 cum

171 1111 331 1152 Regibus.
376 1110 421 1140 Vt
444 1119 535 1140 mare
557 1119 617 1151 per
639 1119 677 1140 se
700 1105 911 1149 tranquillum
941 1108 1028 1139 cient
1051 1107 1151 1145 venti,

170 1155 215 1185 ita
230 1152 407 1184 Pontifices
421 1159 552 1183 mouent
575 1161 690 1193 regna,
707 1154 759 1188 ⁹¹)
784 1151 921 1192 quocies
944 1149 1070 1181 libitum
1088 1155 1150 1182 est.

257 1196 347 1227 llaec
366 1206 431 1226 non
451 1193 558 1226 solum
577 1194 685 1226 aliena
703 1199 780 1225 sunt
797 1193 839 1224 ab
858 1192 1053 1235 Euangelio,
1073 1192 1150 1231 (fol.

170 1239 240 1276 53b)
264 1240 324 1270 sed
353 1240 450 1269 etiam
479 1248 499 1269 a
527 1237 729 1269 Canonibus.
774 1235 905 1267 Interim
933 1236 1150 1267 acerbissime

171 1282 305 1324 exigunt
329 1280 485 1312 Canones
509 1290 590 1312 snos
619 1281 660 1311 ab
691 1277 786 1319 alijs,
821 1288 895 1310 cum
923 1277 1006 1310 nulli
1040 1279 1149 1310 minus

170 1331 307 1356 seruent
330 1323 497 1361 canones,
522 1333 618 1365 quam
641 1323 703 1363 ipsi
727 1322 894 1363 Episcopi.
939 1321 981 1353 Et
1010 1322 1149 1363 dignita·
1174 1340 1177 1368 ἰ

170 1375 235 1400 tem
258 1377 351 1398 suain
376 1373 407 1397 et
431 1376 513 1407 opes
538 1364 670 1397 defendi
693 1364 882 1406 postulant,
906 1374 981 1396 cum
1004 1374 1071 1395 non
1095 1374 1150 1396 cu·
1174 1375 1177 1381 ·

169 1417 242 1442 rent
265 1408 451 1447 Ecclesim,
474 1408 567 1440 obliti
591 1407 739 1440 Canonis
762 1407 928 1449 sui,quod
952 1406 1149 1439 beneficium
1172 1385 1178 1464 Ι

170 1454 264 1485 detur
297 1459 434 1494 propter
468 1451 623 1484 osticium.
680 1450 774 1487 Haec
812 1449 990 1491 deplorare
1027 1450 1080 1482 his
1095 1451 1176 1488 ⁹²).

170 1497 375 1537 temporibus
398 1493 540 1535 capitale
562 1500 595 1527 et
616 1493 821 1526 haereticum
843 1492 998 1525 habetur.
1032 1492 1150 1534 Neque

168 1549 233 1571 nos
256 1539 498 1580 attigissemus,
517 1539 581 1570 nisi
610 1542 854 1579 prouocassent
880 1536 1077 1577 aduersarij.
1093 1538 1146 1573 ⁹³)

169 1582 346 1614 Caeterum
379 1590 481 1622 saepe
514 1582 578 1612 iam
610 1581 722 1612 testati
743 1589 879 1618 sumus,
912 1588 976 1611 nos
1003 1589 1071 1610 non
1094 1588 1149 1610 so-

168 1623 234 1656 lum
259 1629 454 1666 potestatem
477 1622 763 1658 Ecclesiasticam‚
793 1633 879 1665 quae
906 1623 939 1654 in
962 1620 1147 1664 Euangelio

168 1667 316 1699 instituta
357 1672 424 1706 est,
464 1676 592 1698 summa
630 1667 752 1708 pietate
791 1666 942 1697 venerari
982 1671 1148 1707 tamquam

168 1711 343 1742 maximum
373 1709 436 1741 Dei
465 1709 606 1748 donum,
637 1720 698 1751 per
727 1709 817 1751 quod
850 1708 958 1740 Deum
991 1707 1146 1740 avnosci-

169 1764 243 1785 mus
258 1755 310 1791 ⁹⁴)
332 1760 364 1784 et
387 1763 406 1783 a
429 1759 569 1794 peccato
588 1758 621 1784 et
644 1758 810 1793 potestate
825 1753 897 1789 ⁰⁴¹¹)
921 1751 1045 1783 diaboi
1067 1749 1147 1782 libe-

169 1807 291 1834 ramur,
316 1803 348 1827 et
370 1796 470 1826 vitam
494 1802 662 1827 aeternam
685 1795 938 1836 consequimur,
964 1794 1025 1825 sed
1049 1794 1148 1826 etiam

168 1837 443 1870 Ecclesiasticam
464 1837 609 1880 politiam
633 1844 666 1870 et
688 1838 813 1880 gradus
836 1838 869 1869 in
898 1835 1054 1869 Ecclesia
1082 1846 1148 1868 ma-

169 1891 319 1924 gnopere
341 1882 499 1923 probare,
523 1888 567 1920 et,
590 1887 747 1923 quantum
770 1881 802 1912 in
825 1880 922 1913 nobis
941 1887 1149 1919 cst,conser-

167 2053 213 2085 8¹3)
234 2054 276 2085 de}
299 2053 360 2077 hanc
375 2054 581 2086 praeponi-'onem
601 2053 626 2076 in
644 2051 789 2085 opnqmpho
814 2053 926 2077 omissam
950 2051 1148 2083 Spoletinus
1202 2031 1301 2075 geno·

235 2090 260 2112 t'n
279 2089 388 2120 murqine
407 2088 513 2112 addid-1.

167 2132 214 2163 87)
235 2132 353 2155 doctrina
370 2129 521 2162 Euangelifl
541 2129 672 2155 Onold.:
691 2129 828 2161 Euangelij
850 2129 971 2154 doctrina

165 2175 213 2205 88)
233 2173 327 2205 aleret]
347 2174 478 2199 Onold.:
496 2174 597 2197 alerent

165 2217 212 2244 89.
232 2217 434 2249 ecetesimticae]
455 2215 586 2241 Onold.:
606 2215 738 2239 Ecclesiae

165 2260 211 2291 90)
231 2260 393 2291 abiecerunt}
422 2260 458 2284 tic
480 2258 588 2283 Gnels.
618 2257 756 2289 (Foerst.
788 2259 813 2280 t'n
843 2264 889 2281 uim
913 2255 962 2281 Ed.
988 2255 1059 2280 huius
1085 2255 1144 2281 Cod,

226 2295 297 2326 saluo
317 2294 428 2319 exhibet:
448 2294 610 2325 obiecerant)
631 2296 652 2317 et
673 2293 799 2323 Chytr.;
817 2291 952 2317 Onold.:
972 2291 1121 2316 abiecerunt

165 2338 212 2367 91)
232 2338 338 2369 regn-,1
359 2341 416 2362 nnn
434 2336 496 2360 hanc
514 2343 594 2360 vocem
614 2335 806 2359 Mol-nttmn
833 2336 857 2358 i'n
882 2333 1023 2367 apem-opha
1047 2333 1143 2366 spalat.

234 2389 308 2411 cupra
329 2381 415 2405 lineam
435 2379 546 2404 addidit:
567 2370 608 2403 o—ia
629 2379 661 2409 (ι.
683 2387 702 2403 e.
722 2378 832 2407 omnia),
851 2380 1000 2410 quapropter
1026 2376 1144 2402 Onold.

235 2418 257 2438 et
276 2415 383 2446 Chytr.
406 2413 509 2439 hibent:
530 2414 618 2438 omnia
636 2420 726 2444 regne,

164 2457 211 2486 9²)
231 2457 280 2489 his}
300 2458 430 2483 ottold:
450 2459 480 2481 iis

163 2499 210 2529 93)
230 2499 319 2530 Neque
339 2508 385 2523 nm
404 2501 580 2531 attigissemuz
600 2512 631 2517 —
650 2495 814 2531 aduersarii]
833 2495 892 2521 hue
911 2495 942 2520 ab
961 2495 1080 2521 Onold.
1101 2494 1143 2520 ‹ib-

233 2538 295 2557 uun(

163 2577 211 2606 ⁹⁴)
231 2576 414 2609 ngnowstnnn]
434 2577 565 2603 onom:
585 2576 776 2607 cognoscimus.

163 2619 259 2651 9⁴.)et
278 2619 416 2651 potestate]
436 2620 569 2645 ottold:
588 2624 614 2644 et
633 2627 649 2644 ι
666 2622 793 2651 potentatu

1174 1324 1178 1332 ,
1202 1313 1310 1334 nouos
1334 1301 1455 1334 cultus.

1177 654 1180 672 ι
1203 648 1278 669 men
1307 648 1370 669 nos
1395 638 1492 669 etiam
1521 638 1650 670 cessuri
1677 647 1808 670 eramus
1838 639 2070 680 tyrannidiw)
2103 639 2182 669 isto·

1204 691 1288 718 rum,
1312 682 1342 712 si
1364 682 1436 712 sine
1459 680 1643 712 offensione
1673 681 1897 713 conscientiae
1921 681 2042 712 cedere
2065 690 2181 722 posse-

1203 733 1289 796 πως..
1315 723 1424 798 ,ἳίιιιο
1448 730 1578 765 oportet
1601 735 1664 754 nos
1687 723 1793 766 magis
1817 723 1952 755 obedire
1974 722 2062 761 Deo,
2085 732 2183 765 quam

1226 775 1323 798 omllll
1351 776 1400 798 US.
1595 779 1598 782 “

1289 817 1356 848 Sed
1378 818 1549 849 veniamus
1562 817 1695 849 tandem
1718 816 1760 848 ad
1777 816 2031 858 disputationem
2054 816 2095 848 de
2117 821 2183 848 tra·

1204 860 1381 891 ditionibus
1405 859 1672 898 Ecclesiasticis,
1701 870 1798 901 quam
1828 860 2007 901 attigerunt
2040 859 2096 891 hic
2124 859 2181 891 ad-

1202 903 1354 942 uersarij.

1289 952 1376 988 Quid
1410 953 1592 984 sentiamus
1626 963 1704 985 esse
1738 958 1936 994 potestatem
1971 951 2183 984 Ecclesiasti-

1205 1005 1277 1026 cam
1300 995 1392 1026 iuxta
1414 995 1642 1036 Euangelium,
1665 997 1880 1037 exposuimus
1902 996 1935 1026 in
1959 995 2184 1027 confessione

1204 1043 1330 1069 nostra,
1364 1037 1425 1068 Est
1449 1038 1534 1069 enim
1553 1038 1739 1070 mandatum
1759 1039 1800 1070 de
1811 1037 1996 1080 Euangelio
2019 1038 2183 1076 docendo,

1205 1081 1246 1112 de
1268 1080 1553 1111 administratione
1576 1086 1879 1116 sacramentorum,
1908 1081 1950 1112 de
1980 1080 2183 1113 remittendis

1204 1130 1238 1155 et
1260 1123 1441 1155 retinendis
1463 1123 1628 1164 peccatis,
1651 1123 1745 1155 Haec
1778 1128 1928 1164 potestas
1957 1124 2075 1164 partim
2098 1123 2182 1155 ordi-

1204 1167 1268 1204 nis,
1292 1167 1410 1207 partim
1432 1165 1673 1197 lurisdictionis
1693 1165 1890 1207 appellatur.

1291 1217 1383 1248 Haec
1403 1217 1544 1248 maxima
1567 1215 1729 1248 beneficia
1758 1216 1822 1248 Dei
1851 1217 2086 1254 obscurantur,
2107 1215 2185 1255 (fol.

1203 1259 1274 1298 54b)
1293 1270 1366 1291 cum
1379 1259 1504 1292 addunt
1516 1260 1647 1301 quidam
1660 1265 1858 1300 potestatem
1873 1259 2035 1291 condendi
2046 1258 2141 1302 leges
2153 1265 2185 1291 et

1500 1302 1584 1334 Nam
1612 1303 1667 1334 vbi
1695 1302 1799 1334 induit
1826 1302 1955 1334 animus
1983 1301 2185 1343 opinionem,

1202 1346 1290 1388 quod
1314 1344 1468 1377 Christus
1482 1345 1684 1377 commiserit
1696 1343 1872 1377 Ecclesiae
1890 1344 2064 1377 instituere
2076 1353 2183 1377 nouos

1201 1388 1365 1431 quosdam
1388 1387 1499 1420 cultus
1522 1394 1554 1419 et
1577 1389 1785 1420 ceremonias
1807 1394 1944 1430 praeter
1955 1386 2185 1430 Euangelium,

1201 1431 1311 1463 statim
1345 1431 1545 1462 obscuratur
1577 1431 1729 1463 doctrina
1762 1430 1803 1462 de
1841 1431 1948 1472 gratia
1988 1436 2022 1462 et
2053 1431 2185 1463 iusticia

1201 1474 1277 1506 fidei
1311 1478 1344 1505 et
1377 1474 1576 1506 remissione
1609 1476 1906 1515 peecatorum.‘-³⁹)
1961 1473 2004 1505 Et
2037 1473 2184 1506 iudicant

1199 1516 1362 1555 homines,
1386 1526 1424 1548 se
1447 1517 1577 1549 iusticia
1605 1527 1760 1558 operum,
1791 1515 1944 1548 videlicet
1972 1515 2086 1548 talium
2114 1514 2183 1548 cul·

1200 1566 1292 1593 tuum
1325 1559 1513 1598 iustificari,
1546 1569 1614 1591 non
1647 1569 1709 1600 per
1732 1559 1831 1592 fidem
1861 1560 1894 1591 in
1917 1557 2095 1591 Christum.
2140 1558 2183 1591 Et

1199 1603 1277 1645 quia
1298 1601 1384 1634 tales
1406 1602 1602 1634 traditiones
1624 1612 1791 1645 nunquam
1814 1602 1878 1634 rite
1899 1607 2089 1641 seruantur,
2107 1611 2184 1646 gra-

1199 1646 1284 1678 uiter
1316 1650 1481 1681 vexantur
1509 1645 1744 1678 conscientiae.
1794 1644 1908 1677 Manet
1936 1655 2017 1688 ergo
2051 1644 2118 1676 hoc
2147 1644 2183 1677 in

1201 1688 1446 1726 controuersia,
1481 1694 1589 1720 vtrum
1612 1687 1735 1730 Episco
1760 1688 1770 1719 i
1802 1687 1962 1720 habeant.
1981 1693 2182 1730 potestatem

1201 1731 1366 1764 condendi
1399 1740 1507 1763 nouos
1539 1730 1650 1762 cultus
1678 1737 1711 1763 et
1759 1741 1839 1773 eges
1874 1736 2008 1773 praeter
2030 1729 2182 1773 Euange—

1200 1773 1289 1806 linm.
1334 1774 1528 1814 Aduersarij
1552 1775 1603 1806 sic
1625 1779 1906 1816 argumentantur,
1930 1783 2004 1806 cum
2027 1772 2182 1816 Euange-

1201 1817 1280 1850 lium
1315 1817 1478 1850 concedat
1503 1817 1681 1858 Episcopis
1706 1822 1905 1858 potestatem
1933 1816 2181 1856 iurisdictionis,

1201 1861 1372 1903 sequitur,
1407 1866 1442 1892 vt
1473 1859 1618 1892 habeant
1651 1865 1848 1902 potestatem
1883 1859 2049 1891 condendi
2076 1857 2181 1901 leges.

1203 1903 1328 1936 Verum
1361 1902 1426 1935 hoc
1458 1903 1554 1944 sequi
1592 1913 1658 1934 non
1692 1908 1834 1944 oportet.
1890 1902 1974 1933 Nam
2014 1902 2182 1943 scriptura

1202 1947 1374 1985 concedit,
1395 1952 1431 1977 vt
1457 1945 1719 1978 iurisdictionem
1747 1951 1943 1983 exerceant,
1972 1950 2007 1976 vt
2035 1943 2182 1983 soluant,

1202 1995 1238 2021 vt
1260 1988 1374 2031 ligent,
1395 1998 1461 2020 non
1484 1999 1524 2019 ex
1548 1989 1644 2020 nouis
1668 1987 1810 2030 legibus,
1835 1989 1894 2020 sed
1918 1998 1958 2019 ex
1981 1987 2054 2029 ipso
2071 1987 2181 2019 Euan-

1357 2031 1432 2063 Non
1467 2031 1553 2062 enim
1586 2030 1711 2063 habent
1744 2037 1943 2072 potestatem
1977 2031 2183 2072 tyrannicam

1199 2081 1257 2108 aut
1279 2074 1357 2116 (fol.
1380 2073 1451 2113 55·)
1474 2073 1611 2116 regiam,
1635 2083 1740 2116 supra
1762 2073 1885 2117 legem,
1903 2075 1976 2112 ¹⁰⁰)
2005 2083 2103 2116 quam
2125 2083 2182 2106 ae-

1198 2230 1246 2261 85)
1266 2229 1423 2261 posteritatis
1457 2227 1614 2261 vniuersae,]
1658 2226 1786 2258 ehytm
1831 2228 1968 2252 vni-imae
2011 2228 2181 2259 posteritatis,

1268 2262 1313 2288 On
1321 2272 1336 2287 o
1345 2264 1350 2287 1
1359 2264 1400 2288 ‹l.:
1421 2264 1556 2287 vni-uersae
1575 2263 1720 2295 potcstatis.

1198 2307 1246 2339 90)
1265 2305 1612 2365 zeible‘bziurstemannns
1631 2306 1656 2329 u’n
1679 2312 1725 2329 ouo
1750 2302 1799 2329 Ed.
1826 2302 1886 2328 t'od.
1910 2302 2020 2329 Guetf.
2040 2303 2112 2336 saluo
2137 2311 2178 2330 a.

1197 2384 1246 2415 97)
1265 2361 1411 2416 doctrinae]
1431 2383 1456 2407 in
1476 2382 1594 2407 Onold.
1615 2381 1690 2406 decu.

1197 2427 1245 2459 9³)
1259 2425 1554 2486 ffirfflvi‘tnkssnss‘m
1573 2423 1694 2454 auen..
1711 2432 1856 2457 quenquam
1875 2422 2006 2448 Focrst.
2024 2423 2106 2449 dam
2124 2422 2175 2449 Ed.

1197 2505 1244 2535 59)
1264 2469 1415 2529 remissioiio
1433 2501 1621 2536 peccatorum]
1640 2499 1768 2527 onom:
1789 2506 1955 2533 peccatorum
1974 2501 2135 2525 remissione.

1200 2549 1262 2576 100)
1274 2552 1317 2571 nut
1341 2548 1455 2578 regiam,
1479 2553 1557 2578 supr·
1580 2543 1690 2577 lentim]
1719 2546 1756 2569 ’ἑο
1779 2542 2089 2603 «ψᾞοῧ-σῌψ
2112 2542 2178 2568 H·-

1267 2581 1405 2606 lnnthon
1421 2586 1476 2615 pou
1495 2586 1588 2605 m:
1608 2580 1706 2611 regiam
1724 2580 1752 2603 d·
1769 2587 1881 2611 samyt-o
2004 2578 2086 2604 :siue
2104 2583 2176 2602 eoru

1267 2617 1331 2648 tege.
1351 2622 1395 2641 aut
1415 2629 1445 2635 -—
1464 2613 1553 2648 :taqu-
1570 2614 1688 2640 Onold.
1709 2614 1734 2638 ιἰι
1751 2617 1821 2639 και
1839 2612 1927 2639 hau:
1946 2613 2101 2644 unu-gt·-
2117 2613 2176 2637 utu·
