2366 2958
103 184 149 217 85
597 183 622 215 I.

104 287 253 310 normam
279 277 356 309 fidei
385 282 419 308 et
452 286 526 308 cum
559 275 710 308 Romana
743 275 991 313 concordat-⁹0⁰)
1024 283 1078 305 ec-

101 319 220 353 clesia.
265 320 351 352 Nam
368 319 551 352 Nicaenum
573 318 763 358 concilium,
785 319 848 350 sub
878 318 1080 359 imperatore

103 362 326 395 Constantino
368 363 492 404 Magno
532 360 752 398 celebratum,
790 371 923 402 semper
967 369 1080 391 sacro·

102 411 257 438 Sanctum
280 411 332 437 est
360 405 593 443 habitum,³¹)
622 405 656 436 in
683 414 749 446 quo
778 404 936 441 trecenti,
965 402 1079 434 decem

103 454 138 481 et
165 455 243 480 octo
258 450 310 487 ³²)
338 447 512 488 Episcopi,
545 447 765 479 sanctimonia
790 447 965 484 vitae‚³³)
994 453 1079 476 mar·

103 492 190 534 tyrio
224 496 257 522 et
290 491 473 523 eruditione
507 491 679 532 conspicui
713 500 754 521 ac
770 492 823 527 ³⁴)
858 486 1079 525 venerabiles,

102 534 268 566 discussis
305 535 405 569 et³⁵)
451 531 629 575 diligenter
668 532 861 564 examinatis
877 533 930 567 ³⁶)
971 529 1078 561 sacris

99 575 222 615 literis,
249 575 338 608 hunc
365 574 557 614 articulum,
585 586 683 618 quem
711 574 765 606 hic
798 570 1011 611 confitentur,
1027 574 1079 610 ³⁷)

101 619 144 652 de
172 619 296 651 unitate
325 619 492 650 essentiae
516 624 549 650 ot
577 628 796 660 personarum
825 617 970 648 trinitate
1000 615 1079 647 defi-

98 661 310 699 niet-annu)
356 661 412 692 Sic
449 672 581 704 quoque
610 660 852 701 acceptandum
885 665 956 696 est,
989 658 1079 700 quod

99 705 326 743 damnant-³⁹)
357 714 472 736 omnes
502 706 676 742 haereses,
709 709 825 734 contra
849 702 938 733 hunc
961 702 1078 733 articu—

98 746 170 780 lum
183 750 236 787 ⁴⁰)
260 753 406 788 exortas,
420 747 647 784 Manichacus,
671 746 828 783 Arianos,
842 745 1079 782 Eunomianos,

103 790 375 828 Valentinianos,
398 790 652 821 Samosatenosz
671 799 747 820 nam
770 794 803 820 et
825 788 888 820 hos
913 787 991 819 olim
1025 787 1080 818 da-

100 835 227 866 mnavit
249 840 367 864 sancta
390 838 423 865 et
445 831 612 864 catholica
633 831 788 864 ecclesia.

172 936 214 969 [In
231 937 312 968 prima
329 935 440 960 formula
458 935 653 960 Confutationis
672 935 747 958 valde
765 934 884 965 prolixa,
909 934 980 958 cuius
999 933 1081 965 purti-

101 972 183 996 culum
209 974 316 1003 quatuor
338 971 436 1002 priores
465 970 585 994 articulos
612 970 803 1002 complectentem
838 968 1024 992 Cochlacns
1055 967 1081 991 in

102 1004 252 1038 Philippicis
269 1005 321 1029 suis
339 1005 507 1034 consen-eavit,
530 1005 626 1036 primus
646 1005 813 1035 Augustauac
837 1002 1016 1027 Confessionis
1041 1009 1080 1026 ar-

94 1039 195 1073 -ticulus
212 1039 249 1064 sic
266 1039 408 1070 confutatur
426 1038 530 1070 (Cochl.
551 1038 619 1063 Phil.
637 1039 658 1063 Ι.
679 1046 718 1062 nr.
739 1037 780 1062 26.
802 1037 848 1061 fol.
869 1037 890 1061 C
909 1037 940 1061 3¹³
960 1036 1028 1060 med.
1048 1050 1082 1054 —

101 1073 133 1098 4¹³
155 1074 250 1106 med.):

171 1158 326 1183 Confutatio
346 1159 500 1183 Luthericae
519 1157 699 1182 Confessionis
718 1159 852 1188 Augustae
872 1157 1025 1188 exhibitae.¹

403 1201 535 1226 Articulus
554 1201 575 1225 Ι.
596 1201 627 1224 de
646 1201 782 1224 Trinitate-

171 1261 343 1286 Invictissime
373 1260 529 1292 Imperator,
564 1260 675 1284 Domine
709 1260 930 1290 clementissime,
958 1259 1081 1291 Princeps

103 1294 161 1320 Deo
181 1296 284 1324 dilecte,
303 1295 430 1325 nobisque
449 1299 612 1319 sacrosancte
630 1302 660 1318 ac
678 1302 779 1326 semper
796 1297 922 1326 Auguste,
942 1294 1080 1318 Confessio

102 1329 339 1354 illustrissimorum
357 1328 504 1360 Principum
524 1336 664 1359 eorumque
687 1328 922 1358 concionatorum,
946 1328 973 1352 in
998 1329 1080 1360 primo

103 1364 228 1393 articulo,
255 1363 287 1386 ab
312 1363 430 1386 omnibus
453 1362 615 1387 orthodoxis
643 1364 733 1394 procul
758 1364 836 1387 dubio
865 1362 1028 1395 probabitur,
1057 1366 1082 1385 et

103 1405 161 1422 cum
178 1397 276 1429 gaudio
295 1404 324 1420 ac
344 1397 431 1422 debita
454 1397 676 1428 congratulatione
694 1398 866 1428 suscipietur,
890 1398 934 1421 ubi
958 1396 1081 1426 fatentur,

102 1431 244 1457 Decretum
267 1431 383 1455 Nicenae
409 1431 510 1462 Synodi
535 1431 568 1455 de
591 1432 689 1456 unitate
713 1432 843 1456 essentiae
868 1432 973 1455 divinae
998 1435 1023 1454 et
1038 1430 1081 1461 =(le

103 1467 186 1491 tribus
205 1467 331 1499 personis,
350 1467 405 1490 sine
423 1466 475 1490 ulla
493 1467 655 1490 dubitatione
674 1466 830 1490 credendum
849 1473 914 1490 esse.

170 1500 213 1525 Ex
231 1508 282 1533 qua
299 1508 361 1525 sane
386 1500 556 1525 Confessione
579 1500 676 1532 poterit
699 1501 828 1525 Caesarea
846 1500 970 1525 Maiestas
994 1502 1082 1523 vestra

103 1535 161 1560 illos
195 1535 254 1560 beni
275 1543 306 1559 ne
339 1535 492 1566 admonere,
526 1535 656 1565 Primum,
695 1539 723 1558 ut
757 1542 926 1567 quaecunque
953 1533 1083 1565 approbat

103 1570 223 1595 Ecclesia
278 1569 393 1594 atholica
431 1570 559 1594 communi
597 1577 739 1600 consensu,
771 1571 848 1594 etiam
881 1570 904 1594 si
936 1570 963 1593 in
997 1568 1081 1593 literis

104 1606 185 1630 sacris
204 1611 325 1636 expressa
343 1605 455 1636 propriis
474 1604 608 1628 vocabulis
627 1611 679 1628 non
698 1604 806 1634 fuerint,
830 1605 880 1635 ipsi
905 1604 1010 1635 qnoque
1035 1609 1081 1634 pro

103 1639 252 1672 approbatis
282 1638 377 1663 habere
401 1639 498 1670 velint,
525 1642 615 1671 utpote
645 1639 798 1663 sacrificium
823 1638 935 1668 Missae,
958 1637 1083 1662 ieiunium

175 1758 211 1782 M.
242 1759 380 1782 clementer
403 1759 478 1782 huius
505 1759 608 1783 articuli
637 1758 825 1783 confessionem
850 1762 980 1790 acceptat,
1010 1756 1084 1788 (haec

173 1800 265 1825 quoque
282 1792 386 1817 dicandi·
396 1793 476 1817 ratio:
496 1792 570 1817 Caes.
591 1793 653 1817 Mai.
679 1797 810 1824 acceptat,
835 1792 910 1825 (haec
931 1800 1023 1825 quoque
1045 1791 1084 1815 di-

174 1827 249 1851 cendi
267 1828 345 1851 ratio:
366 1827 441 1852 Caes·
461 1827 525 1851 Mai.
544 1832 674 1859 acceptat,
693 1828 834 1859 approbat,
853 1828 952 1857 reiicit,
970 1826 1084 1858 repellit,

172 1861 280 1885 damnat
297 1865 342 1886 etc.
358 1869 421 1894 pro:
440 1862 775 1893 acceptatur,approbatur,
793 1863 918 1891 reiicitur,
941 1860 1084 1893 repellitur,

172 1895 310 1920 damnatur
332 1900 389 1927 etc„
414 1896 476 1920 sicut
502 1897 527 1920 in
555 1896 642 1929 quinta
657 1896 773 1928 formula
800 1896 852 1921 dici
878 1896 952 1926 sold,
975 1895 1085 1928 peninet

173 1929 210 1954 ad
231 1929 329 1956 dicendi
350 1938 427 1962 yenus
441 1930 569 1963 prioribus
582 1931 704 1963 formalis
726 1932 856 1964 proprium
880 1931 946 1963 cerff.
965 1933 1023 1955 ποία
1041 1930 1084 1954 27.

178 1968 201 1989 α
219 1964 374 1990 Muelleri
393 1969 474 1990 annot.
491 1973 518 1997 p.
538 1964 562 1990 6,
582 1973 605 1990 n.
625 1965 664 1997 2.)

107 2007 156 2040 30)
175 2007 326 2041 concordat]
344 2008 468 2039 Pssng.‚
485 2008 580 2033 Mon:
600 2009 723 2033 convenit

109 2051 157 2083 ³1)
175 2049 303 2084 habitum]
323 2051 440 2082 Pflug.:
457 2051 604 2075 habendum
624 2050 722 2082 (Mon.
741 2061 775 2075 =
793 2051 900 2076 Dess.:
924 2050 1054 2081 habitum)

108 2094 157 2126 32)
177 2094 298 2123 trecenti,
325 2093 415 2117 decem
444 2098 470 2118 et
497 2093 568 2126 octo]
596 2093 699 2118 Fabr.:
731 2095 841 2118 trecenti
869 2098 895 2118 et
921 2094 1090 2124 decemocto,·

177 2128 302 2159 Pttug.:
320 2129 443 2158 trecenti;
461 2127 560 2153 Mem:
578 2127 673 2152 Niceni
692 2129 782 2152 decem
800 2132 826 2152 et
844 2132 905 2153 octo

109 2171 157 2204 ³3)
176 2169 257 2202 vitae]
274 2171 300 2194 in
318 2170 424 2202 Pflng.
447 2170 551 2194 nondum
576 2170 681 2203 ὡρίων,
704 2172 731 2195 in
750 2171 837 2196 Mon.
864 2175 945 2197 amem
970 2171 1022 2196 iam
1047 2169 1090 2194 ad-

179 2205 297 2237 ner-'pem
317 2208 361 2230 est.

107 2247 159 2280 ³4)
177 2249 311 2280 conspicui
330 2247 372 2282 ac]
390 2247 498 2273 Faba:
516 2249 646 2280 perspicui
665 2252 690 2272 et

110 2291 159 2324 35)
177 2289 213 2324 et]
232 2290 339 2322 Faba,
358 2291 484 2323 Pflug.:
503 2299 534 2315 ac

109 2333 159 2367 ³6)
177 2333 343 2367 examinatis]
364 2334 484 2366 Pflug.:
503 2334 651 2364 elaboratis.
665 2336 818 2360 examinatis
834 2335 929 2368 (Mon.
939 2344 974 2359 =
984 2335 1092 2367 Dess.)

111 2377 159 2410 37)
177 2377 220 2402 hic
239 2376 403 2411 confitentur]
422 2377 544 2409 pfl-ug„
572 2377 671 2402 Mons
700 2378 835 2410 Principes
862 2378 908 2403 hic
935 2378 1092 2403 confitentur

182 2411 252 2443 (vide
269 2415 351 2436 notam
369 2412 427 2445 27.)

113 2453 161 2487 38)
181 2453 358 2487 definierunt]
377 2455 507 2486 Chytr.,
525 2455 652 2486 Pflug.:
673 2455 839 2481 diffinierunt.

109 2497 161 2530 ³9)
181 2499 366 2529 aczeptandum
385 2503 432 2529 est,
453 2499 524 2530 quod
548 2497 682 2530 damnant]
708 2497 826 2530 Pqug..
849 2498 952 2524 Hom:
974 2502 1093 2531 acceptat

185 2532 275 2556 eadem
294 2532 325 2558 C.
343 2532 396 2562 M„
415 2533 486 2565 quod
504 2533 639 2564 Principes
659 2533 784 2557 damnant
801 2533 872 2564 (vide
888 2537 958 2558 παίω
975 2534 1016 2558 2⁷.
1036 2533 1091 2565 23.)

114 2575 163 2608 40)
181 2574 248 2599 hunc
277 2575 425 2607 artior-lum]
461 2576 578 2607 Pssug.:
605 2575 673 2600 hunc
700 2576 835 2601 articulum
863 2576 986 2601 confessis
1016 2575 1092 2609 (hanc

184 2617 265 2635 vocem
288 2614 423 2635 extremam
445 2617 498 2634 cum
523 2610 661 2636 Webero
683 2609 780 2636 ner-'bae
807 2618 914 2635 errorem
942 2619 1003 2645 pm:
1030 2618 1092 2636 con-

184 2643 307 2668 fessionis
325 2652 377 2670 aee
393 2644 492 2674 iudico,
511 2646 575 2676 cons.
595 2645 686 2670 Desa.
706 2645 731 2670 b.
747 2653 774 2678 p.
793 2645 817 2670 8.
837 2648 896 2670 noea
914 2645 971 2678 ’'))

667 180 947 214 CONFUTATIO
969 178 1288 212 CONFESSIONIS
1310 177 1624 213 AUGUSTANAE.

2069 181 2114 214 86

1128 274 1365 304 quadragesimale,
1393 273 1591 298 Invocationem
1617 277 1780 304 sanctorum,
1803 275 1925 306 exequias
1951 280 2109 300 mortuorum

1127 312 1153 331 et
1171 308 1197 331 id
1216 315 1297 338 genus
1317 308 1378 331 alia.
1414 307 1454 332 De
1474 309 1565 340 quibus
1584 315 1667 332 novae
1693 309 1726 332 ab
1752 316 1840 332 eorum
1867 308 2104 334 concionatoribus

1128 343 1320 371 contentiones,
1343 349 1436 372 magno
1456 351 1514 366 cum
1531 343 1654 366 scandalo
1678 343 1861 371 infirmiorum,
1888 345 2012 375 gravique
2037 352 2106 368 com-

1128 377 1244 400 motione
1262 377 1426 407 popnlorum,
1445 377 1472 400 iu
1491 378 1582 408 vulgus
1601 382 1696 400 temere
1713 377 1843 408 dispersae
1862 382 1929 406 sunt,
1948 378 2014 401 hanc
2033 386 2106 409 prae-

1128 411 1202 441 cipue
1221 417 1322 434 causam
1348 411 1576 441 praetendentibus
1601 412 1668 441 illis,
1691 412 1751 443 qnia
1776 412 1945 442 Evangelium
1970 417 1996 435 et
2019 420 2108 436 sacrae

1127 445 1218 468 literae
1236 445 1286 468 ista
1305 452 1357 468 non
1376 444 1496 469 habeant.
1535 446 1572 469 Ar.
1589 447 1610 470 si
1629 453 1707 469 causa
1726 447 1776 470 ista
1795 446 1906 475 valeret,
1932 447 2020 477 utique
2046 454 2108 470 con-

1128 479 1207 503 fessio
1227 479 1290 502 haec
1309 478 1341 502 de
1360 479 1458 502 unitate
1483 481 1608 508 essentiae
1632 481 1736 504 (livinae
1759 484 1785 503 et
1809 480 1842 503 de
1866 480 1993 504 Trinitate
2019 489 2108 511 perso-

1128 521 1219 537 narum
1237 513 1299 536 nihil
1319 513 1426 537 valeret.
1456 512 1673 546 Quandoquidem
1693 515 1718 538 in
1738 515 1819 538 sacris
1839 514 1921 538 literis
1940 520 1965 538 et
1983 515 2008 538 in
2021 515 2106 539 Evan-

1127 547 1210 580 gelio,
1236 554 1361 578 nusquam
1384 547 1430 570 sulz
1455 548 1512 571 istis
1536 549 1620 572 verbis
1640 550 1774 580 reperitur.
1812 549 1844 572 Et
1867 557 1924 572 cum
1952 549 2044 573 Graeci
2071 550 2107 573 di-

1128 585 1189 605 cunt
1213 582 1279 606 citra
1301 577 1461 612 scripturam‘
1478 586 1530 605 tres
1557 582 1721 614 hypostases,
1745 584 1816 614 quod
1841 583 1920 606 latine
1943 584 1976 607 ad
2002 583 2108 607 verbum

1128 620 1205 641 sonat
1223 620 1273 639 tres
1292 616 1457 645 substantias,
1477 616 1565 640 Latini
1584 621 1668 640 tamen
1688 624 1849 649 nequaquam
1868 621 1920 641 tres
1940 618 2107 648 substautias,

1127 651 1173 674 sed
1193 654 1243 674 tres
1262 657 1386 681 personas
1406 650 1570 674 confitentur.
1608 650 1704 675 Sacrae
1723 656 1806 675 autem
1828 652 1916 675 literae
1937 651 2041 683 (Manli.
2064 652 2106 676 ule.
2131 660 2134 665 ·

1127 686 1152 712 1,
1170 683 1221 709 loli.
1240 687 1265 711 5.
1281 685 1306 714 ²)
1326 685 1421 708 docent
1439 685 1542 716 quidem
1560 692 1608 708 nos
1628 686 1712 709 dicere
1732 691 1798 716 tres,
1825 686 1941 715 Patrem,
1969 687 2064 716 filium,
2084 690 2110 710 et

1128 720 1246 750 spiritum
1263 722 1390 747 sanctum,
1408 720 1455 742 sed
1474 719 1558 743 dicere
1578 723 1630 743 tres
1648 720 1808 751 Hypostases
1833 725 1877 744 aut
1901 726 1953 744 tres
1977 728 2109 752 personas,

1128 761 1252 784 nusquam
1280 753 1384 776 docent.
1427 753 1462 777 Et
1488 757 1574 777 tamen
1600 760 1669 778 recte
1692 755 1727 778 sic
1756 755 1878 784 dicimus,
1902 756 1964 786 quia
1992 755 2110 779 Ecclesia

1128 788 1259 811 communi
1279 795 1406 811 consensu
1423 789 1474 812 ista
1498 789 1597 819 recepit
1622 792 1649 812 et
1666 789 1830 819 approbavit,
1850 790 1920 820 Ergo
1946 794 1971 813 et
1995 790 2045 813 alia
2071 790 2108 813 di-

1128 829 1186 846 cere
1205 826 1231 845 et
1250 822 1390 845 observare
1409 822 1542 851 debemus,
1561 829 1627 853 quae
1647 822 1783 847 Catholiea
1801 822 1918 847 Ecclesia
1937 825 2022 853 docet,
2042 825 2108 847 reci-

1130 857 1175 887 pit,
1194 861 1287 886 servat,
1307 857 1443 887 praecipit,
1461 860 1505 880 aut
1523 858 1651 886 instituit,
1676 858 1753 880 etiam
1772 858 1793 881 si
1813 858 1838 881 in
1861 858 1940 882 literis
1964 859 2044 881 sacris
2063 865 2109 882 ex-

1129 897 1216 922 pressa
1235 898 1287 914 uon
1305 891 1476 921 reperiantur.

1198 924 1301 948 Deinde
1319 925 1360 956 pie
1379 925 1536 949 admonendi
1555 930 1615 948 sunt
1632 925 1765 956 Principes
1785 926 1841 954 isti,
1865 930 1892 949 ut
1911 927 2108 950 sacratissimam

1129 959 1264 990 Synodum
1291 959 1432 989 Nicenam,
1460 967 1526 990 quae
1553 959 1599 983 snb
1627 960 1798 985 Constantino
1828 960 1942 990 Magno,
1972 962 2023 985 Au.
2055 961 2106 985 Do.

1130 993 1314 1018 cccxxnn.
1332 993 1478 1025 Episcopos
1498 993 1573 1018 CCC.
1594 998 1619 1017 ct
1638 994 1736 1017 XVIII.
1766 995 1943 1018 sanctis>imos
1967 1002 1997 1018 ac
2021 995 2106 1019 erudi-

1131 1028 1243 1051 tissimos
1262 1029 1332 1052 viros
1351 1029 1376 1051 in
1396 1036 1473 1051 unum
1498 1032 1674 1059 congregatos
1699 1028 1802 1057 habuit,
1827 1029 1852 1052 in
1877 1029 1980 1060 reliquis
2006 1036 2108 1060 quoquc

1131 1061 1280 1086 Cnnonibus
1299 1063 1434 1086 nobiscum
1451 1067 1599 1086 reverenter
1616 1070 1759 1093 agnoscant
1779 1067 1804 1086 et
1827 1068 1976 1094 sequantur.
2014 1063 2109 1092 Quem-

1131 1096 1270 1120 admodum
1290 1100 1314 1120 ct
1333 1097 1380 1127 ipsi
1400 1097 1476 1125 olim,
1495 1101 1520 1120 et
1538 1101 1598 1120 ante
1623 1098 1693 1128 ipsos
1718 1098 1808 1121 Patres
1834 1104 1939 1127 eorum,
1963 1105 1993 1121 ac.
2018 1105 2108 1121 omnes

1131 1136 1201 1154 retro
1219 1130 1354 1162 Principes
1372 1140 1403 1154 ac
1422 1131 1506 1161 Reges
1526 1126 1670 1161 OEtholici‚
1690 1131 1856 1155 laudabiliter
1880 1132 2003 1156 fecerunt.
2041 1131 2109 1156 Nam

1131 1165 1157 1188 in
1177 1165 1286 1196 publicis
1304 1165 1403 1196 legibus
1423 1164 1466 1196 (In
1484 1166 1546 1189 Aac.
1568 1164 1702 1190 collatione
1720 1168 1744 1192 9.
1771 1170 1845 1190 const.
1866 1168 1890 1192 6,
1917 1167 1941 1189 in
1962 1166 2108 1198 principio.)

1129 1199 1302 1230 Imperatores
1319 1199 1368 1223 Ro.
1386 1199 1508 1230 religiose
1526 1200 1621 1223 alieubi
1640 1204 1787 1229 sanxerunt,
1806 1205 1833 1223 ut
1852 1200 1967 1231 Regulae
1980 1201 2107 1224 Ecclesia-

1130 1234 1220 1263 sticae,
1239 1241 1255 1257 a
1272 1238 1383 1265 quatuor
1400 1234 1495 1257 sanctis
1514 1233 1650 1263 Conciliis,
1667 1235 1782 1263 Nioeno,
1809 1235 2107 1267 Constantinopolitano,

1129 1267 1261 1299 Ephesino
1280 1269 1372 1299 primo,
1392 1272 1418 1291 et
1443 1268 1663 1297 Chalcedonensi,
1688 1274 1732 1292 aut
1756 1270 1891 1299 expositae
1915 1274 1958 1293 ant
1983 1269 2106 1299 firmatae,

1130 1310 1177 1334 pro
1195 1303 1295 1333 legibus
1315 1302 1473 1332 habeantur,
1492 1307 1517 1326 et
1536 1310 1624 1326 eorum
1647 1303 1771 1334 dogmata
1789 1304 1856 1326 sieut
1881 1304 2024 1334 scripturae
2048 1311 2106 1327 san-

1130 1341 1186 1360 ctae
1204 1337 1370 1368 recipiantur.
1398 1337 1469 1367 Ergo
1489 1338 1555 1360 sacri
1567 1336 1677 1361 Ordines
1697 1338 1885 1369 Epis-caporum
1904 1344 1930 1362 et
1947 1337 2108 1362 Clericorum

1128 1372 1155 1394 in
1180 1372 1231 1394 suis
1251 1371 1344 1395 officiis
1369 1371 1500 1394 retinendi
1524 1375 1597 1400 sunt,
1626 1371 1780 1395 observandi
1806 1372 1859 1396 dies
1885 1373 2107 1403 quadragesimae,

1130 1405 1299 1429 celebrandae
1326 1405 1516 1436 Episcopornm
1543 1409 1568 1428 et
1596 1406 1803 1436 bresbyteroruxn
1833 1406 1933 1437 Synodi
1958 1407 2107 1438 peragenda

1129 1439 1298 1470 poenitentia,
1316 1440 1444 1463 servanda
1461 1439 1596 1463 Ecclesiae
1615 1444 1726 1470 statuta,
1745 1445 1771 1464 et
1789 1445 1891 1464 caetera
1916 1448 2017 1472 quoque
2042 1441 2107 1465 reci-

1129 1473 1232 1505 pienda,
1251 1480 1318 1504 quae
1337 1474 1499 1497 sanctissima
1517 1474 1638 1505 Synodus
1656 1475 1758 1498 Niccna
1776 1476 1874 1506 recepit
1898 1483 1928 1499 ac
1952 1476 2059 1506 statuit,
2083 1479 2109 1499 et

1129 1512 1185 1532 tota
1202 1508 1319 1532 Ecclesia
1337 1507 1465 1531 foeliciter
1482 1508 1606 1532 hactenus
1625 1509 1777 1533 observavit.

1169 1539 1172 1543 ’
1198 1542 1297 1572 Tertio,
1315 1542 1472 1566 admonendi
1490 1546 1550 1566 sunt
1573 1542 1651 1567 iidem
1673 1543 1822 1575 Principes,
1847 1547 1875 1566 ut
1900 1543 2107 1568 Concionatores

1130 1580 1157 1601 et
1174 1577 1304 1601 Doctores
1329 1584 1390 1600 suos
1409 1584 1507 1607 novos,
1526 1577 1557 1600 ad
1577 1577 1740 1601 Palinodiam
1765 1578 1873 1608 adigant
1896 1582 1921 1601 et
1943 1579 2109 1610 compellant,

1129 1613 1157 1636 in
1175 1612 1206 1635 iis
1225 1619 1290 1643 quae
1309 1619 1442 1643 perperam
1461 1615 1553 1635 contra
1575 1612 1734 1643 praedictam
1758 1612 1892 1643 Synodum
1917 1612 2060 1636 docuerunt
2084 1617 2110 1637 et

1130 1647 1298 1677 scripserunt.
1333 1645 1495 1670 Nominatim
1513 1653 1575 1669 vero
1594 1646 1734 1670 Martinam
1754 1646 1894 1670 Lutherum
1920 1651 1945 1670 et
1962 1646 2109 1679 Philippum

1131 1680 1373 1710 Melanchthonem,
1399 1681 1443 1712 qni
1466 1681 1570 1712 publice
1594 1685 1686 1705 contra
1710 1681 1781 1712 leges
1807 1685 1831 1705 et
1855 1681 1939 1705 bonos
1965 1689 2063 1710 mores,
2083 1683 2109 1706 in

1131 1723 1211 1746 grave
1230 1715 1385 1746 populorum
1403 1715 1553 1739 scandalum
1571 1722 1601 1738 ac
1618 1715 1718 1746 piarum
1737 1716 1837 1740 aurium
1857 1715 2043 1745 offensionem,
2063 1716 2108 1741 Ni-

1132 1757 1222 1774 cenum
1240 1750 1303 1774 illud
1323 1749 1470 1774 Concilium
1488 1750 1636 1774 calumniati
1654 1754 1722 1773 sunt.
1752 1749 1879 1774 Lutherus
1899 1750 2000 1780 quidem
2020 1749 2109 1781 (Luth.

1132 1785 1159 1808 ι’νι
1175 1785 1300 1813 Sermone,
1319 1783 1446 1809 Attendite
1459 1785 1566 1816 afaLsis
1589 1783 1736 1817 prophetis.)
1755 1785 1782 1808 in
1801 1785 1864 1808 haec
1883 1785 1970 1809 verba.
1995 1785 2025 1809 In
2044 1785 2109 1816 Syn-

1133 1819 1184 1843 odo
1202 1818 1303 1842 Niceua
1320 1817 1384 1842 fides
1405 1822 1430 1842 et
1448 1819 1620 1850 Evangelium
1639 1819 1806 1848 defecerunt,
1831 1824 1856 1843 et
1874 1819 2039 1843 invaluerunt
2057 1824 2108 1843 tra-

1133 1854 1244 1878 ditiones
1261 1853 1404 1877 hominum.
1440 1853 1514 1877 Item.
1550 1852 1634 1884 Saepe
1659 1854 1684 1876 in
1709 1853 1828 1878 Concilio
1853 1854 1937 1877 nullus
1964 1854 2037 1877 adest
2063 1855 2109 1883 vir,

1134 1888 1176 1920 qui
1203 1888 1318 1911 divinum
1340 1887 1459 1918 spiritum
1482 1888 1523 1911 vel
1548 1888 1679 1911 modicum
1705 1888 1838 1918 olfecerit,
1861 1889 1928 1912 sicut
1951 1889 2060 1919 contigit
2083 1890 2110 1913 in

1135 1922 1257 1947 Concilio
1276 1921 1386 1951 Niceno,
1406 1922 1449 1946 ubi
1468 1922 1613 1946 tractabant
1631 1926 1656 1945 et
1674 1922 1745 1953 leges
1765 1922 1877 1946 condere
1895 1923 2017 1946 volebant
2034 1930 2111 1954 super

1135 1961 1202 1981 statu
1228 1955 1425 1985 Ecclesiastico,
1453 1963 1486 1980 ne
1510 1961 1596 1980 essent
1622 1957 1649 1980 in
1674 1958 1852 1987 matrimonio,
1880 1957 1914 1980 ibi
1941 1958 1992 1981 iam
2020 1965 2110 1981 omnes

1136 1995 1210 2015 erant
1227 1991 1284 2014 falsi
1304 1995 1351 2015 etc.
1388 1991 1460 2015 Item.
1480 1989 1568 2022 (Lam.
1593 1995 1679 2014 contra
1699 1990 1839 2021 Latonium)
1860 1992 1952 2015 Anima
1977 1999 2033 2015 mea
2055 1992 2111 2016 odit

1136 2026 1185 2050 hoc
1205 2025 1358 2049 vocabulum
1377 2025 1554 2055 Homousion,
1578 2033 1626 2049 nec
1644 2026 1774 2050 foeliciter
1792 2030 1830 2049 est
1847 2030 1989 2057 receptum,
2010 2032 2035 2050 et
2053 2026 2114 2050 Hie—

1136 2067 1258 2091 ronymus
1277 2061 1443 2091 conqueritur
1462 2067 1519 2084 esse
1537 2062 1626 2084 nescio
1649 2060 1710 2091 quid
1734 2061 1837 2084 latentis
1862 2061 1956 2084 veneni
1984 2061 2010 2084 in
2037 2061 2118 2085 literis

1138 2099 1164 2119 et
1181 2094 1284 2125 syllabis
1303 2095 1373 2123 eius,
1397 2101 1413 2118 a
1435 2095 1534 2125 magnis
1559 2101 1660 2126 qnoque
1679 2099 1704 2118 ct
1723 2095 1881 2119 doctissimis
1905 2096 1966 2118 viris
1994 2103 2045 2119 non
2069 2095 2120 2119 fuit

1139 2133 1268 2160 receptum
1291 2133 1340 2152 etc.
1377 2127 1462 2157 Quam
1489 2129 1628 2152 Arrianum
1653 2136 1714 2152 vero
1739 2130 1894 2161 impiumque
1919 2134 1943 2153 et
1968 2129 2059 2153 falsum
2085 2129 2120 2153 sit

1138 2164 1190 2188 hoc
1209 2164 1303 2187 dictum
1322 2164 1386 2192 eius,
1404 2163 1461 2194 quis
1479 2171 1532 2187 non
1551 2162 1641 2189 videt?
1678 2164 1731 2188 Cur
1754 2165 1821 2188 enim
1841 2165 1975 2187 damnatus
1999 2163 2046 2188 fuit
2071 2165 2119 2187 Ar-

1139 2199 1192 2222 rius
1211 2205 1227 2221 a
1245 2197 1323 2222 CCC.
1343 2202 1368 2221 et
1387 2197 1488 2222 XVIII.
1509 2197 1656 2229 Episcopis,
1675 2202 1701 2221 et
1719 2206 1735 2222 a
1753 2198 1926 2222 Constantino
1940 2198 2002 2229 Imp.
2021 2199 2047 2222 in
2066 2199 2120 2222 exi-

1139 2234 1202 2257 lium
1219 2237 1300 2262 actus,
1318 2233 1369 2256 nisi
1387 2233 1458 2263 quod
1483 2233 1635 2256 vocabulum
1658 2233 1708 2256 hoc
1736 2234 1850 2264 recipere
1874 2234 1976 2256 noluit?
2003 2237 2119 2264 praeten-

1141 2267 1238 2292 debant
1254 2274 1318 2291 sane
1337 2267 1445 2290 Arriani
1463 2267 1491 2290 id
1510 2267 1593 2298 ipsum
1613 2268 1681 2298 quod
1695 2268 1867 2299 praetendunt
1876 2267 1955 2291 modo
1967 2266 2118 2296 Lutherani,

1140 2309 1231 2333 nempe
1258 2301 1321 2325 nihil
1349 2301 1526 2333 recipiendum
1549 2309 1604 2325 esse
1629 2302 1698 2333 quod
1722 2303 1747 2326 in
1776 2302 1908 2332 scripturis
1935 2309 1985 2325 non
2008 2301 2119 2325 habetur

1142 2343 1299 2368 expressum,
1318 2336 1394 2360 Unde
1413 2336 1537 2359 dicebant
1563 2343 1610 2360 nos
1639 2336 1791 2360 Catholicos
1817 2344 1863 2367 per
1890 2336 2037 2360 irrisionem
2063 2335 2118 2359 1:10-

1141 2371 1299 2400 mousianm,
1318 2372 1385 2394 sicut
1403 2378 1471 2394 nnnc
1491 2377 1506 2394 a
1524 2370 1678 2394 Lutheranis
1698 2371 1806 2394 dicimur
1823 2370 1951 2401 Papistae.
1986 2370 2050 2395 Cum
2070 2371 2119 2401 igi-

1141 2409 1183 2429 tur
1201 2405 1332 2437 Principes
1352 2405 1396 2428 isti
1415 2404 1457 2428 hic
1476 2405 1544 2428 ultro
1565 2406 1686 2429 damnent
1705 2405 1846 2434 Arrianus,
1874 2406 2044 2429 necessarium
2071 2409 2118 2435 est,

1141 2444 1169 2463 ut
1194 2447 1268 2464 suum
1295 2447 1399 2470 quoque
1428 2439 1569 2464 Lutherum
1597 2440 1734 2468 damnent,
1762 2440 1804 2470 qui
1831 2440 1898 2464 idem
1926 2441 1952 2464 in
1976 2439 2119 2464 Catholicis

1140 2475 1206 2498 male
1225 2474 1355 2506 reprobat,
1373 2474 1445 2506 quod
1463 2474 1612 2505 reprobavit
1631 2475 1691 2498 olim
1712 2475 1811 2503 Arrius,
1833 2481 1907 2505 quem
1925 2474 1967 2498 hic
1986 2474 2119 2498 damnant.

1163 2611 1192 2643 a)
1211 2610 1281 2636 Haec
1290 2609 1312 2635 h.
1324 2611 1340 2636 1.
1352 2615 1373 2636 et
1383 2611 1409 2635 in
1427 2619 1488 2644 seqq.
1508 2611 1614 2635 curo-'vis
1632 2610 1729 2640 emens,
1743 2617 1806 2643 quae
1823 2610 1947 2640 dicamur,
1965 2618 2082 2643 expresso
2093 2614 2117 2636 et

1217 2645 1312 2670 unnim]
1328 2646 1425 2670 inclusa
1441 2645 1510 2678 apud
1525 2644 1729 2669 Cochlaeum
1748 2646 1774 2668 fn
1792 2645 1903 2677 muryv‘ne
1921 2649 2039 2670 motata
2056 2648 2121 2671 mnt-

1880 2697 1895 2721 6
1904 2697 1914 2708 0
