2366 2958
97 151 161 183 441
442 147 482 179 u.
527 145 756 179 APOLOGIA
781 145 1102 179 CONFESSIONIS
1123 144 1436 178 AUGUSTANAE.
1484 144 1522 176 Β.
1573 144 1763 178 ALTERA.
2045 147 2112 178 442

93 243 155 276 dat
184 242 284 274 nobis
312 240 484 273 victoriam
511 250 573 281 per
594 239 772 272 Dominum
799 244 949 271 nostrum
971 238 1078 270 lesum
1104 243 1107 284 ᾗ
1131 239 1218 276 eim,
1248 238 1315 270 hoc
1336 244 1404 277 est,
1427 244 1564 279 propter
1586 248 1678 277 eum,
1701 249 1782 281 ergo
1806 250 1871 270 non
1895 246 2030 281 propter
2052 251 2108 271 no-

96 285 285 322 christum,
313 284 348 316 id
369 289 436 321 est,
458 289 632 324 peccatum
655 281 885 323 perterrefacit
904 281 1078 314 conscien-
1131 287 1201 312 stra
1242 281 1377 319 merita,
1427 291 1493 312 non
1525 286 1659 322 propter
1687 288 1833 313 nostram
1868 283 2111 322 contritionem,

95 329 173 360 tias.
226 327 262 358 ld
294 325 331 357 fit
362 336 423 367 per
450 324 574 367 legem,
608 335 694 366 quae
721 325 866 356 ostendit
899 325 981 355 iram
1014 323 1079 355 Dei
1131 323 1350 360 attricionem,
1374 322 1599 362 dilectionem,
1622 323 1749 362 cultus,
1778 334 1890 364 opera.
1941 325 1981 356 Et
2009 327 2111 364 addit,

96 370 261 402 aduersus
292 374 485 410 peccatum,
525 368 586 399 sed
620 368 780 399 vincimus
808 377 868 408 per
898 365 1078 398 Christum.
1103 356 1107 409 Ι
1131 376 1206 397 cum
1228 366 1393 397 credimus
1417 367 1448 397 in
1472 377 1555 398 eum.
1602 366 1748 408 Requirit
1771 367 1872 409 igitur
1895 367 2000 399 fidem.
2043 369 2109 399 Ne-

97 411 295 448 Quomodo?
322 411 404 449 fide,
434 420 509 442 cum
538 410 695 451 erigimus
716 419 779 442 nos
801 409 920 441 fiducia
939 409 1078 450 promis·
1103 410 1107 454 ἱ
1130 418 1195 449 que
1222 408 1307 439 enim
1342 418 1520 448 possumus
1558 410 1808 451 apprehendere
1837 420 1955 441 nomen
1985 410 2109 442 Christi

95 465 158 489 sae
191 454 438 486 misericordiae
477 460 615 494 propter
649 452 829 484 Christum.
885 451 943 482 Sic
978 451 1078 493 igitur
1103 459 1107 498 Ι
1128 450 1194 481 nisi
1221 450 1297 481 fide.
1354 450 1531 482 Praeterea
1571 451 1695 494 allegat
1729 463 1931 484 consensum
1966 454 2108 484 omnium

96 498 278 540 probamus
312 497 480 527 minorem.
533 495 585 526 Ira
610 495 673 526 Dei
701 505 767 526 non
800 499 911 535 potest
939 492 1079 534 placari,
1129 492 1379 533 Prophetarum.
1440 493 1513 525 Hoc
1551 505 1630 526 vere
1664 502 1715 526 est
1749 494 1897 537 allegare
1936 495 2110 527 Ecclesiae

96 540 128 572 si
161 548 366 580 opponamus
396 545 515 569 nostra
537 547 656 579 opera,
685 538 761 578 quia
780 536 933 569 Christus
957 546 1078 576 propo·
1103 502 1106 565 ι
1129 536 1353 573 autoritatem,
1383 536 1442 566 sed
1472 537 1514 567 de
1536 537 1601 568 hoc
1629 536 1705 569 loco
1728 537 1814 569 infra
1837 538 1877 570 de
1901 538 2111 580 poenitencia

97 583 181 614 situs
213 588 266 612 est
293 581 516 622 propiciator,
544 587 579 611 vt
607 585 742 621 propter
763 580 871 620 ipsum
895 579 951 609 fiat
980 579 1077 609 nobis
1102 579 1106 618 ξ
1129 588 1248 609 ται-ωε
1269 578 1443 609 dicendum
1467 579 1539 609 erit.

95 623 250 666 placatus
274 629 377 664 pater.
425 622 578 654 Christus
601 628 708 654 autem
731 633 797 653 non
820 621 1106 662 apprehenditur!
1218 620 1356 656 Quarto.
1408 620 1572 652 Remissio
1613 630 1825 662 peccatorum
1859 631 1909 654 est
1945 633 2000 655 res
2034 633 2110 664 pro-

95 672 252 707 tanquam
279 666 442 697 mediator
471 666 535 696 nisi
563 665 637 696 fide.
687 664 789 706 Igitur
815 663 888 695 sola
910 663 977 694 fide
1000 673 1078 695 con·
1102 664 1106 708 ξ
1129 663 1233 694 missa
1255 670 1392 704 propter
1416 662 1594 695 Christum.
1647 665 1748 705 igitur
1771 676 1836 697 non
1860 672 1969 707 potest
1992 667 2110 707 accipi,

95 709 266 750 sequimur
293 709 520 739 remissionem
547 713 778 748 peccatorum,
818 717 891 738 cum
920 706 1077 749 erigimus
1129 707 1191 737 nisi
1223 704 1298 737 sola
1326 706 1402 737 fide.
1455 705 1537 737 Nam
1560 708 1737 746 promissio
1765 710 1871 750 accipi
1898 720 1964 740 non
1987 714 2109 750 potest,

96 751 200 783 corda
228 750 349 783 fiducia
372 750 620 782 misericordiae
645 756 782 791 propter
811 749 977 781 Christum
1001 758 1076 789 pro·
1130 749 1194 779 nisi
1217 747 1291 780 sola
1314 748 1389 780 fide.
1434 748 1549 780 Roma.
1574 749 1629 789 iiij.
1675 750 1751 781 Ideo
1775 762 1814 782 ex
1838 752 1914 789 fide,
1938 758 1970 782 vt
1994 753 2036 783 sit
2059 751 2110 783 fir-

95 794 228 826 missae.
1128 802 1181 822 ma
1210 791 1406 832 promissio,
1433 792 1614 823 secundum
1643 794 1797 833 gratiam,
1828 796 1920 835 quasi
1945 795 2050 832 dicat,
2075 794 2110 826 Si

181 835 263 867 Item
290 834 415 867 Paulus
449 834 556 866 Roma
578 845 610 866 v.
640 835 696 866 ait.
747 833 812 865 Per
838 835 946 875 ipsum
975 833 1076 865 habe·
1129 835 1289 875 penderet
1308 844 1363 865 res
1388 844 1429 865 ex
1452 835 1580 865 meritis
1604 837 1746 868 nostris,
1775 837 1899 868 incerta
1926 844 1956 868 et
1988 836 2110 868 inutilis

94 888 168 910 mus
186 888 362 910 aceessum
385 878 426 909 ad
450 875 600 912 Patrem,
625 883 657 909 et
679 877 769 908 addit
791 887 852 918 per
874 876 983 908 fidem.
1020 876 1076 907 Sic
1129 882 1222 908 esset
1243 877 1438 917 promissio,
1470 877 1545 918 quia
1575 888 1740 919 nunquam
1771 881 1971 911 constituere
1994 890 2111 920 posse-

92 921 194 962 igitur
215 919 583 960 reconciliamus-pani,
606 927 639 952 et
656 920 835 961 accipimus
847 920 1075 951 remissionem
1128 929 1221 957 mus,
1255 920 1387 960 quando
1415 920 1498 951 satis
1527 921 1632 951 meriti
1667 931 1829 952 essemus.
1884 922 1983 963 idque
2013 921 2111 954 facile

92 969 319 1005 peccatorum,
341 963 474 1004 quando
497 964 654 1004 erigimur
676 962 798 994 fiducia
814 963 1001 1003 promissae
1019 963 1075 993 mi-
1128 961 1312 1003 intelligere
1341 968 1464 1003 queunt
1491 963 1615 1003 peritae
1647 965 1883 996 conscientiae.
1930 965 2005 996 ldeo
2029 965 2109 997 Pau-

92 1006 296 1037 sericordiae
318 1012 454 1046 propter
477 1004 657 1037 Christum.
690 1005 884 1047 Aduersarij
906 1004 1075 1036 Christum
1100 1013 1104 1051 Ι
1128 1003 1180 1036 lus
1201 1005 1245 1035 ait
1270 1004 1380 1036 Galat.
1401 1006 1446 1045 iij.
1496 1004 1669 1037 Conclusit
1693 1005 1787 1038 Deus
1818 1008 1925 1038 omnia
1948 1009 2010 1039 sub
2034 1019 2110 1049 pec—

91 1049 139 1080 ita
167 1047 356 1089 intelligunt
390 1047 605 1079 mediatorem
629 1053 662 1079 et
695 1048 951 1088 propiciatorem
986 1057 1074 1085 esse,
1129 1053 1250 1085 catum,
1273 1054 1308 1078 vt
1328 1048 1506 1088 promissio
1531 1058 1571 1079 ex
1596 1048 1661 1079 fide
1684 1050 1758 1081 lesu
1776 1049 1897 1081 Christi
1921 1051 2017 1082 detur
2040 1061 2111 1082 cre-

92 1091 170 1132 quia
193 1091 348 1122 meruerit
372 1089 517 1121 habitum
539 1089 738 1128 dilectionis,
762 1100 828 1122 non
851 1091 966 1121 iubent
987 1100 1076 1122 nunc
1128 1091 1291 1121 dentibus.
1342 1090 1404 1121 Hic
1432 1091 1576 1122 detrahit
1604 1092 1753 1123 meritum
1784 1094 1899 1131 nobiS,
1928 1094 2003 1134 quia
2034 1094 2111 1125 dicit

92 1142 134 1164 eo
158 1134 203 1163 vti
225 1133 425 1170 mediatore,
455 1133 515 1164 sed
539 1143 679 1174 prorsus
702 1132 834 1174 sepulto
859 1132 992 1164 Christo
1014 1132 1075 1163 fin·
1099 1155 1103 1171 ,
1128 1142 1243 1163 omnes
1287 1141 1366 1164 reos
1402 1143 1500 1171 esse,
1543 1141 1576 1165 et
1614 1134 1794 1166 conclusos
1828 1137 1890 1167 sub
1924 1143 2110 1177 peccatum,

93 1182 176 1217 gunt
204 1185 268 1206 uos
299 1174 423 1206 habere
447 1185 622 1207 accessum
651 1186 712 1217 per
733 1176 869 1216 propria
891 1185 1011 1216 opera,
1041 1181 1075 1206 et
1099 1180 1103 1211 Ι
1127 1176 1246 1207 deinde
1281 1175 1370 1206 addit
1400 1176 1671 1217 promissionem,
1704 1176 1874 1216 videlicet,
1906 1179 2109 1210 remissionis

90 1227 153 1259 per
175 1217 258 1249 haec
281 1217 428 1249 habitum
450 1216 540 1249 illum
559 1219 689 1255 mereri,
713 1225 745 1248 et
762 1225 880 1259 postea
899 1216 1075 1249 dilectione
1099 1214 1102 1235 ¹
1127 1224 1351 1259 peccatorum,
1376 1224 1407 1249 et
1432 1218 1672 1250 iustificationis
1696 1221 1778 1258 dari,
1802 1227 1833 1252 et
1852 1222 1954 1259 addit,
1977 1232 2111 1263 quomo-

90 1258 148 1291 illa
170 1260 333 1291 accedere
356 1260 399 1290 ad
418 1259 537 1291 Deum.
553 1262 606 1299 ⁵⁶)
655 1262 710 1293 An
732 1270 798 1291 non
821 1266 873 1291 est
894 1260 960 1292 hoc
980 1270 1074 1301 pror·
1127 1261 1169 1292 do
1200 1261 1306 1301 accipi
1335 1262 1512 1302 promissio
1540 1263 1658 1303 possit,
1681 1263 1848 1301 videlicet,
1875 1264 1951 1295 fide.
1997 1265 2108 1306 Atque

90 1311 151 1334 sus
185 1300 330 1342 sepelire
359 1301 547 1341 Christum,
582 1310 616 1335 et
648 1309 751 1335 totam
784 1303 861 1334 fidei
892 1303 1074 1335 doctrinam
1125 1303 1210 1334 haec
1243 1304 1328 1334 ratio
1362 1311 1493 1345 sumpta
1528 1315 1569 1335 ex
1603 1312 1721 1337 natura
1755 1307 1987 1347 promissionis
2021 1308 2110 1348 apud

90 1343 231 1376 tollere?
285 1342 413 1376 Paulus
443 1352 581 1377 econtra
604 1346 703 1377 docet
725 1355 788 1376 nos
811 1346 936 1377 habere
960 1355 1074 1377 acces·
1126 1345 1265 1378 Paulum
1287 1347 1468 1388 praecipua
1491 1353 1560 1385 est,
1593 1354 1625 1379 et
1655 1358 1759 1389 saepe
1780 1350 1947 1390 repetitur.
1993 1349 2110 1392 Neque

89 1396 181 1425 sum,
214 1386 280 1418 hoc
302 1392 372 1424 est,
405 1387 708 1420 reconciliationem
723 1390 776 1426 ⁵⁷)
811 1398 871 1429 per
895 1387 1074 1425 Christum,
1126 1389 1322 1430 excogitari,
1351 1399 1459 1431 neque
1487 1389 1567 1432 fingi
1591 1391 1769 1433 quidquam
1791 1398 1920 1432 potest,
1954 1402 2019 1434 quo
2043 1392 2110 1425 hoc

88 1429 133 1461 Et
159 1435 195 1461 vt
221 1429 415 1461 ostenderet
441 1431 607 1471 quomodo
631 1431 664 1462 id
687 1431 761 1468 fiat,
789 1431 880 1462 addit
903 1432 993 1472 quod
1014 1440 1074 1472 per
1126 1430 1220 1462 Pauli
1249 1438 1478 1473 argumentum
1509 1434 1612 1464 euerti
1641 1441 1749 1475 queat.
1796 1434 1940 1466 Proinde
1962 1446 2028 1467 non
2051 1446 2109 1476 pa-

88 1472 187 1504 fidem
220 1472 404 1504 habeamus
441 1482 629 1505 accessum.
685 1474 767 1505 Fide
805 1474 904 1515 igitur
937 1480 1074 1515 propter
1127 1474 1256 1506 ciantur
1279 1484 1317 1505 se
1340 1475 1447 1505 bonae
1470 1481 1598 1507 mentes
1622 1476 1743 1518 depelli
1767 1478 1808 1508 ab
1824 1479 1876 1513 ⁵⁹)
1900 1478 1964 1509 hac
1979 1484 2110 1509 senten-

90 1513 259 1547 Christum
277 1515 458 1555 accipimus
479 1516 710 1548 remissionem
732 1522 956 1557 peccatorum.
997 1516 1073 1548 Non
1126 1517 1188 1554 cia,
1211 1517 1300 1558 quod
1323 1523 1446 1549 tantum
1470 1517 1536 1549 fide
1559 1519 1759 1560 accipiamus
1782 1521 2011 1553 remissionem
2032 1532 2108 1562 pro-

89 1567 270 1599 possumus
297 1557 367 1589 irae
389 1557 453 1589 Dei
479 1568 650 1599 opponere
678 1566 829 1590 nostram
852 1558 1073 1598 dilectionem,
1125 1565 1198 1600 pter
1222 1559 1402 1598 Christum,
1435 1559 1472 1591 In
1505 1560 1570 1592 hac
1602 1560 1726 1593 habent
1760 1569 1883 1594 certam
1917 1570 1949 1595 et
1983 1563 2108 1595 firmam

89 1607 126 1632 et
146 1610 251 1642 opera
272 1606 401 1631 nostra.
1126 1601 1392 1634 consolationem
1415 1603 1578 1635 aduersus
1601 1605 1730 1645 peccati
1751 1611 1914 1644 terrores,
1940 1615 1971 1638 et
1993 1607 2108 1638 aduer-

175 1643 343 1675 Secundo.
388 1642 523 1674 Certum
553 1650 605 1675 est
633 1649 774 1685 peccata
798 1644 918 1676 remitti
937 1649 1073 1685 propter
1095 1624 1101 1692 Ι
1125 1654 1185 1676 sus
1211 1651 1382 1676 aeternam
1409 1652 1564 1685 mortem,
1598 1653 1631 1678 et
1659 1648 1823 1689 aduersus
1854 1658 1969 1681 omnes
1992 1656 2107 1691 portas

88 1685 344 1728 propiciatorem
368 1684 545 1717 Christum.
577 1685 694 1718 Roma.
718 1688 763 1727 iij.
780 1688 845 1724 ⁵⁷⁸)
891 1686 997 1722 Quem
1017 1698 1072 1729 po·
1091 1696 1100 2290 l
1123 1685 1316 1719 inferorum.

87 1729 154 1760 suit
173 1726 268 1759 Deus
291 1728 557 1768 propiciatorem.
611 1729 713 1760 Addit
736 1735 844 1761 autem
865 1729 989 1761 Paulus
1012 1740 1072 1770 per
1211 1729 1294 1761 Cum
1322 1736 1431 1762 autem
1457 1730 1531 1763 sola
1561 1731 1627 1764 fide
1655 1733 1855 1775 accipiamus
1879 1735 2106 1767 remissionem

86 1770 196 1802 fidem.
231 1769 346 1811 ltaque
368 1771 414 1801 ita
427 1772 481 1808 ⁵³3)
505 1772 601 1802 nobis
625 1773 762 1813 prodest
784 1771 839 1803 hic
857 1773 1072 1813 propiciator‚
1123 1779 1337 1814 peccatorum
1361 1780 1393 1805 et
1417 1775 1565 1815 spiritum
1595 1782 1758 1814 sanctum,
1773 1779 1825 1813 60)
1854 1777 1929 1808 sola
1953 1778 2035 1809 fides
2059 1779 2105 1809 iu-

87 1823 164 1846 cum
189 1812 256 1843 fide
285 1812 564 1853 apprehendimus
588 1815 786 1855 promissam
814 1815 847 1845 in
881 1825 920 1846 eo
945 1815 1070 1846 miseri·
1123 1815 1264 1853 stificat,
1298 1817 1373 1857 quia
1405 1816 1609 1849 reconciliati
1642 1824 1837 1859 reputantur
1871 1820 1947 1851 iusti
1982 1827 2013 1851 et
2046 1819 2103 1860 filij

87 1855 248 1892 cordiam,
275 1861 308 1886 et
326 1855 525 1896 opponimus
548 1866 620 1888 eam
637 1857 708 1888 irae
726 1867 767 1888 ac
791 1858 912 1889 iudicio
930 1856 1005 1895 Dei,
1030 1857 1071 1888 Et
1122 1857 1205 1895 Dei,
1230 1869 1295 1889 non
1319 1865 1458 1900 propter
1480 1870 1574 1891 suam
1597 1862 1811 1900 mundiciem,
1836 1863 1896 1893 sed
1920 1873 1978 1904 per
2008 1863 2104 1894 mise-

85 1897 120 1929 in
143 1897 281 1928 eandem
302 1898 507 1929 sentenciam
531 1900 690 1940 scriptum
719 1906 770 1931 est
793 1901 835 1931 ad
859 1900 988 1931 Ebreos
1013 1901 1070 1940 iiij.
1122 1901 1298 1932 ricordiam
1322 1909 1457 1943 propter
1480 1901 1660 1941 Christum,
1683 1905 1711 1934 si
1735 1910 1844 1936 tamen
1867 1906 1955 1936 hanc
1977 1907 2104 1937 miseri-

86 1939 258 1970 Babentes
287 1938 483 1971 Pontificem
511 1948 576 1973 etc.
605 1943 805 1973 accedamus
837 1953 909 1975 cum
940 1942 1070 1974 fiducia.

86 1981 181 2014 lubet
202 1982 287 2013 enim
310 1983 472 2014 accedere
494 1984 537 2014 ad
560 1984 680 2022 Deum,
703 1995 770 2016 non
794 1985 916 2017 fiducia
938 1992 1070 2016 nostro-

85 2035 158 2057 rum
178 2024 382 2062 meritorum,
405 2025 465 2056 sed
488 2025 609 2057 fiducia
623 2026 792 2059 Pontificis
805 2027 940 2063 Christi,
963 2028 1069 2070 requi-

85 2068 127 2099 rit
150 2067 251 2109 igitur
270 2066 378 2097 fidem.

171 2108 294 2140 Tertio.
339 2109 460 2141 Petrus
488 2110 522 2141 in
545 2111 640 2142 Actis
664 2111 744 2153 Cap.
768 2123 800 2143 x.
846 2113 931 2145 Huic
953 2123 1068 2145 omnes

85 2151 274 2193 Prophetae
296 2153 518 2191 testimonium
535 2153 723 2194 perhibent,
747 2156 975 2188 remissionem
992 2166 1068 2198 pec-

87 2200 237 2227 catorum
266 2196 420 2235 accipere
448 2205 508 2235 per
534 2206 655 2227 nomen
685 2197 757 2228 eius
779 2208 895 2230 omnes
918 2200 974 2241 qui
998 2209 1067 2230 cre-

86 2238 168 2269 dunt
189 2238 223 2268 in
244 2247 331 2269 eum.
365 2237 541 2272 Quomodo
563 2239 669 2280 potuit
692 2238 816 2272 clarius
835 2241 969 2273 dicere?
1004 2241 1067 2273 Re-

85 2280 277 2312 missionem
298 2287 512 2321 peccatorum
537 2282 719 2322 accipimus
742 2282 846 2324 inquit
865 2294 924 2325 per
946 2294 1068 2316 nomen

1123 1943 1270 1975 cordiam
1297 1943 1363 1975 fide
1391 1944 1650 1986 apprehendant.
1707 1946 1851 1988 Ideoque
1874 1948 2039 1989 scriptura
2059 1954 2104 1980 te-

1122 1992 1229 2017 statur
1251 1987 1339 2028 quod
1363 1987 1427 2019 fide
1446 1988 1523 2019 iusti
1546 1995 1744 2028 reputemur.
1781 1991 1985 2030 Adijciemus
2004 1991 2104 2033 igitur

1123 2029 1309 2060 testimonia
1339 2040 1426 2071 quae
1456 2030 1547 2062 clare
1575 2033 1811 2071 pronunciant,
1840 2034 1929 2074 quod
1953 2034 2035 2065 fides
2062 2035 2103 2065 sit

1120 2071 1194 2111 ipsa
1230 2073 1374 2107 iusticia,
1408 2083 1473 2114 qua
1489 2076 1541 2111 ⁶¹)
1570 2084 1683 2107 coram
1706 2074 1780 2106 Deo
1807 2076 1885 2107 iusti
1903 2084 2102 2117 reputamur,

1121 2113 1275 2146 videlicet
1298 2125 1383 2152 non,
1413 2116 1490 2157 quia
1512 2118 1554 2147 sit
1576 2126 1660 2157 opus
1683 2127 1743 2159 per
1768 2127 1845 2149 sese
1868 2119 2012 2160 dignum,
2035 2120 2102 2151 Sed

1120 2158 1196 2198 quia
1219 2158 1338 2198 accipit
1359 2159 1613 2199 promissionem
1636 2170 1701 2201 qua
1725 2159 1817 2192 Deus
1842 2160 2011 2202 pollicitus
2035 2169 2098 2200 est,

1121 2200 1209 2240 quod
1231 2207 1367 2242 propter
1387 2200 1552 2234 Christum
1575 2201 1655 2234 velit
1678 2204 1847 2244 propicius
1867 2213 1942 2235 esse
1964 2205 2100 2236 creden-

1119 2242 1207 2273 tibus
1240 2243 1272 2273 in
1303 2253 1396 2281 eum,
1432 2253 1492 2276 seu
1521 2246 1596 2286 quia
1619 2246 1729 2285 sentit,
1759 2247 1846 2287 quod
1878 2246 2030 2278 Christus
2058 2249 2101 2278 sit

1118 2285 1215 2316 nobis
1234 2283 1344 2317 factus
1363 2296 1384 2317 a
1398 2285 1485 2325 Deo,
1508 2288 1682 2329 sapientia,
1706 2290 1846 2327 iusticia,
1869 2289 2101 2328 sanctificatio,

1121 2333 1154 2358 et
1176 2328 1370 2370 redemptio.

83 2422 134 2455 ⁶6)
153 2423 291 2447 dilectione
309 2425 354 2449 illa
371 2425 498 2449 accedere
516 2425 550 2450 ad
569 2424 675 2458 Deum}
702 2425 782 2451 Editt.
809 2428 896 2453 2-4.:
926 2428 1065 2453 dilectione

154 2457 247 2481 habere
265 2466 354 2489 pacem
374 2460 558 2485 eonscientiae.

1117 2472 1164 2503 59)
1184 2471 1229 2504 ab]
1247 2472 1300 2496 Ed.
1320 2474 1345 2497 4.
1365 2478 1417 2506 typ.
1439 2482 1502 2499 erra:
1521 2481 1552 2499 ac

84 2499 132 2532 57)
151 2500 402 2534 reconciliationem]
423 2503 506 2526 Editt.
527 2503 614 2527 2—4.:
634 2510 722 2534 pacem

1116 2514 1164 2547 80)
1185 2519 1210 2538 et
1228 2516 1347 2546 spiritum
1367 2518 1502 2549 sanetum,]
1521 2518 1601 2542 Editt.
1623 2518 1713 2542 2—4.:
1735 2523 1760 2542 et
1778 2520 2012 2545 reconciliationem
2037 2529 2096 2553 pro—

84 2543 149 2574 57a)
167 2542 258 2567 Roma.
277 2543 328 2577 iij.]
347 2544 397 2568 Ed.
415 2545 454 2569 3.:
472 2545 604 2569 Romanos
622 2546 647 2570 3.
1088 2561 1091 2577 ,
1188 2553 1246 2580 pter
1265 2548 1405 2581 Christum,

83 2585 132 2617 5⁸)
150 2584 198 2618 aa]
216 2586 242 2610 sn
260 2585 341 2611 Eunt.
362 2587 437 2610 2-4.
457 2587 531 2612 aaa.
1088 2581 1090 2585 ’
1115 2590 1162 2623 61)
1185 2591 1246 2623 qua]
1266 2591 1315 2617 Ed.
1336 2592 1361 2617 3.
1381 2596 1432 2624 typ.
1453 2601 1514 2618 em:
1534 2601 1599 2625 quae
