<?xml version="1.0" encoding="UTF-8"?>
<!DOCTYPE html PUBLIC "-//W3C//DTD XHTML 1.0 Transitional//EN"
    "http://www.w3.org/TR/xhtml1/DTD/xhtml1-transitional.dtd">
<html xmlns="http://www.w3.org/1999/xhtml" xml:lang="en" lang="en">
 <head>
  <title>
</title>
<meta http-equiv="Content-Type" content="text/html;charset=utf-8" />
  <meta name='ocr-system' content='tesseract 3.04.00' />
  <meta name='ocr-capabilities' content='ocr_page ocr_carea ocr_par ocr_line ocrx_word'/>
</head>
<body>
  <div class='ocr_page' id='page_1' title='image "./operaquaesupersu27melauoft_0275.png"; bbox 0 0 2366 2958; ppageno 0'>
   <div class='ocr_carea' id='block_1_1' title="bbox 136 174 528 208">
    <p class='ocr_par' dir='ltr' id='par_1_1' title="bbox 136 174 528 208">
     <span class='ocr_line' id='line_1_1' title="bbox 136 174 528 208; baseline -0.008 0"><span class='ocrx_word' id='word_1_1' title='bbox 136 175 201 208; x_wconf 81' lang='lat'>521</span> <span class='ocrx_word' id='word_1_2' title='bbox 488 174 528 206; x_wconf 85' lang='lat' dir='ltr'>u.</span> 
     </span>
    </p>
   </div>
   <div class='ocr_carea' id='block_1_2' title="bbox 109 267 1119 2524">
    <p class='ocr_par' dir='ltr' id='par_1_2' title="bbox 109 267 1119 1289">
     <span class='ocr_line' id='line_1_2' title="bbox 137 267 1118 301; baseline -0.003 -7"><span class='ocrx_word' id='word_1_3' title='bbox 137 270 259 300; x_wconf 76' lang='lat' dir='ltr'>credere,</span> <span class='ocrx_word' id='word_1_4' title='bbox 278 269 346 301; x_wconf 80' lang='lat' dir='ltr'>qnod</span> <span class='ocrx_word' id='word_1_5' title='bbox 363 269 436 294; x_wconf 89' lang='lat' dir='ltr'>Deus</span> <span class='ocrx_word' id='word_1_6' title='bbox 454 269 519 292; x_wconf 86' lang='lat' dir='ltr'>uelit</span> <span class='ocrx_word' id='word_1_7' title='bbox 535 269 672 300; x_wconf 81' lang='lat' dir='ltr'>ignoscere</span> <span class='ocrx_word' id='word_1_8' title='bbox 691 273 717 292; x_wconf 87' lang='lat' dir='ltr'>et</span> <span class='ocrx_word' id='word_1_9' title='bbox 734 268 836 293; x_wconf 74' lang='lat' dir='ltr'>saluare</span> <span class='ocrx_word' id='word_1_10' title='bbox 854 272 959 300; x_wconf 85' lang='lat' dir='ltr'>propter</span> <span class='ocrx_word' id='word_1_11' title='bbox 977 267 1118 297; x_wconf 79' lang='lat' dir='ltr'>Christum,</span> 
     </span>
     <span class='ocr_line' id='line_1_3' title="bbox 109 301 1119 334; baseline -0.003 -6"><span class='ocrx_word' id='word_1_12' title='bbox 109 312 115 320; x_wconf 68' lang='lat'><em>⁴</em></span> <span class='ocrx_word' id='word_1_13' title='bbox 136 304 302 334; x_wconf 43' lang='lat' dir='ltr'>iuxtaaeinud,</span> <span class='ocrx_word' id='word_1_14' title='bbox 320 303 382 328; x_wconf 88' lang='lat' dir='ltr'>Non</span> <span class='ocrx_word' id='word_1_15' title='bbox 399 304 469 327; x_wconf 83' lang='lat' dir='ltr'>misit</span> <span class='ocrx_word' id='word_1_16' title='bbox 485 302 558 327; x_wconf 87' lang='lat' dir='ltr'>Dens</span> <span class='ocrx_word' id='word_1_17' title='bbox 575 303 657 327; x_wconf 78' lang='lat' dir='ltr'>filium</span> <span class='ocrx_word' id='word_1_18' title='bbox 675 310 748 327; x_wconf 84' lang='lat' dir='ltr'>suurn</span> <span class='ocrx_word' id='word_1_19' title='bbox 767 304 793 326; x_wconf 91' lang='lat' dir='ltr'>in</span> <span class='ocrx_word' id='word_1_20' title='bbox 812 302 949 331; x_wconf 89' lang='lat' dir='ltr'>mundum,</span> <span class='ocrx_word' id='word_1_21' title='bbox 974 306 1003 325; x_wconf 90' lang='lat' dir='ltr'>ut</span> <span class='ocrx_word' id='word_1_22' title='bbox 1021 301 1119 326; x_wconf 82' lang='lat' dir='ltr'>iudicet</span> 
     </span>
     <span class='ocr_line' id='line_1_4' title="bbox 135 335 1116 369; baseline -0.004 -6"><span class='ocrx_word' id='word_1_23' title='bbox 135 339 269 368; x_wconf 88' lang='lat' dir='ltr'>muudum,</span> <span class='ocrx_word' id='word_1_24' title='bbox 287 338 333 362; x_wconf 90' lang='lat' dir='ltr'>sed</span> <span class='ocrx_word' id='word_1_25' title='bbox 352 341 381 361; x_wconf 89' lang='lat' dir='ltr'>ut</span> <span class='ocrx_word' id='word_1_26' title='bbox 397 338 514 362; x_wconf 87' lang='lat' dir='ltr'>saluetur</span> <span class='ocrx_word' id='word_1_27' title='bbox 531 337 640 360; x_wconf 89' lang='lat' dir='ltr'>mundus</span> <span class='ocrx_word' id='word_1_28' title='bbox 660 343 705 368; x_wconf 89' lang='lat' dir='ltr'>per</span> <span class='ocrx_word' id='word_1_29' title='bbox 722 338 814 369; x_wconf 88' lang='lat' dir='ltr'>ipsum,</span> <span class='ocrx_word' id='word_1_30' title='bbox 834 336 885 366; x_wconf 85' lang='lat' dir='ltr'>Qui</span> <span class='ocrx_word' id='word_1_31' title='bbox 904 335 986 360; x_wconf 91' lang='lat' dir='ltr'>credit</span> <span class='ocrx_word' id='word_1_32' title='bbox 1004 337 1030 360; x_wconf 87' lang='lat' dir='ltr'>in</span> <span class='ocrx_word' id='word_1_33' title='bbox 1050 342 1116 365; x_wconf 89' lang='lat' dir='ltr'>eum,</span> 
     </span>
     <span class='ocr_line' id='line_1_5' title="bbox 135 369 1116 402; baseline -0.004 -5"><span class='ocrx_word' id='word_1_34' title='bbox 135 379 189 398; x_wconf 82' lang='lat' dir='ltr'>nou</span> <span class='ocrx_word' id='word_1_35' title='bbox 213 373 350 397; x_wconf 78' lang='lat' dir='ltr'>iudicatur.</span> <span class='ocrx_word' id='word_1_36' title='bbox 388 371 498 401; x_wconf 81' lang='lat' dir='ltr'><strong>Quoties</strong></span> <span class='ocrx_word' id='word_1_37' title='bbox 528 372 608 402; x_wconf 77' lang='lat' dir='ltr'>igitur</span> <span class='ocrx_word' id='word_1_38' title='bbox 631 372 664 395; x_wconf 91' lang='lat' dir='ltr'>de</span> <span class='ocrx_word' id='word_1_39' title='bbox 687 371 865 396; x_wconf 79' lang='lat' dir='ltr'>misericordia</span> <span class='ocrx_word' id='word_1_40' title='bbox 888 370 996 399; x_wconf 86' lang='lat' dir='ltr'>dicitur,</span> <span class='ocrx_word' id='word_1_41' title='bbox 1021 369 1116 394; x_wconf 88' lang='lat' dir='ltr'>iutelli-</span> 
     </span>
     <span class='ocr_line' id='line_1_6' title="bbox 114 404 1116 439; baseline -0.003 -9"><span class='ocrx_word' id='word_1_42' title='bbox 114 418 116 421; x_wconf 92' lang='lat'>·</span> <span class='ocrx_word' id='word_1_43' title='bbox 136 407 250 439; x_wconf 79' lang='lat' dir='ltr'>gendum</span> <span class='ocrx_word' id='word_1_44' title='bbox 269 410 308 430; x_wconf 89' lang='lat' dir='ltr'>est</span> <span class='ocrx_word' id='word_1_45' title='bbox 324 405 402 430; x_wconf 82' lang='lat' dir='ltr'>fidem</span> <span class='ocrx_word' id='word_1_46' title='bbox 420 405 525 437; x_wconf 78' lang='lat' dir='ltr'>requiri,</span> <span class='ocrx_word' id='word_1_47' title='bbox 562 405 598 430; x_wconf 84' lang='lat' dir='ltr'>Et</span> <span class='ocrx_word' id='word_1_48' title='bbox 621 406 684 429; x_wconf 82' lang='lat' dir='ltr'>haec</span> <span class='ocrx_word' id='word_1_49' title='bbox 707 405 771 429; x_wconf 76' lang='lat' dir='ltr'>fides</span> <span class='ocrx_word' id='word_1_50' title='bbox 798 405 938 429; x_wconf 79' lang='lat' dir='ltr'>discrimen</span> <span class='ocrx_word' id='word_1_51' title='bbox 961 404 1023 428; x_wconf 82' lang='lat' dir='ltr'>facit</span> <span class='ocrx_word' id='word_1_52' title='bbox 1048 404 1116 428; x_wconf 91' lang='lat' dir='ltr'>inter</span> 
     </span>
     <span class='ocr_line' id='line_1_7' title="bbox 135 437 1115 470; baseline -0.004 -5"><span class='ocrx_word' id='word_1_53' title='bbox 135 441 275 465; x_wconf 85' lang='lat' dir='ltr'>saluandos</span> <span class='ocrx_word' id='word_1_54' title='bbox 305 444 331 464; x_wconf 87' lang='lat' dir='ltr'>et</span> <span class='ocrx_word' id='word_1_55' title='bbox 357 440 532 469; x_wconf 78' lang='lat' dir='ltr'>damnandos,</span> <span class='ocrx_word' id='word_1_56' title='bbox 561 441 628 464; x_wconf 85' lang='lat' dir='ltr'>inter</span> <span class='ocrx_word' id='word_1_57' title='bbox 651 440 745 470; x_wconf 86' lang='lat' dir='ltr'>dignos</span> <span class='ocrx_word' id='word_1_58' title='bbox 768 442 794 463; x_wconf 88' lang='lat' dir='ltr'>et</span> <span class='ocrx_word' id='word_1_59' title='bbox 815 439 944 470; x_wconf 82' lang='lat' dir='ltr'>indignoS.</span> <span class='ocrx_word' id='word_1_60' title='bbox 979 437 1026 461; x_wconf 79' lang='lat' dir='ltr'>Est</span> <span class='ocrx_word' id='word_1_61' title='bbox 1047 439 1115 462; x_wconf 86' lang='lat' dir='ltr'>enim</span> 
     </span>
     <span class='ocr_line' id='line_1_8' title="bbox 135 472 1115 506; baseline -0.004 -7"><span class='ocrx_word' id='word_1_62' title='bbox 135 476 190 500; x_wconf 80' lang='lat' dir='ltr'>nita</span> <span class='ocrx_word' id='word_1_63' title='bbox 207 479 314 499; x_wconf 79' lang='lat' dir='ltr'>aeterna</span> <span class='ocrx_word' id='word_1_64' title='bbox 331 474 461 506; x_wconf 86' lang='lat' dir='ltr'>promissa</span> <span class='ocrx_word' id='word_1_65' title='bbox 478 473 631 498; x_wconf 78' lang='lat' dir='ltr'>iustificatis.</span> <span class='ocrx_word' id='word_1_66' title='bbox 667 473 744 498; x_wconf 81' lang='lat' dir='ltr'>Fides</span> <span class='ocrx_word' id='word_1_67' title='bbox 770 477 855 497; x_wconf 86' lang='lat' dir='ltr'>antem</span> <span class='ocrx_word' id='word_1_68' title='bbox 873 472 1010 502; x_wconf 87' lang='lat' dir='ltr'>iustificat,</span> <span class='ocrx_word' id='word_1_69' title='bbox 1034 479 1115 503; x_wconf 82' lang='lat' dir='ltr'>quan—</span> 
     </span>
     <span class='ocr_line' id='line_1_9' title="bbox 135 506 1116 540; baseline -0.004 -7"><span class='ocrx_word' id='word_1_70' title='bbox 135 510 273 540; x_wconf 83' lang='lat' dir='ltr'><strong>docunque</strong></span> <span class='ocrx_word' id='word_1_71' title='bbox 291 512 317 532; x_wconf 85' lang='lat' dir='ltr'>et</span> <span class='ocrx_word' id='word_1_72' title='bbox 335 515 487 540; x_wconf 84' lang='lat' dir='ltr'>quocunque</span> <span class='ocrx_word' id='word_1_73' title='bbox 505 513 622 540; x_wconf 83' lang='lat' dir='ltr'>tempore</span> <span class='ocrx_word' id='word_1_74' title='bbox 641 508 837 540; x_wconf 75' lang='lat' dir='ltr'>apprehendunt</span> <span class='ocrx_word' id='word_1_75' title='bbox 854 514 911 531; x_wconf 87' lang='lat' dir='ltr'>eam</span> <span class='ocrx_word' id='word_1_76' title='bbox 928 506 1057 530; x_wconf 88' lang='lat' dir='ltr'>homines.</span> <span class='ocrx_word' id='word_1_77' title='bbox 1081 506 1116 530; x_wconf 83' lang='lat' dir='ltr'>Et</span> 
     </span>
     <span class='ocr_line' id='line_1_10' title="bbox 133 540 1116 575; baseline -0.004 -8"><span class='ocrx_word' id='word_1_78' title='bbox 133 551 182 575; x_wconf 83' lang='lat' dir='ltr'>per</span> <span class='ocrx_word' id='word_1_79' title='bbox 200 550 302 567; x_wconf 85' lang='lat' dir='ltr'>omnem</span> <span class='ocrx_word' id='word_1_80' title='bbox 319 543 399 566; x_wconf 83' lang='lat' dir='ltr'>uitam</span> <span class='ocrx_word' id='word_1_81' title='bbox 419 546 516 566; x_wconf 89' lang='lat' dir='ltr'>certare</span> <span class='ocrx_word' id='word_1_82' title='bbox 535 543 671 572; x_wconf 81' lang='lat' dir='ltr'>debemus,</span> <span class='ocrx_word' id='word_1_83' title='bbox 695 545 723 565; x_wconf 88' lang='lat' dir='ltr'>ut</span> <span class='ocrx_word' id='word_1_84' title='bbox 744 542 811 565; x_wconf 87' lang='lat' dir='ltr'>hanc</span> <span class='ocrx_word' id='word_1_85' title='bbox 829 540 907 564; x_wconf 81' lang='lat' dir='ltr'>fidem</span> <span class='ocrx_word' id='word_1_86' title='bbox 930 547 1116 571; x_wconf 73' lang='lat' dir='ltr'>consequamur</span> 
     </span>
     <span class='ocr_line' id='line_1_11' title="bbox 136 574 1114 607; baseline -0.004 -6"><span class='ocrx_word' id='word_1_87' title='bbox 136 581 162 602; x_wconf 83' lang='lat' dir='ltr'>et</span> <span class='ocrx_word' id='word_1_88' title='bbox 179 577 366 602; x_wconf 86' lang='lat' dir='ltr'>confirmemus.</span> <span class='ocrx_word' id='word_1_89' title='bbox 403 576 500 600; x_wconf 83' lang='lat' dir='ltr'>Existit</span> <span class='ocrx_word' id='word_1_90' title='bbox 519 577 601 606; x_wconf 88' lang='lat' dir='ltr'>cuim,</span> <span class='ocrx_word' id='word_1_91' title='bbox 619 581 648 600; x_wconf 88' lang='lat' dir='ltr'>ut</span> <span class='ocrx_word' id='word_1_92' title='bbox 665 583 742 607; x_wconf 88' lang='lat' dir='ltr'>supra</span> <span class='ocrx_word' id='word_1_93' title='bbox 760 576 886 604; x_wconf 88' lang='lat' dir='ltr'>diximus,</span> <span class='ocrx_word' id='word_1_94' title='bbox 910 574 975 598; x_wconf 81' lang='lat' dir='ltr'>haec</span> <span class='ocrx_word' id='word_1_95' title='bbox 998 574 1062 598; x_wconf 70' lang='lat' dir='ltr'>fides</span> <span class='ocrx_word' id='word_1_96' title='bbox 1087 575 1114 598; x_wconf 90' lang='lat' dir='ltr'>in</span> 
     </span>
     <span class='ocr_line' id='line_1_12' title="bbox 134 608 1113 643; baseline -0.005 -7"><span class='ocrx_word' id='word_1_97' title='bbox 134 612 316 643; x_wconf 75' lang='lat' dir='ltr'>poenitencia,</span> <span class='ocrx_word' id='word_1_98' title='bbox 340 618 394 634; x_wconf 90' lang='lat' dir='ltr'>nou</span> <span class='ocrx_word' id='word_1_99' title='bbox 417 612 444 635; x_wconf 93' lang='lat' dir='ltr'>in</span> <span class='ocrx_word' id='word_1_100' title='bbox 468 611 508 634; x_wconf 86' lang='lat' dir='ltr'>his</span> <span class='ocrx_word' id='word_1_101' title='bbox 533 611 576 642; x_wconf 91' lang='lat' dir='ltr'>qui</span> <span class='ocrx_word' id='word_1_102' title='bbox 603 611 743 634; x_wconf 85' lang='lat' dir='ltr'>secundum</span> <span class='ocrx_word' id='word_1_103' title='bbox 770 616 874 633; x_wconf 80' lang='lat' dir='ltr'>carnem</span> <span class='ocrx_word' id='word_1_104' title='bbox 896 608 1037 633; x_wconf 82' lang='lat' dir='ltr'>ambulant.</span> <span class='ocrx_word' id='word_1_105' title='bbox 1073 609 1113 632; x_wconf 88' lang='lat' dir='ltr'>Ac</span> 
     </span>
     <span class='ocr_line' id='line_1_13' title="bbox 135 643 1114 676; baseline -0.004 -6"><span class='ocrx_word' id='word_1_106' title='bbox 135 646 214 670; x_wconf 88' lang='lat' dir='ltr'>debet</span> <span class='ocrx_word' id='word_1_107' title='bbox 231 647 298 670; x_wconf 87' lang='lat' dir='ltr'>inter</span> <span class='ocrx_word' id='word_1_108' title='bbox 316 645 433 676; x_wconf 86' lang='lat' dir='ltr'>pericula</span> <span class='ocrx_word' id='word_1_109' title='bbox 451 646 614 669; x_wconf 63' lang='lat' dir='ltr'>tent-aciones</span> <span class='ocrx_word' id='word_1_110' title='bbox 632 652 679 676; x_wconf 88' lang='lat' dir='ltr'>per</span> <span class='ocrx_word' id='word_1_111' title='bbox 697 651 800 668; x_wconf 90' lang='lat' dir='ltr'>omnem</span> <span class='ocrx_word' id='word_1_112' title='bbox 818 644 897 667; x_wconf 74' lang='lat' dir='ltr'>uitam</span> <span class='ocrx_word' id='word_1_113' title='bbox 917 649 1042 667; x_wconf 83' lang='lat' dir='ltr'>crescere.</span> <span class='ocrx_word' id='word_1_114' title='bbox 1078 643 1114 666; x_wconf 91' lang='lat' dir='ltr'>Et</span> 
     </span>
     <span class='ocr_line' id='line_1_14' title="bbox 135 677 1113 712; baseline -0.004 -8"><span class='ocrx_word' id='word_1_115' title='bbox 135 681 179 712; x_wconf 90' lang='lat' dir='ltr'>qui</span> <span class='ocrx_word' id='word_1_116' title='bbox 197 680 265 704; x_wconf 91' lang='lat' dir='ltr'>hanc</span> <span class='ocrx_word' id='word_1_117' title='bbox 288 679 366 703; x_wconf 87' lang='lat' dir='ltr'>fidem</span> <span class='ocrx_word' id='word_1_118' title='bbox 385 680 517 704; x_wconf 76' lang='lat' dir='ltr'>consecuti</span> <span class='ocrx_word' id='word_1_119' title='bbox 536 683 611 709; x_wconf 86' lang='lat' dir='ltr'>sunt,</span> <span class='ocrx_word' id='word_1_120' title='bbox 630 679 658 703; x_wconf 87' lang='lat' dir='ltr'>hi</span> <span class='ocrx_word' id='word_1_121' title='bbox 680 679 765 702; x_wconf 84' lang='lat' dir='ltr'>renati</span> <span class='ocrx_word' id='word_1_122' title='bbox 783 682 855 707; x_wconf 91' lang='lat' dir='ltr'>sunt,</span> <span class='ocrx_word' id='word_1_123' title='bbox 873 681 902 701; x_wconf 87' lang='lat' dir='ltr'>ut</span> <span class='ocrx_word' id='word_1_124' title='bbox 920 677 985 701; x_wconf 88' lang='lat' dir='ltr'>bene</span> <span class='ocrx_word' id='word_1_125' title='bbox 1004 683 1113 708; x_wconf 91' lang='lat' dir='ltr'>operen-</span> 
     </span>
     <span class='ocr_line' id='line_1_15' title="bbox 133 711 1113 744; baseline -0.004 -6"><span class='ocrx_word' id='word_1_126' title='bbox 133 718 185 744; x_wconf 86' lang='lat' dir='ltr'>tur,</span> <span class='ocrx_word' id='word_1_127' title='bbox 211 717 241 739; x_wconf 86' lang='lat' dir='ltr'>nt</span> <span class='ocrx_word' id='word_1_128' title='bbox 263 714 348 744; x_wconf 87' lang='lat' dir='ltr'>legem</span> <span class='ocrx_word' id='word_1_129' title='bbox 378 714 482 738; x_wconf 78' lang='lat' dir='ltr'>faciant.</span> <span class='ocrx_word' id='word_1_130' title='bbox 518 713 592 738; x_wconf 86' lang='lat' dir='ltr'>Sicut</span> <span class='ocrx_word' id='word_1_131' title='bbox 617 713 697 744; x_wconf 86' lang='lat' dir='ltr'>igitur</span> <span class='ocrx_word' id='word_1_132' title='bbox 722 711 913 744; x_wconf 74' lang='lat' dir='ltr'>poenitenciam</span> <span class='ocrx_word' id='word_1_133' title='bbox 937 718 984 743; x_wconf 88' lang='lat' dir='ltr'>per</span> <span class='ocrx_word' id='word_1_134' title='bbox 1010 718 1113 735; x_wconf 86' lang='lat' dir='ltr'>omnem</span> 
     </span>
     <span class='ocr_line' id='line_1_16' title="bbox 134 746 1113 779; baseline -0.004 -7"><span class='ocrx_word' id='word_1_135' title='bbox 134 749 215 772; x_wconf 85' lang='lat' dir='ltr'>uitam</span> <span class='ocrx_word' id='word_1_136' title='bbox 241 749 410 779; x_wconf 81' lang='lat' dir='ltr'>requirimus,</span> <span class='ocrx_word' id='word_1_137' title='bbox 437 749 474 772; x_wconf 89' lang='lat' dir='ltr'>ita</span> <span class='ocrx_word' id='word_1_138' title='bbox 501 751 526 771; x_wconf 88' lang='lat' dir='ltr'>et</span> <span class='ocrx_word' id='word_1_139' title='bbox 553 748 623 772; x_wconf 81' lang='lat' dir='ltr'>bona</span> <span class='ocrx_word' id='word_1_140' title='bbox 649 753 729 778; x_wconf 84' lang='lat' dir='ltr'>opera</span> <span class='ocrx_word' id='word_1_141' title='bbox 755 746 927 776; x_wconf 79' lang='lat' dir='ltr'>requirimus,</span> <span class='ocrx_word' id='word_1_142' title='bbox 951 746 999 769; x_wconf 84' lang='lat' dir='ltr'>etsi</span> <span class='ocrx_word' id='word_1_143' title='bbox 1023 749 1113 769; x_wconf 74' lang='lat' dir='ltr'>nostra</span> 
     </span>
     <span class='ocr_line' id='line_1_17' title="bbox 135 779 1113 814; baseline -0.003 -8"><span class='ocrx_word' id='word_1_144' title='bbox 135 789 215 814; x_wconf 87' lang='lat' dir='ltr'>opera</span> <span class='ocrx_word' id='word_1_145' title='bbox 242 790 294 806; x_wconf 93' lang='lat' dir='ltr'>non</span> <span class='ocrx_word' id='word_1_146' title='bbox 320 785 380 806; x_wconf 87' lang='lat' dir='ltr'>suut</span> <span class='ocrx_word' id='word_1_147' title='bbox 401 783 480 811; x_wconf 86' lang='lat' dir='ltr'>talia,</span> <span class='ocrx_word' id='word_1_148' title='bbox 503 786 534 805; x_wconf 87' lang='lat' dir='ltr'>ut</span> <span class='ocrx_word' id='word_1_149' title='bbox 550 788 597 814; x_wconf 88' lang='lat' dir='ltr'>pro</span> <span class='ocrx_word' id='word_1_150' title='bbox 617 782 654 805; x_wconf 85' lang='lat' dir='ltr'>eis</span> <span class='ocrx_word' id='word_1_151' title='bbox 674 781 798 804; x_wconf 78' lang='lat' dir='ltr'>debeatur</span> <span class='ocrx_word' id='word_1_152' title='bbox 815 780 870 804; x_wconf 83' lang='lat' dir='ltr'>uita</span> <span class='ocrx_word' id='word_1_153' title='bbox 887 784 1002 804; x_wconf 83' lang='lat' dir='ltr'>aeterna.</span> <span class='ocrx_word' id='word_1_154' title='bbox 1039 779 1113 804; x_wconf 61' lang='lat' dir='ltr'>Sicut</span> 
     </span>
     <span class='ocr_line' id='line_1_18' title="bbox 135 814 1113 845; baseline -0.003 -5"><span class='ocrx_word' id='word_1_155' title='bbox 135 820 162 840; x_wconf 83' lang='lat' dir='ltr'>ot</span> <span class='ocrx_word' id='word_1_156' title='bbox 180 816 297 841; x_wconf 81' lang='lat' dir='ltr'>Christus</span> <span class='ocrx_word' id='word_1_157' title='bbox 316 818 342 840; x_wconf 91' lang='lat' dir='ltr'>in</span> <span class='ocrx_word' id='word_1_158' title='bbox 360 816 409 840; x_wconf 87' lang='lat' dir='ltr'>hae</span> <span class='ocrx_word' id='word_1_159' title='bbox 427 817 560 840; x_wconf 76' lang='lat' dir='ltr'>sentencia</span> <span class='ocrx_word' id='word_1_160' title='bbox 578 816 658 845; x_wconf 86' lang='lat' dir='ltr'>dixit,</span> <span class='ocrx_word' id='word_1_161' title='bbox 683 815 748 839; x_wconf 88' lang='lat' dir='ltr'>Cum</span> <span class='ocrx_word' id='word_1_162' title='bbox 767 814 880 839; x_wconf 80' lang='lat' dir='ltr'>feceritis</span> <span class='ocrx_word' id='word_1_163' title='bbox 898 815 999 843; x_wconf 83' lang='lat' dir='ltr'>omnia,</span> <span class='ocrx_word' id='word_1_164' title='bbox 1024 814 1113 843; x_wconf 88' lang='lat' dir='ltr'>dicite,</span> 
     </span>
     <span class='ocr_line' id='line_1_19' title="bbox 134 848 1113 875; baseline -0.002 -1"><span class='ocrx_word' id='word_1_165' title='bbox 134 852 203 875; x_wconf 83' lang='lat' dir='ltr'>serui</span> <span class='ocrx_word' id='word_1_166' title='bbox 229 850 334 875; x_wconf 87' lang='lat' dir='ltr'>inutiles</span> <span class='ocrx_word' id='word_1_167' title='bbox 366 857 461 874; x_wconf 89' lang='lat' dir='ltr'>sumus.</span> <span class='ocrx_word' id='word_1_168' title='bbox 497 850 530 873; x_wconf 85' lang='lat' dir='ltr'>Et</span> <span class='ocrx_word' id='word_1_169' title='bbox 555 849 703 873; x_wconf 71' lang='lat' dir='ltr'>Bernartius</span> <span class='ocrx_word' id='word_1_170' title='bbox 731 852 802 873; x_wconf 85' lang='lat' dir='ltr'>recte</span> <span class='ocrx_word' id='word_1_171' title='bbox 829 849 900 873; x_wconf 88' lang='lat' dir='ltr'>dicit.</span> <span class='ocrx_word' id='word_1_172' title='bbox 936 848 1050 872; x_wconf 80' lang='lat' dir='ltr'>Necesse</span> <span class='ocrx_word' id='word_1_173' title='bbox 1074 851 1113 872; x_wconf 87' lang='lat' dir='ltr'>est</span> 
     </span>
     <span class='ocr_line' id='line_1_20' title="bbox 132 883 1112 916; baseline -0.002 -8"><span class='ocrx_word' id='word_1_174' title='bbox 132 885 218 916; x_wconf 81' lang='lat' dir='ltr'>primo</span> <span class='ocrx_word' id='word_1_175' title='bbox 239 885 352 914; x_wconf 88' lang='lat' dir='ltr'>credere,</span> <span class='ocrx_word' id='word_1_176' title='bbox 369 884 441 916; x_wconf 88' lang='lat' dir='ltr'>quod</span> <span class='ocrx_word' id='word_1_177' title='bbox 459 884 638 908; x_wconf 85' lang='lat' dir='ltr'>remissionem</span> <span class='ocrx_word' id='word_1_178' title='bbox 655 886 820 915; x_wconf 84' lang='lat' dir='ltr'>peccatorum</span> <span class='ocrx_word' id='word_1_179' title='bbox 837 883 933 907; x_wconf 85' lang='lat' dir='ltr'>habere</span> <span class='ocrx_word' id='word_1_180' title='bbox 951 889 1004 906; x_wconf 87' lang='lat' dir='ltr'>nou</span> <span class='ocrx_word' id='word_1_181' title='bbox 1019 883 1112 914; x_wconf 87' lang='lat' dir='ltr'>possis,</span> 
     </span>
     <span class='ocr_line' id='line_1_21' title="bbox 133 916 1112 950; baseline -0.002 -8"><span class='ocrx_word' id='word_1_182' title='bbox 133 920 185 943; x_wconf 88' lang='lat' dir='ltr'>nisi</span> <span class='ocrx_word' id='word_1_183' title='bbox 202 926 248 950; x_wconf 88' lang='lat' dir='ltr'>per</span> <span class='ocrx_word' id='word_1_184' title='bbox 266 919 459 949; x_wconf 81' lang='lat' dir='ltr'>indulgenciam</span> <span class='ocrx_word' id='word_1_185' title='bbox 482 918 542 942; x_wconf 91' lang='lat' dir='ltr'>Dei.</span> <span class='ocrx_word' id='word_1_186' title='bbox 579 917 696 948; x_wconf 86' lang='lat' dir='ltr'>Deinde,</span> <span class='ocrx_word' id='word_1_187' title='bbox 720 917 792 948; x_wconf 88' lang='lat' dir='ltr'>quod</span> <span class='ocrx_word' id='word_1_188' title='bbox 810 917 875 941; x_wconf 89' lang='lat' dir='ltr'>nihil</span> <span class='ocrx_word' id='word_1_189' title='bbox 894 924 998 948; x_wconf 90' lang='lat' dir='ltr'>prorsus</span> <span class='ocrx_word' id='word_1_190' title='bbox 1016 916 1112 940; x_wconf 88' lang='lat' dir='ltr'>habere</span> 
     </span>
     <span class='ocr_line' id='line_1_22' title="bbox 133 951 1112 985; baseline -0.002 -9"><span class='ocrx_word' id='word_1_191' title='bbox 133 959 213 985; x_wconf 84' lang='lat' dir='ltr'>queas</span> <span class='ocrx_word' id='word_1_192' title='bbox 231 953 316 984; x_wconf 86' lang='lat' dir='ltr'>operis</span> <span class='ocrx_word' id='word_1_193' title='bbox 340 953 416 982; x_wconf 82' lang='lat' dir='ltr'>boni,</span> <span class='ocrx_word' id='word_1_194' title='bbox 441 952 492 976; x_wconf 84' lang='lat' dir='ltr'>uisi</span> <span class='ocrx_word' id='word_1_195' title='bbox 511 956 538 976; x_wconf 88' lang='lat' dir='ltr'>et</span> <span class='ocrx_word' id='word_1_196' title='bbox 560 952 612 976; x_wconf 89' lang='lat' dir='ltr'>hoc</span> <span class='ocrx_word' id='word_1_197' title='bbox 636 952 737 976; x_wconf 82' lang='lat' dir='ltr'>dederit</span> <span class='ocrx_word' id='word_1_198' title='bbox 761 952 826 983; x_wconf 87' lang='lat' dir='ltr'>ipse.</span> <span class='ocrx_word' id='word_1_199' title='bbox 862 951 1017 981; x_wconf 80' lang='lat' dir='ltr'>Postremo,</span> <span class='ocrx_word' id='word_1_200' title='bbox 1041 951 1112 983; x_wconf 90' lang='lat' dir='ltr'>quod</span> 
     </span>
     <span class='ocr_line' id='line_1_23' title="bbox 133 986 1111 1018; baseline -0.003 -7"><span class='ocrx_word' id='word_1_201' title='bbox 133 991 265 1011; x_wconf 75' lang='lat' dir='ltr'>aeternam</span> <span class='ocrx_word' id='word_1_202' title='bbox 283 987 364 1011; x_wconf 83' lang='lat' dir='ltr'>uitam</span> <span class='ocrx_word' id='word_1_203' title='bbox 381 986 459 1010; x_wconf 87' lang='lat' dir='ltr'>nullis</span> <span class='ocrx_word' id='word_1_204' title='bbox 478 991 552 1018; x_wconf 84' lang='lat' dir='ltr'>potes</span> <span class='ocrx_word' id='word_1_205' title='bbox 571 986 693 1017; x_wconf 71' lang='lat' dir='ltr'>operibus</span> <span class='ocrx_word' id='word_1_206' title='bbox 711 986 868 1017; x_wconf 83' lang='lat' dir='ltr'>promereri,</span> <span class='ocrx_word' id='word_1_207' title='bbox 891 986 940 1009; x_wconf 88' lang='lat' dir='ltr'>uisi</span> <span class='ocrx_word' id='word_1_208' title='bbox 962 986 1044 1016; x_wconf 80' lang='lat' dir='ltr'>gratis</span> <span class='ocrx_word' id='word_1_209' title='bbox 1068 986 1111 1009; x_wconf 89' lang='lat' dir='ltr'>de-</span> 
     </span>
     <span class='ocr_line' id='line_1_24' title="bbox 129 1019 1111 1052; baseline -0.002 -8"><span class='ocrx_word' id='word_1_210' title='bbox 129 1025 172 1045; x_wconf 80' lang='lat' dir='ltr'>tur</span> <span class='ocrx_word' id='word_1_211' title='bbox 190 1025 216 1045; x_wconf 90' lang='lat' dir='ltr'>et</span> <span class='ocrx_word' id='word_1_212' title='bbox 238 1021 292 1044; x_wconf 83' lang='lat' dir='ltr'>illa.</span> <span class='ocrx_word' id='word_1_213' title='bbox 328 1021 365 1045; x_wconf 86' lang='lat' dir='ltr'>Et</span> <span class='ocrx_word' id='word_1_214' title='bbox 387 1020 465 1052; x_wconf 88' lang='lat' dir='ltr'>paulo</span> <span class='ocrx_word' id='word_1_215' title='bbox 488 1025 561 1051; x_wconf 85' lang='lat' dir='ltr'>post,</span> <span class='ocrx_word' id='word_1_216' title='bbox 585 1020 669 1044; x_wconf 89' lang='lat' dir='ltr'>Nemo</span> <span class='ocrx_word' id='word_1_217' title='bbox 695 1020 784 1051; x_wconf 86' lang='lat' dir='ltr'>itaque</span> <span class='ocrx_word' id='word_1_218' title='bbox 808 1027 836 1044; x_wconf 88' lang='lat' dir='ltr'>se</span> <span class='ocrx_word' id='word_1_219' title='bbox 858 1020 979 1049; x_wconf 83' lang='lat' dir='ltr'>seducat,</span> <span class='ocrx_word' id='word_1_220' title='bbox 1004 1020 1066 1051; x_wconf 83' lang='lat' dir='ltr'>quia</span> <span class='ocrx_word' id='word_1_221' title='bbox 1089 1019 1111 1042; x_wconf 87' lang='lat' dir='ltr'>si</span> 
     </span>
     <span class='ocr_line' id='line_1_25' title="bbox 128 1054 1111 1086; baseline -0.002 -7"><span class='ocrx_word' id='word_1_222' title='bbox 128 1055 196 1079; x_wconf 87' lang='lat' dir='ltr'>bene</span> <span class='ocrx_word' id='word_1_223' title='bbox 221 1056 339 1086; x_wconf 78' lang='lat' dir='ltr'>cogitare</span> <span class='ocrx_word' id='word_1_224' title='bbox 362 1055 490 1084; x_wconf 85' lang='lat' dir='ltr'>uoluerit,</span> <span class='ocrx_word' id='word_1_225' title='bbox 513 1055 631 1079; x_wconf 88' lang='lat' dir='ltr'>inueniet</span> <span class='ocrx_word' id='word_1_226' title='bbox 654 1054 745 1085; x_wconf 89' lang='lat' dir='ltr'>procul</span> <span class='ocrx_word' id='word_1_227' title='bbox 770 1054 864 1083; x_wconf 89' lang='lat' dir='ltr'>dubio,</span> <span class='ocrx_word' id='word_1_228' title='bbox 889 1054 959 1085; x_wconf 91' lang='lat' dir='ltr'>quod</span> <span class='ocrx_word' id='word_1_229' title='bbox 983 1061 1032 1077; x_wconf 86' lang='lat' dir='ltr'>nec</span> <span class='ocrx_word' id='word_1_230' title='bbox 1055 1061 1111 1077; x_wconf 89' lang='lat' dir='ltr'>cum</span> 
     </span>
     <span class='ocr_line' id='line_1_26' title="bbox 130 1088 1111 1120; baseline -0.003 -6"><span class='ocrx_word' id='word_1_231' title='bbox 130 1089 220 1114; x_wconf 84' lang='lat' dir='ltr'>decem</span> <span class='ocrx_word' id='word_1_232' title='bbox 249 1090 363 1113; x_wconf 86' lang='lat' dir='ltr'>millibus</span> <span class='ocrx_word' id='word_1_233' title='bbox 391 1090 474 1120; x_wconf 86' lang='lat' dir='ltr'>possit</span> <span class='ocrx_word' id='word_1_234' title='bbox 499 1096 635 1112; x_wconf 88' lang='lat' dir='ltr'>occurrere</span> <span class='ocrx_word' id='word_1_235' title='bbox 663 1089 701 1118; x_wconf 90' lang='lat' dir='ltr'>ei,</span> <span class='ocrx_word' id='word_1_236' title='bbox 728 1090 770 1118; x_wconf 86' lang='lat' dir='ltr'>qui</span> <span class='ocrx_word' id='word_1_237' title='bbox 797 1096 853 1111; x_wconf 90' lang='lat' dir='ltr'>cnm</span> <span class='ocrx_word' id='word_1_238' title='bbox 877 1088 972 1119; x_wconf 87' lang='lat' dir='ltr'>uiginti</span> <span class='ocrx_word' id='word_1_239' title='bbox 999 1088 1111 1111; x_wconf 90' lang='lat' dir='ltr'>millibus</span> 
     </span>
     <span class='ocr_line' id='line_1_27' title="bbox 128 1121 1111 1154; baseline -0.002 -7"><span class='ocrx_word' id='word_1_240' title='bbox 128 1124 202 1147; x_wconf 86' lang='lat' dir='ltr'>uenit</span> <span class='ocrx_word' id='word_1_241' title='bbox 218 1124 252 1147; x_wconf 83' lang='lat' dir='ltr'>ad</span> <span class='ocrx_word' id='word_1_242' title='bbox 275 1130 304 1147; x_wconf 89' lang='lat' dir='ltr'>se</span> <span class='ocrx_word' id='word_1_243' title='bbox 322 1127 370 1146; x_wconf 87' lang='lat' dir='ltr'>etc.</span> <span class='ocrx_word' id='word_1_244' title='bbox 407 1123 463 1146; x_wconf 91' lang='lat' dir='ltr'>Nos</span> <span class='ocrx_word' id='word_1_245' title='bbox 484 1123 562 1154; x_wconf 86' lang='lat' dir='ltr'>igitur</span> <span class='ocrx_word' id='word_1_246' title='bbox 585 1127 613 1146; x_wconf 90' lang='lat' dir='ltr'>nt</span> <span class='ocrx_word' id='word_1_247' title='bbox 637 1123 813 1146; x_wconf 87' lang='lat' dir='ltr'>conscientiae</span> <span class='ocrx_word' id='word_1_248' title='bbox 837 1126 932 1146; x_wconf 84' lang='lat' dir='ltr'>certam</span> <span class='ocrx_word' id='word_1_249' title='bbox 956 1121 1111 1146; x_wconf 84' lang='lat' dir='ltr'>consolatio—</span> 
     </span>
     <span class='ocr_line' id='line_1_28' title="bbox 128 1155 1111 1189; baseline -0.003 -7"><span class='ocrx_word' id='word_1_250' title='bbox 128 1164 189 1182; x_wconf 82' lang='lat' dir='ltr'>nem</span> <span class='ocrx_word' id='word_1_251' title='bbox 208 1161 233 1181; x_wconf 90' lang='lat' dir='ltr'>et</span> <span class='ocrx_word' id='word_1_252' title='bbox 250 1164 321 1189; x_wconf 80' lang='lat' dir='ltr'>spem</span> <span class='ocrx_word' id='word_1_253' title='bbox 340 1161 453 1187; x_wconf 81' lang='lat' dir='ltr'>teneant,</span> <span class='ocrx_word' id='word_1_254' title='bbox 471 1164 624 1181; x_wconf 85' lang='lat' dir='ltr'>reuocamus</span> <span class='ocrx_word' id='word_1_255' title='bbox 642 1157 760 1180; x_wconf 84' lang='lat' dir='ltr'>homines</span> <span class='ocrx_word' id='word_1_256' title='bbox 778 1157 811 1180; x_wconf 84' lang='lat' dir='ltr'>ad</span> <span class='ocrx_word' id='word_1_257' title='bbox 829 1156 1025 1188; x_wconf 84' lang='lat' dir='ltr'>promissionem</span> <span class='ocrx_word' id='word_1_258' title='bbox 1035 1155 1111 1181; x_wconf 91' lang='lat' dir='ltr'>Chri-</span> 
     </span>
     <span class='ocr_line' id='line_1_29' title="bbox 130 1190 1112 1222; baseline -0.002 -6"><span class='ocrx_word' id='word_1_259' title='bbox 130 1193 178 1221; x_wconf 84' lang='lat' dir='ltr'>sti,</span> <span class='ocrx_word' id='word_1_260' title='bbox 205 1195 230 1216; x_wconf 89' lang='lat' dir='ltr'>et</span> <span class='ocrx_word' id='word_1_261' title='bbox 257 1192 379 1215; x_wconf 82' lang='lat' dir='ltr'>docemus</span> <span class='ocrx_word' id='word_1_262' title='bbox 403 1191 473 1222; x_wconf 88' lang='lat' dir='ltr'>quod</span> <span class='ocrx_word' id='word_1_263' title='bbox 491 1198 596 1215; x_wconf 88' lang='lat' dir='ltr'>necesse</span> <span class='ocrx_word' id='word_1_264' title='bbox 614 1192 649 1215; x_wconf 91' lang='lat' dir='ltr'>sit</span> <span class='ocrx_word' id='word_1_265' title='bbox 672 1191 791 1221; x_wconf 85' lang='lat' dir='ltr'>credere,</span> <span class='ocrx_word' id='word_1_266' title='bbox 815 1191 886 1222; x_wconf 86' lang='lat' dir='ltr'>quod</span> <span class='ocrx_word' id='word_1_267' title='bbox 910 1190 982 1215; x_wconf 90' lang='lat' dir='ltr'>Deus</span> <span class='ocrx_word' id='word_1_268' title='bbox 1006 1193 1112 1222; x_wconf 81' lang='lat' dir='ltr'>propter</span> 
     </span>
     <span class='ocr_line' id='line_1_30' title="bbox 129 1224 1110 1257; baseline -0.002 -7"><span class='ocrx_word' id='word_1_269' title='bbox 129 1225 276 1256; x_wconf 84' lang='lat' dir='ltr'>Christum,</span> <span class='ocrx_word' id='word_1_270' title='bbox 296 1233 349 1250; x_wconf 91' lang='lat' dir='ltr'>non</span> <span class='ocrx_word' id='word_1_271' title='bbox 368 1229 476 1257; x_wconf 89' lang='lat' dir='ltr'>propter</span> <span class='ocrx_word' id='word_1_272' title='bbox 493 1226 576 1256; x_wconf 83' lang='lat' dir='ltr'>legem</span> <span class='ocrx_word' id='word_1_273' title='bbox 596 1226 708 1249; x_wconf 80' lang='lat' dir='ltr'>remittat</span> <span class='ocrx_word' id='word_1_274' title='bbox 726 1228 848 1256; x_wconf 83' lang='lat' dir='ltr'>peccata,</span> <span class='ocrx_word' id='word_1_275' title='bbox 867 1224 1001 1253; x_wconf 80' lang='lat' dir='ltr'>iustificet,</span> <span class='ocrx_word' id='word_1_276' title='bbox 1021 1228 1046 1248; x_wconf 92' lang='lat' dir='ltr'>et</span> <span class='ocrx_word' id='word_1_277' title='bbox 1065 1225 1110 1248; x_wconf 89' lang='lat' dir='ltr'>do-</span> 
     </span>
     <span class='ocr_line' id='line_1_31' title="bbox 127 1258 1109 1289; baseline -0.001 -5"><span class='ocrx_word' id='word_1_278' title='bbox 127 1263 173 1284; x_wconf 87' lang='lat' dir='ltr'>net</span> <span class='ocrx_word' id='word_1_279' title='bbox 190 1261 270 1284; x_wconf 82' lang='lat' dir='ltr'>uitam</span> <span class='ocrx_word' id='word_1_280' title='bbox 289 1265 434 1289; x_wconf 84' lang='lat' dir='ltr'>aeternam,</span> <span class='ocrx_word' id='word_1_281' title='bbox 455 1260 528 1283; x_wconf 84' lang='lat' dir='ltr'>iuxta</span> <span class='ocrx_word' id='word_1_282' title='bbox 546 1259 624 1289; x_wconf 90' lang='lat' dir='ltr'>illud,</span> <span class='ocrx_word' id='word_1_283' title='bbox 644 1259 695 1288; x_wconf 86' lang='lat' dir='ltr'>Qui</span> <span class='ocrx_word' id='word_1_284' title='bbox 713 1259 792 1283; x_wconf 80' lang='lat' dir='ltr'>habet</span> <span class='ocrx_word' id='word_1_285' title='bbox 809 1259 904 1288; x_wconf 76' lang='lat' dir='ltr'>filium,</span> <span class='ocrx_word' id='word_1_286' title='bbox 921 1258 1003 1283; x_wconf 82' lang='lat' dir='ltr'>habet</span> <span class='ocrx_word' id='word_1_287' title='bbox 1020 1259 1109 1283; x_wconf 84' lang='lat' dir='ltr'>uitam.</span> 
     </span>
    </p>

    <p class='ocr_par' dir='ltr' id='par_1_3' title="bbox 124 1293 1110 1565">
     <span class='ocr_line' id='line_1_32' title="bbox 197 1293 1109 1325; baseline -0.002 -7"><span class='ocrx_word' id='word_1_288' title='bbox 197 1294 250 1319; x_wconf 89' lang='lat' dir='ltr'>Sed</span> <span class='ocrx_word' id='word_1_289' title='bbox 269 1301 364 1325; x_wconf 78' lang='lat' dir='ltr'>operae</span> <span class='ocrx_word' id='word_1_290' title='bbox 382 1294 497 1325; x_wconf 84' lang='lat' dir='ltr'>precium</span> <span class='ocrx_word' id='word_1_291' title='bbox 517 1297 556 1317; x_wconf 89' lang='lat' dir='ltr'>est</span> <span class='ocrx_word' id='word_1_292' title='bbox 575 1294 673 1322; x_wconf 83' lang='lat' dir='ltr'>audire,</span> <span class='ocrx_word' id='word_1_293' title='bbox 691 1294 822 1324; x_wconf 88' lang='lat' dir='ltr'>quomodo</span> <span class='ocrx_word' id='word_1_294' title='bbox 842 1293 950 1316; x_wconf 84' lang='lat' dir='ltr'>eludant</span> <span class='ocrx_word' id='word_1_295' title='bbox 967 1293 1109 1324; x_wconf 86' lang='lat' dir='ltr'>aduersarij</span> 
     </span>
     <span class='ocr_line' id='line_1_33' title="bbox 128 1327 1110 1357; baseline -0.002 -5"><span class='ocrx_word' id='word_1_296' title='bbox 128 1329 226 1352; x_wconf 82' lang='lat' dir='ltr'>dictum</span> <span class='ocrx_word' id='word_1_297' title='bbox 250 1327 360 1357; x_wconf 83' lang='lat' dir='ltr'>Christi,</span> <span class='ocrx_word' id='word_1_298' title='bbox 384 1328 449 1353; x_wconf 83' lang='lat' dir='ltr'>Cum</span> <span class='ocrx_word' id='word_1_299' title='bbox 473 1328 586 1352; x_wconf 79' lang='lat' dir='ltr'>feceritis</span> <span class='ocrx_word' id='word_1_300' title='bbox 611 1329 712 1357; x_wconf 81' lang='lat' dir='ltr'>omnia,</span> <span class='ocrx_word' id='word_1_301' title='bbox 735 1328 827 1357; x_wconf 88' lang='lat' dir='ltr'>dicite,</span> <span class='ocrx_word' id='word_1_302' title='bbox 851 1328 919 1351; x_wconf 87' lang='lat' dir='ltr'>serui</span> <span class='ocrx_word' id='word_1_303' title='bbox 946 1327 1051 1351; x_wconf 89' lang='lat' dir='ltr'>inutiles</span> <span class='ocrx_word' id='word_1_304' title='bbox 1069 1334 1110 1350; x_wconf 82' lang='lat' dir='ltr'>su·</span> 
     </span>
     <span class='ocr_line' id='line_1_34' title="bbox 126 1361 1110 1393; baseline -0.001 -7"><span class='ocrx_word' id='word_1_305' title='bbox 126 1369 191 1386; x_wconf 87' lang='lat' dir='ltr'>mus.</span> <span class='ocrx_word' id='word_1_306' title='bbox 229 1362 260 1386; x_wconf 73' lang='lat'>111</span> <span class='ocrx_word' id='word_1_307' title='bbox 285 1362 471 1386; x_wconf 81' lang='lat' dir='ltr'>confutacione</span> <span class='ocrx_word' id='word_1_308' title='bbox 499 1363 538 1386; x_wconf 87' lang='lat' dir='ltr'>sic</span> <span class='ocrx_word' id='word_1_309' title='bbox 567 1366 746 1393; x_wconf 83' lang='lat' dir='ltr'>corrumpunt,</span> <span class='ocrx_word' id='word_1_310' title='bbox 773 1362 883 1393; x_wconf 85' lang='lat' dir='ltr'>primum</span> <span class='ocrx_word' id='word_1_311' title='bbox 912 1361 1012 1386; x_wconf 80' lang='lat' dir='ltr'>faciunt</span> <span class='ocrx_word' id='word_1_312' title='bbox 1035 1362 1110 1385; x_wconf 83' lang='lat' dir='ltr'>Anti—</span> 
     </span>
     <span class='ocr_line' id='line_1_35' title="bbox 126 1394 1108 1428; baseline -0.002 -7"><span class='ocrx_word' id='word_1_313' title='bbox 126 1395 268 1428; x_wconf 72' lang='lat' dir='ltr'>stmphon,</span> <span class='ocrx_word' id='word_1_314' title='bbox 292 1396 376 1420; x_wconf 84' lang='lat' dir='ltr'>Multo</span> <span class='ocrx_word' id='word_1_315' title='bbox 401 1396 500 1427; x_wconf 78' lang='lat' dir='ltr'>magis,</span> <span class='ocrx_word' id='word_1_316' title='bbox 527 1397 662 1427; x_wconf 84' lang='lat' dir='ltr'>inquiunt,</span> <span class='ocrx_word' id='word_1_317' title='bbox 690 1397 742 1420; x_wconf 89' lang='lat' dir='ltr'>dici</span> <span class='ocrx_word' id='word_1_318' title='bbox 766 1399 867 1427; x_wconf 81' lang='lat' dir='ltr'>potest,</span> <span class='ocrx_word' id='word_1_319' title='bbox 889 1394 918 1419; x_wconf 87' lang='lat' dir='ltr'>Si</span> <span class='ocrx_word' id='word_1_320' title='bbox 945 1395 1108 1419; x_wconf 85' lang='lat' dir='ltr'>credideritis</span> 
     </span>
     <span class='ocr_line' id='line_1_36' title="bbox 126 1429 1109 1461; baseline -0.002 -6"><span class='ocrx_word' id='word_1_321' title='bbox 126 1431 228 1461; x_wconf 88' lang='lat' dir='ltr'>omnia,</span> <span class='ocrx_word' id='word_1_322' title='bbox 252 1431 342 1461; x_wconf 88' lang='lat' dir='ltr'>dicite,</span> <span class='ocrx_word' id='word_1_323' title='bbox 366 1431 435 1455; x_wconf 91' lang='lat' dir='ltr'>serui</span> <span class='ocrx_word' id='word_1_324' title='bbox 453 1430 557 1454; x_wconf 88' lang='lat' dir='ltr'>inutiles</span> <span class='ocrx_word' id='word_1_325' title='bbox 576 1437 672 1454; x_wconf 77' lang='lat' dir='ltr'>sumus.</span> <span class='ocrx_word' id='word_1_326' title='bbox 708 1430 812 1454; x_wconf 82' lang='lat' dir='ltr'>Deinde</span> <span class='ocrx_word' id='word_1_327' title='bbox 835 1429 949 1459; x_wconf 80' lang='lat' dir='ltr'>addunt,</span> <span class='ocrx_word' id='word_1_328' title='bbox 973 1436 1052 1461; x_wconf 85' lang='lat' dir='ltr'>opera</span> <span class='ocrx_word' id='word_1_329' title='bbox 1069 1430 1109 1453; x_wconf 89' lang='lat' dir='ltr'>in-</span> 
     </span>
     <span class='ocr_line' id='line_1_37' title="bbox 124 1463 1110 1495; baseline -0.001 -7"><span class='ocrx_word' id='word_1_330' title='bbox 124 1465 200 1490; x_wconf 80' lang='lat' dir='ltr'>utilia</span> <span class='ocrx_word' id='word_1_331' title='bbox 213 1471 269 1489; x_wconf 85' lang='lat' dir='ltr'>esse</span> <span class='ocrx_word' id='word_1_332' title='bbox 280 1464 347 1494; x_wconf 91' lang='lat' dir='ltr'>Deo,</span> <span class='ocrx_word' id='word_1_333' title='bbox 359 1465 434 1489; x_wconf 86' lang='lat' dir='ltr'>nobis</span> <span class='ocrx_word' id='word_1_334' title='bbox 447 1472 511 1488; x_wconf 88' lang='lat' dir='ltr'>uero</span> <span class='ocrx_word' id='word_1_335' title='bbox 521 1471 574 1489; x_wconf 88' lang='lat' dir='ltr'>nou</span> <span class='ocrx_word' id='word_1_336' title='bbox 588 1471 644 1488; x_wconf 88' lang='lat' dir='ltr'>esse</span> <span class='ocrx_word' id='word_1_337' title='bbox 662 1465 771 1488; x_wconf 85' lang='lat' dir='ltr'>inutilia.</span> <span class='ocrx_word' id='word_1_338' title='bbox 798 1463 894 1488; x_wconf 87' lang='lat' dir='ltr'>Videte</span> <span class='ocrx_word' id='word_1_339' title='bbox 912 1471 988 1495; x_wconf 85' lang='lat' dir='ltr'>quam</span> <span class='ocrx_word' id='word_1_340' title='bbox 999 1464 1110 1488; x_wconf 87' lang='lat' dir='ltr'>delectet</span> 
     </span>
     <span class='ocr_line' id='line_1_38' title="bbox 124 1498 1109 1531; baseline -0.003 -7"><span class='ocrx_word' id='word_1_341' title='bbox 124 1499 290 1524; x_wconf 67' lang='lat' dir='ltr'>aduersarios</span> <span class='ocrx_word' id='word_1_342' title='bbox 301 1500 401 1531; x_wconf 80' lang='lat' dir='ltr'>puerile</span> <span class='ocrx_word' id='word_1_343' title='bbox 410 1499 523 1523; x_wconf 82' lang='lat' dir='ltr'>studium</span> <span class='ocrx_word' id='word_1_344' title='bbox 537 1498 706 1530; x_wconf 85' lang='lat' dir='ltr'>Sophistices.</span> <span class='ocrx_word' id='word_1_345' title='bbox 729 1498 767 1522; x_wconf 87' lang='lat' dir='ltr'>Et</span> <span class='ocrx_word' id='word_1_346' title='bbox 777 1505 923 1530; x_wconf 74' lang='lat' dir='ltr'>quanquam</span> <span class='ocrx_word' id='word_1_347' title='bbox 934 1498 984 1522; x_wconf 83' lang='lat' dir='ltr'>hae</span> <span class='ocrx_word' id='word_1_348' title='bbox 995 1498 1109 1529; x_wconf 79' lang='lat' dir='ltr'>ineptiae</span> 
     </span>
     <span class='ocr_line' id='line_1_39' title="bbox 125 1532 1040 1565; baseline -0.003 -6"><span class='ocrx_word' id='word_1_349' title='bbox 125 1534 252 1565; x_wconf 79' lang='lat' dir='ltr'>indiguae</span> <span class='ocrx_word' id='word_1_350' title='bbox 273 1534 325 1558; x_wconf 88' lang='lat' dir='ltr'>sint</span> <span class='ocrx_word' id='word_1_351' title='bbox 347 1541 412 1565; x_wconf 84' lang='lat' dir='ltr'>quae</span> <span class='ocrx_word' id='word_1_352' title='bbox 434 1534 589 1563; x_wconf 76' lang='lat' dir='ltr'>refutentur,</span> <span class='ocrx_word' id='word_1_353' title='bbox 607 1538 692 1557; x_wconf 84' lang='lat' dir='ltr'>tamen</span> <span class='ocrx_word' id='word_1_354' title='bbox 710 1533 799 1565; x_wconf 81' lang='lat' dir='ltr'>paucis</span> <span class='ocrx_word' id='word_1_355' title='bbox 817 1532 1040 1564; x_wconf 80' lang='lat' dir='ltr'>respondebimus.</span> 
     </span>
    </p>

    <p class='ocr_par' dir='ltr' id='par_1_4' title="bbox 123 1566 1109 2044">
     <span class='ocr_line' id='line_1_40' title="bbox 194 1566 1108 1599; baseline -0.002 -7"><span class='ocrx_word' id='word_1_356' title='bbox 194 1568 383 1599; x_wconf 74' lang='lat' dir='ltr'>Antistrephon</span> <span class='ocrx_word' id='word_1_357' title='bbox 409 1572 448 1591; x_wconf 89' lang='lat' dir='ltr'>est</span> <span class='ocrx_word' id='word_1_358' title='bbox 471 1568 613 1598; x_wconf 88' lang='lat' dir='ltr'>niciosum‚</span> <span class='ocrx_word' id='word_1_359' title='bbox 640 1568 703 1599; x_wconf 84' lang='lat' dir='ltr'>quia</span> <span class='ocrx_word' id='word_1_360' title='bbox 727 1567 888 1599; x_wconf 89' lang='lat' dir='ltr'>decipiuntur</span> <span class='ocrx_word' id='word_1_361' title='bbox 910 1566 1053 1597; x_wconf 69' lang='lat' dir='ltr'>aduersarii</span> <span class='ocrx_word' id='word_1_362' title='bbox 1081 1567 1108 1590; x_wconf 89' lang='lat' dir='ltr'>in</span> 
     </span>
     <span class='ocr_line' id='line_1_41' title="bbox 124 1601 1108 1633; baseline -0.003 -6"><span class='ocrx_word' id='word_1_363' title='bbox 124 1602 254 1627; x_wconf 86' lang='lat' dir='ltr'>uocabulo</span> <span class='ocrx_word' id='word_1_364' title='bbox 271 1602 341 1632; x_wconf 83' lang='lat' dir='ltr'>fidei,</span> <span class='ocrx_word' id='word_1_365' title='bbox 359 1602 427 1633; x_wconf 88' lang='lat' dir='ltr'>quod</span> <span class='ocrx_word' id='word_1_366' title='bbox 447 1603 470 1626; x_wconf 89' lang='lat' dir='ltr'>si</span> <span class='ocrx_word' id='word_1_367' title='bbox 487 1601 647 1633; x_wconf 75' lang='lat' dir='ltr'>significaret</span> <span class='ocrx_word' id='word_1_368' title='bbox 663 1602 788 1625; x_wconf 77' lang='lat' dir='ltr'>not-iciam</span> <span class='ocrx_word' id='word_1_369' title='bbox 806 1601 948 1631; x_wconf 79' lang='lat' dir='ltr'>historiae,</span> <span class='ocrx_word' id='word_1_370' title='bbox 967 1604 1012 1625; x_wconf 89' lang='lat' dir='ltr'>aut</span> <span class='ocrx_word' id='word_1_371' title='bbox 1030 1601 1050 1624; x_wconf 91' lang='lat' dir='ltr'>si</span> <span class='ocrx_word' id='word_1_372' title='bbox 1069 1601 1108 1625; x_wconf 90' lang='lat' dir='ltr'>di-</span> 
     </span>
     <span class='ocr_line' id='line_1_42' title="bbox 126 1634 1109 1668; baseline -0.001 -8"><span class='ocrx_word' id='word_1_373' title='bbox 126 1643 255 1665; x_wconf 84' lang='lat' dir='ltr'>ceremus,</span> <span class='ocrx_word' id='word_1_374' title='bbox 279 1636 349 1668; x_wconf 89' lang='lat' dir='ltr'>quod</span> <span class='ocrx_word' id='word_1_375' title='bbox 365 1636 430 1660; x_wconf 79' lang='lat' dir='ltr'>fides</span> <span class='ocrx_word' id='word_1_376' title='bbox 453 1640 560 1667; x_wconf 86' lang='lat' dir='ltr'>propter</span> <span class='ocrx_word' id='word_1_377' title='bbox 582 1643 655 1659; x_wconf 86' lang='lat' dir='ltr'>suam</span> <span class='ocrx_word' id='word_1_378' title='bbox 679 1636 834 1666; x_wconf 81' lang='lat' dir='ltr'>dignitatem</span> <span class='ocrx_word' id='word_1_379' title='bbox 857 1636 986 1666; x_wconf 80' lang='lat' dir='ltr'>saluaret,</span> <span class='ocrx_word' id='word_1_380' title='bbox 1006 1634 1109 1659; x_wconf 78' lang='lat' dir='ltr'>ualeret</span> 
     </span>
     <span class='ocr_line' id='line_1_43' title="bbox 126 1669 1107 1702; baseline -0.002 -7"><span class='ocrx_word' id='word_1_381' title='bbox 126 1670 283 1702; x_wconf 74' lang='lat' dir='ltr'>similitudo,</span> <span class='ocrx_word' id='word_1_382' title='bbox 306 1670 387 1694; x_wconf 87' lang='lat' dir='ltr'>multo</span> <span class='ocrx_word' id='word_1_383' title='bbox 410 1671 493 1701; x_wconf 79' lang='lat' dir='ltr'>magis</span> <span class='ocrx_word' id='word_1_384' title='bbox 518 1677 567 1694; x_wconf 89' lang='lat' dir='ltr'>nos</span> <span class='ocrx_word' id='word_1_385' title='bbox 585 1676 674 1701; x_wconf 84' lang='lat' dir='ltr'>seruos</span> <span class='ocrx_word' id='word_1_386' title='bbox 699 1670 804 1694; x_wconf 89' lang='lat' dir='ltr'>inutiles</span> <span class='ocrx_word' id='word_1_387' title='bbox 823 1677 894 1698; x_wconf 85' lang='lat' dir='ltr'>esse,</span> <span class='ocrx_word' id='word_1_388' title='bbox 918 1670 941 1693; x_wconf 89' lang='lat' dir='ltr'>si</span> <span class='ocrx_word' id='word_1_389' title='bbox 964 1669 1107 1693; x_wconf 88' lang='lat' dir='ltr'>credideri-</span> 
     </span>
     <span class='ocr_line' id='line_1_44' title="bbox 124 1703 1107 1737; baseline -0.003 -7"><span class='ocrx_word' id='word_1_390' title='bbox 124 1712 190 1730; x_wconf 87' lang='lat' dir='ltr'>mus.</span> <span class='ocrx_word' id='word_1_391' title='bbox 218 1704 273 1730; x_wconf 79' lang='lat' dir='ltr'>sed</span> <span class='ocrx_word' id='word_1_392' title='bbox 290 1711 337 1728; x_wconf 87' lang='lat' dir='ltr'>uos</span> <span class='ocrx_word' id='word_1_393' title='bbox 354 1705 485 1737; x_wconf 86' lang='lat' dir='ltr'>loquimur</span> <span class='ocrx_word' id='word_1_394' title='bbox 503 1704 535 1728; x_wconf 83' lang='lat' dir='ltr'>de</span> <span class='ocrx_word' id='word_1_395' title='bbox 553 1703 649 1728; x_wconf 79' lang='lat' dir='ltr'>fidncia</span> <span class='ocrx_word' id='word_1_396' title='bbox 670 1705 850 1735; x_wconf 77' lang='lat' dir='ltr'>promissionis</span> <span class='ocrx_word' id='word_1_397' title='bbox 869 1706 895 1727; x_wconf 88' lang='lat' dir='ltr'>et</span> <span class='ocrx_word' id='word_1_398' title='bbox 911 1703 1107 1728; x_wconf 77' lang='lat' dir='ltr'>misericordiae</span> 
     </span>
     <span class='ocr_line' id='line_1_45' title="bbox 124 1737 1106 1763; baseline -0.001 0"><span class='ocrx_word' id='word_1_399' title='bbox 124 1739 187 1763; x_wconf 88' lang='lat' dir='ltr'>Dei.</span> <span class='ocrx_word' id='word_1_400' title='bbox 217 1738 253 1762; x_wconf 87' lang='lat' dir='ltr'>Et</span> <span class='ocrx_word' id='word_1_401' title='bbox 269 1739 335 1762; x_wconf 79' lang='lat' dir='ltr'>haec</span> <span class='ocrx_word' id='word_1_402' title='bbox 352 1739 448 1763; x_wconf 83' lang='lat' dir='ltr'>fiducia</span> <span class='ocrx_word' id='word_1_403' title='bbox 464 1739 560 1763; x_wconf 78' lang='lat' dir='ltr'>fatetur</span> <span class='ocrx_word' id='word_1_404' title='bbox 577 1745 625 1762; x_wconf 88' lang='lat' dir='ltr'>nos</span> <span class='ocrx_word' id='word_1_405' title='bbox 645 1745 700 1762; x_wconf 85' lang='lat' dir='ltr'>esse</span> <span class='ocrx_word' id='word_1_406' title='bbox 718 1745 808 1762; x_wconf 88' lang='lat' dir='ltr'>seruos</span> <span class='ocrx_word' id='word_1_407' title='bbox 826 1738 940 1763; x_wconf 84' lang='lat' dir='ltr'>inutiles.</span> <span class='ocrx_word' id='word_1_408' title='bbox 966 1738 1022 1762; x_wconf 69' lang='lat' dir='ltr'>Iino</span> <span class='ocrx_word' id='word_1_409' title='bbox 1040 1737 1106 1762; x_wconf 85' lang='lat' dir='ltr'>haec</span> 
     </span>
     <span class='ocr_line' id='line_1_46' title="bbox 125 1773 1106 1805; baseline -0.001 -8"><span class='ocrx_word' id='word_1_410' title='bbox 125 1776 165 1798; x_wconf 87' lang='lat' dir='ltr'>est</span> <span class='ocrx_word' id='word_1_411' title='bbox 181 1777 245 1797; x_wconf 82' lang='lat' dir='ltr'>uera</span> <span class='ocrx_word' id='word_1_412' title='bbox 263 1780 316 1797; x_wconf 89' lang='lat' dir='ltr'>uox</span> <span class='ocrx_word' id='word_1_413' title='bbox 334 1773 408 1802; x_wconf 84' lang='lat' dir='ltr'>fidei,</span> <span class='ocrx_word' id='word_1_414' title='bbox 427 1773 496 1804; x_wconf 86' lang='lat' dir='ltr'>quod</span> <span class='ocrx_word' id='word_1_415' title='bbox 515 1779 596 1805; x_wconf 83' lang='lat' dir='ltr'>opera</span> <span class='ocrx_word' id='word_1_416' title='bbox 613 1776 704 1797; x_wconf 78' lang='lat' dir='ltr'>nostra</span> <span class='ocrx_word' id='word_1_417' title='bbox 721 1773 773 1797; x_wconf 90' lang='lat' dir='ltr'>sint</span> <span class='ocrx_word' id='word_1_418' title='bbox 790 1773 911 1803; x_wconf 82' lang='lat' dir='ltr'>indigna,</span> <span class='ocrx_word' id='word_1_419' title='bbox 936 1773 1007 1803; x_wconf 90' lang='lat' dir='ltr'>quod</span> <span class='ocrx_word' id='word_1_420' title='bbox 1025 1773 1106 1796; x_wconf 90' lang='lat' dir='ltr'>simus</span> 
     </span>
     <span class='ocr_line' id='line_1_47' title="bbox 124 1806 1107 1839; baseline -0.002 -7"><span class='ocrx_word' id='word_1_421' title='bbox 124 1808 194 1832; x_wconf 76' lang='lat' dir='ltr'>serui</span> <span class='ocrx_word' id='word_1_422' title='bbox 213 1807 324 1832; x_wconf 68' lang='lat' dir='ltr'>inutile-⁴³.</span> <span class='ocrx_word' id='word_1_423' title='bbox 360 1807 395 1831; x_wconf 84' lang='lat' dir='ltr'>Et</span> <span class='ocrx_word' id='word_1_424' title='bbox 413 1807 446 1831; x_wconf 90' lang='lat' dir='ltr'>ob</span> <span class='ocrx_word' id='word_1_425' title='bbox 466 1807 534 1831; x_wconf 85' lang='lat' dir='ltr'>hanc</span> <span class='ocrx_word' id='word_1_426' title='bbox 551 1814 629 1830; x_wconf 89' lang='lat' dir='ltr'>unam</span> <span class='ocrx_word' id='word_1_427' title='bbox 648 1814 764 1835; x_wconf 81' lang='lat' dir='ltr'>causam¹</span> <span class='ocrx_word' id='word_1_428' title='bbox 793 1807 824 1830; x_wconf 86' lang='lat' dir='ltr'>de</span> <span class='ocrx_word' id='word_1_429' title='bbox 842 1806 894 1831; x_wconf 81' lang='lat' dir='ltr'>fide</span> <span class='ocrx_word' id='word_1_430' title='bbox 911 1806 1057 1839; x_wconf 87' lang='lat' dir='ltr'>loquimur,</span> <span class='ocrx_word' id='word_1_431' title='bbox 1081 1810 1107 1830; x_wconf 89' lang='lat' dir='ltr'>et</span> 
     </span>
     <span class='ocr_line' id='line_1_48' title="bbox 124 1841 1106 1875; baseline -0.002 -9"><span class='ocrx_word' id='word_1_432' title='bbox 124 1843 271 1875; x_wconf 75' lang='lat' dir='ltr'>quaerimus</span> <span class='ocrx_word' id='word_1_433' title='bbox 290 1841 506 1871; x_wconf 82' lang='lat' dir='ltr'>miscricordiam,</span> <span class='ocrx_word' id='word_1_434' title='bbox 530 1842 591 1873; x_wconf 89' lang='lat' dir='ltr'>quia</span> <span class='ocrx_word' id='word_1_435' title='bbox 614 1842 777 1872; x_wconf 82' lang='lat' dir='ltr'>agnoscimus</span> <span class='ocrx_word' id='word_1_436' title='bbox 801 1848 850 1865; x_wconf 87' lang='lat' dir='ltr'>nos</span> <span class='ocrx_word' id='word_1_437' title='bbox 875 1848 931 1864; x_wconf 82' lang='lat' dir='ltr'>esse</span> <span class='ocrx_word' id='word_1_438' title='bbox 954 1848 1045 1865; x_wconf 79' lang='lat' dir='ltr'>seruos</span> <span class='ocrx_word' id='word_1_439' title='bbox 1068 1841 1106 1864; x_wconf 89' lang='lat' dir='ltr'>in-</span> 
     </span>
     <span class='ocr_line' id='line_1_49' title="bbox 123 1875 1107 1907; baseline -0.001 -7"><span class='ocrx_word' id='word_1_440' title='bbox 123 1877 210 1901; x_wconf 83' lang='lat' dir='ltr'>utiles.</span> <span class='ocrx_word' id='word_1_441' title='bbox 247 1875 324 1900; x_wconf 72' lang='lat' dir='ltr'>Fides</span> <span class='ocrx_word' id='word_1_442' title='bbox 343 1876 410 1900; x_wconf 91' lang='lat' dir='ltr'>enim</span> <span class='ocrx_word' id='word_1_443' title='bbox 427 1876 488 1900; x_wconf 89' lang='lat' dir='ltr'>ideo</span> <span class='ocrx_word' id='word_1_444' title='bbox 507 1877 600 1905; x_wconf 51' lang='lat' dir='ltr'>salax,</span> <span class='ocrx_word' id='word_1_445' title='bbox 619 1876 679 1907; x_wconf 87' lang='lat' dir='ltr'>qnia</span> <span class='ocrx_word' id='word_1_446' title='bbox 697 1875 868 1907; x_wconf 76' lang='lat' dir='ltr'>apprehendit</span> <span class='ocrx_word' id='word_1_447' title='bbox 891 1875 1107 1905; x_wconf 85' lang='lat' dir='ltr'>misericordiam,</span> 
     </span>
     <span class='ocr_line' id='line_1_50' title="bbox 125 1909 1106 1942; baseline -0.002 -7"><span class='ocrx_word' id='word_1_448' title='bbox 125 1917 173 1935; x_wconf 71' lang='lat' dir='ltr'>seu</span> <span class='ocrx_word' id='word_1_449' title='bbox 194 1911 395 1942; x_wconf 86' lang='lat' dir='ltr'>promissionem</span> <span class='ocrx_word' id='word_1_450' title='bbox 418 1911 531 1941; x_wconf 83' lang='lat' dir='ltr'>gratiae,</span> <span class='ocrx_word' id='word_1_451' title='bbox 554 1911 633 1934; x_wconf 87' lang='lat' dir='ltr'>etiam</span> <span class='ocrx_word' id='word_1_452' title='bbox 656 1910 677 1933; x_wconf 90' lang='lat' dir='ltr'>si</span> <span class='ocrx_word' id='word_1_453' title='bbox 705 1917 785 1941; x_wconf 85' lang='lat' dir='ltr'>opera</span> <span class='ocrx_word' id='word_1_454' title='bbox 806 1913 897 1934; x_wconf 88' lang='lat' dir='ltr'>nostra</span> <span class='ocrx_word' id='word_1_455' title='bbox 914 1915 973 1934; x_wconf 91' lang='lat' dir='ltr'>sunt</span> <span class='ocrx_word' id='word_1_456' title='bbox 990 1909 1106 1940; x_wconf 83' lang='lat' dir='ltr'>indigna.</span> 
     </span>
     <span class='ocr_line' id='line_1_51' title="bbox 124 1943 1108 1975; baseline -0.001 -6"><span class='ocrx_word' id='word_1_457' title='bbox 124 1945 159 1969; x_wconf 87' lang='lat' dir='ltr'>Et</span> <span class='ocrx_word' id='word_1_458' title='bbox 177 1946 203 1968; x_wconf 91' lang='lat' dir='ltr'>iu</span> <span class='ocrx_word' id='word_1_459' title='bbox 222 1943 291 1968; x_wconf 87' lang='lat' dir='ltr'>hanc</span> <span class='ocrx_word' id='word_1_460' title='bbox 309 1945 474 1975; x_wconf 83' lang='lat' dir='ltr'>sentenciam,</span> <span class='ocrx_word' id='word_1_461' title='bbox 493 1944 558 1968; x_wconf 86' lang='lat' dir='ltr'>nihil</span> <span class='ocrx_word' id='word_1_462' title='bbox 577 1944 642 1968; x_wconf 84' lang='lat' dir='ltr'>ledit</span> <span class='ocrx_word' id='word_1_463' title='bbox 665 1951 712 1968; x_wconf 88' lang='lat' dir='ltr'>nos</span> <span class='ocrx_word' id='word_1_464' title='bbox 731 1944 930 1975; x_wconf 84' lang='lat' dir='ltr'>Antistrephon.</span> <span class='ocrx_word' id='word_1_465' title='bbox 967 1944 1034 1968; x_wconf 87' lang='lat' dir='ltr'>Cum</span> <span class='ocrx_word' id='word_1_466' title='bbox 1053 1951 1108 1968; x_wconf 86' lang='lat' dir='ltr'>cre-</span> 
     </span>
     <span class='ocr_line' id='line_1_52' title="bbox 125 1977 1107 2008; baseline -0.001 -5"><span class='ocrx_word' id='word_1_467' title='bbox 125 1979 246 2004; x_wconf 83' lang='lat' dir='ltr'>dideritis</span> <span class='ocrx_word' id='word_1_468' title='bbox 264 1979 366 2008; x_wconf 75' lang='lat' dir='ltr'>omnin,</span> <span class='ocrx_word' id='word_1_469' title='bbox 384 1977 479 2008; x_wconf 75' lang='lat' dir='ltr'>dicite,</span> <span class='ocrx_word' id='word_1_470' title='bbox 498 1979 567 2002; x_wconf 85' lang='lat' dir='ltr'>serui</span> <span class='ocrx_word' id='word_1_471' title='bbox 585 1979 691 2002; x_wconf 86' lang='lat' dir='ltr'>inutiles</span> <span class='ocrx_word' id='word_1_472' title='bbox 709 1985 804 2003; x_wconf 88' lang='lat' dir='ltr'>sumus.</span> <span class='ocrx_word' id='word_1_473' title='bbox 841 1978 921 2003; x_wconf 84' lang='lat' dir='ltr'>Recte</span> <span class='ocrx_word' id='word_1_474' title='bbox 945 1979 1054 2008; x_wconf 84' lang='lat' dir='ltr'>dicitur,</span> <span class='ocrx_word' id='word_1_475' title='bbox 1084 1979 1107 2002; x_wconf 92' lang='lat' dir='ltr'>si</span> 
     </span>
     <span class='ocr_line' id='line_1_53' title="bbox 124 2012 806 2044; baseline -0.001 -7"><span class='ocrx_word' id='word_1_476' title='bbox 124 2016 225 2038; x_wconf 71' lang='lat' dir='ltr'>tantum</span> <span class='ocrx_word' id='word_1_477' title='bbox 243 2013 406 2043; x_wconf 70' lang='lat' dir='ltr'>intelligatur</span> <span class='ocrx_word' id='word_1_478' title='bbox 424 2013 545 2044; x_wconf 84' lang='lat' dir='ltr'>operibus</span> <span class='ocrx_word' id='word_1_479' title='bbox 564 2013 666 2037; x_wconf 84' lang='lat' dir='ltr'>detrahi</span> <span class='ocrx_word' id='word_1_480' title='bbox 685 2012 806 2044; x_wconf 78' lang='lat' dir='ltr'>dignitas.</span> 
     </span>
    </p>

    <p class='ocr_par' dir='ltr' id='par_1_5' title="bbox 123 2046 1106 2524">
     <span class='ocr_line' id='line_1_54' title="bbox 194 2046 1106 2078; baseline -0.001 -7"><span class='ocrx_word' id='word_1_481' title='bbox 194 2046 248 2072; x_wconf 85' lang='lat' dir='ltr'>Sed</span> <span class='ocrx_word' id='word_1_482' title='bbox 266 2047 344 2071; x_wconf 87' lang='lat' dir='ltr'>sisic</span> <span class='ocrx_word' id='word_1_483' title='bbox 367 2047 542 2078; x_wconf 82' lang='lat' dir='ltr'>intelligatur,</span> <span class='ocrx_word' id='word_1_484' title='bbox 569 2047 640 2077; x_wconf 89' lang='lat' dir='ltr'>quod</span> <span class='ocrx_word' id='word_1_485' title='bbox 663 2047 741 2070; x_wconf 78' lang='lat' dir='ltr'>etiam</span> <span class='ocrx_word' id='word_1_486' title='bbox 761 2046 826 2071; x_wconf 84' lang='lat' dir='ltr'>fides</span> <span class='ocrx_word' id='word_1_487' title='bbox 849 2047 883 2071; x_wconf 91' lang='lat' dir='ltr'>sit</span> <span class='ocrx_word' id='word_1_488' title='bbox 908 2047 1024 2076; x_wconf 85' lang='lat' dir='ltr'>inutilis,</span> <span class='ocrx_word' id='word_1_489' title='bbox 1053 2053 1106 2071; x_wconf 93' lang='lat' dir='ltr'>non</span> 
     </span>
     <span class='ocr_line' id='line_1_55' title="bbox 124 2080 1106 2112; baseline -0.002 -6"><span class='ocrx_word' id='word_1_490' title='bbox 124 2082 197 2106; x_wconf 82' lang='lat' dir='ltr'>ualet</span> <span class='ocrx_word' id='word_1_491' title='bbox 214 2082 368 2111; x_wconf 79' lang='lat' dir='ltr'>similitudo,</span> <span class='ocrx_word' id='word_1_492' title='bbox 386 2081 451 2106; x_wconf 89' lang='lat' dir='ltr'>Cum</span> <span class='ocrx_word' id='word_1_493' title='bbox 469 2081 583 2106; x_wconf 79' lang='lat' dir='ltr'>feceritis</span> <span class='ocrx_word' id='word_1_494' title='bbox 601 2081 702 2110; x_wconf 86' lang='lat' dir='ltr'>omnia,</span> <span class='ocrx_word' id='word_1_495' title='bbox 720 2081 803 2105; x_wconf 87' lang='lat' dir='ltr'>nolite</span> <span class='ocrx_word' id='word_1_496' title='bbox 821 2081 951 2106; x_wconf 78' lang='lat' dir='ltr'>confidere</span> <span class='ocrx_word' id='word_1_497' title='bbox 976 2080 1106 2112; x_wconf 89' lang='lat' dir='ltr'>operibus.</span> 
     </span>
     <span class='ocr_line' id='line_1_56' title="bbox 123 2115 1105 2146; baseline 0 -7"><span class='ocrx_word' id='word_1_498' title='bbox 123 2115 165 2140; x_wconf 84' lang='lat' dir='ltr'>Ita</span> <span class='ocrx_word' id='word_1_499' title='bbox 184 2123 241 2139; x_wconf 88' lang='lat' dir='ltr'>cum</span> <span class='ocrx_word' id='word_1_500' title='bbox 259 2115 432 2145; x_wconf 79' lang='lat' dir='ltr'>credideritis,</span> <span class='ocrx_word' id='word_1_501' title='bbox 450 2115 530 2139; x_wconf 82' lang='lat' dir='ltr'>nolite</span> <span class='ocrx_word' id='word_1_502' title='bbox 549 2115 680 2139; x_wconf 81' lang='lat' dir='ltr'>confidere</span> <span class='ocrx_word' id='word_1_503' title='bbox 696 2116 868 2146; x_wconf 84' lang='lat' dir='ltr'>promissione</span> <span class='ocrx_word' id='word_1_504' title='bbox 886 2115 947 2145; x_wconf 89' lang='lat' dir='ltr'>Dei,</span> <span class='ocrx_word' id='word_1_505' title='bbox 963 2116 1036 2139; x_wconf 84' lang='lat' dir='ltr'>Haec</span> <span class='ocrx_word' id='word_1_506' title='bbox 1053 2122 1105 2139; x_wconf 92' lang='lat' dir='ltr'>non</span> 
     </span>
     <span class='ocr_line' id='line_1_57' title="bbox 126 2149 1105 2181; baseline -0.001 -7"><span class='ocrx_word' id='word_1_507' title='bbox 126 2150 258 2179; x_wconf 77' lang='lat' dir='ltr'>coherent,</span> <span class='ocrx_word' id='word_1_508' title='bbox 277 2154 338 2173; x_wconf 90' lang='lat' dir='ltr'>sunt</span> <span class='ocrx_word' id='word_1_509' title='bbox 356 2150 423 2173; x_wconf 80' lang='lat' dir='ltr'>enirn</span> <span class='ocrx_word' id='word_1_510' title='bbox 442 2149 624 2174; x_wconf 84' lang='lat' dir='ltr'>dissimillima.</span> <span class='ocrx_word' id='word_1_511' title='bbox 642 2150 664 2181; x_wconf 80' lang='lat' dir='ltr'>i)</span> <span class='ocrx_word' id='word_1_512' title='bbox 699 2149 846 2174; x_wconf 86' lang='lat' dir='ltr'>Dissimiles</span> <span class='ocrx_word' id='word_1_513' title='bbox 865 2157 974 2179; x_wconf 88' lang='lat' dir='ltr'>causae,</span> <span class='ocrx_word' id='word_1_514' title='bbox 994 2150 1105 2173; x_wconf 88' lang='lat' dir='ltr'>dissimi-</span> 
     </span>
     <span class='ocr_line' id='line_1_58' title="bbox 125 2184 1103 2215; baseline -0.001 -7"><span class='ocrx_word' id='word_1_515' title='bbox 125 2184 161 2208; x_wconf 85' lang='lat' dir='ltr'>lia</span> <span class='ocrx_word' id='word_1_516' title='bbox 178 2184 280 2208; x_wconf 80' lang='lat' dir='ltr'>obiecta</span> <span class='ocrx_word' id='word_1_517' title='bbox 297 2184 407 2208; x_wconf 83' lang='lat' dir='ltr'>fiduciae</span> <span class='ocrx_word' id='word_1_518' title='bbox 426 2188 486 2207; x_wconf 88' lang='lat' dir='ltr'>sunt</span> <span class='ocrx_word' id='word_1_519' title='bbox 503 2185 529 2208; x_wconf 92' lang='lat' dir='ltr'>in</span> <span class='ocrx_word' id='word_1_520' title='bbox 548 2184 637 2215; x_wconf 90' lang='lat' dir='ltr'>priore</span> <span class='ocrx_word' id='word_1_521' title='bbox 655 2184 843 2215; x_wconf 84' lang='lat' dir='ltr'>propositione,</span> <span class='ocrx_word' id='word_1_522' title='bbox 859 2188 884 2208; x_wconf 88' lang='lat' dir='ltr'>ct</span> <span class='ocrx_word' id='word_1_523' title='bbox 902 2184 930 2207; x_wconf 90' lang='lat' dir='ltr'>in</span> <span class='ocrx_word' id='word_1_524' title='bbox 948 2185 1103 2215; x_wconf 87' lang='lat' dir='ltr'>posteriore.</span> 
     </span>
     <span class='ocr_line' id='line_1_59' title="bbox 124 2218 1104 2250; baseline 0 -8"><span class='ocrx_word' id='word_1_525' title='bbox 124 2218 235 2244; x_wconf 64' lang='lat' dir='ltr'>Fiducia</span> <span class='ocrx_word' id='word_1_526' title='bbox 251 2219 277 2242; x_wconf 90' lang='lat' dir='ltr'>iu</span> <span class='ocrx_word' id='word_1_527' title='bbox 296 2219 382 2249; x_wconf 89' lang='lat' dir='ltr'>priore</span> <span class='ocrx_word' id='word_1_528' title='bbox 401 2222 440 2242; x_wconf 88' lang='lat' dir='ltr'>est</span> <span class='ocrx_word' id='word_1_529' title='bbox 458 2218 553 2242; x_wconf 84' lang='lat' dir='ltr'>fiducia</span> <span class='ocrx_word' id='word_1_530' title='bbox 570 2223 717 2242; x_wconf 86' lang='lat' dir='ltr'>nostrorum</span> <span class='ocrx_word' id='word_1_531' title='bbox 737 2225 852 2250; x_wconf 88' lang='lat' dir='ltr'>operum.</span> <span class='ocrx_word' id='word_1_532' title='bbox 887 2218 996 2242; x_wconf 84' lang='lat' dir='ltr'>Fiducia</span> <span class='ocrx_word' id='word_1_533' title='bbox 1014 2219 1040 2242; x_wconf 89' lang='lat' dir='ltr'>in</span> <span class='ocrx_word' id='word_1_534' title='bbox 1059 2225 1104 2249; x_wconf 90' lang='lat' dir='ltr'>po-</span> 
     </span>
     <span class='ocr_line' id='line_1_60' title="bbox 126 2251 1103 2283; baseline -0.001 -6"><span class='ocrx_word' id='word_1_535' title='bbox 126 2254 238 2277; x_wconf 84' lang='lat' dir='ltr'>steriore</span> <span class='ocrx_word' id='word_1_536' title='bbox 265 2257 305 2276; x_wconf 87' lang='lat' dir='ltr'>est</span> <span class='ocrx_word' id='word_1_537' title='bbox 331 2252 426 2276; x_wconf 85' lang='lat' dir='ltr'>fiducia</span> <span class='ocrx_word' id='word_1_538' title='bbox 449 2253 630 2283; x_wconf 84' lang='lat' dir='ltr'>promissionis</span> <span class='ocrx_word' id='word_1_539' title='bbox 655 2253 768 2276; x_wconf 78' lang='lat' dir='ltr'>diuinae.</span> <span class='ocrx_word' id='word_1_540' title='bbox 804 2251 919 2276; x_wconf 85' lang='lat' dir='ltr'>Christus</span> <span class='ocrx_word' id='word_1_541' title='bbox 947 2256 1031 2276; x_wconf 80' lang='lat' dir='ltr'>autem</span> <span class='ocrx_word' id='word_1_542' title='bbox 1059 2253 1103 2276; x_wconf 86' lang='lat' dir='ltr'>da-</span> 
     </span>
     <span class='ocr_line' id='line_1_61' title="bbox 125 2286 1104 2318; baseline -0.001 -7"><span class='ocrx_word' id='word_1_543' title='bbox 125 2291 198 2311; x_wconf 87' lang='lat' dir='ltr'>mnat</span> <span class='ocrx_word' id='word_1_544' title='bbox 220 2287 342 2312; x_wconf 82' lang='lat' dir='ltr'>fiduciam</span> <span class='ocrx_word' id='word_1_545' title='bbox 370 2290 518 2310; x_wconf 82' lang='lat' dir='ltr'>nostrorum</span> <span class='ocrx_word' id='word_1_546' title='bbox 546 2293 664 2318; x_wconf 87' lang='lat' dir='ltr'>operum,</span> <span class='ocrx_word' id='word_1_547' title='bbox 692 2294 745 2310; x_wconf 88' lang='lat' dir='ltr'>non</span> <span class='ocrx_word' id='word_1_548' title='bbox 771 2286 874 2310; x_wconf 85' lang='lat' dir='ltr'>damnat</span> <span class='ocrx_word' id='word_1_549' title='bbox 896 2286 1017 2311; x_wconf 68' lang='lat' dir='ltr'>fiduciam</span> <span class='ocrx_word' id='word_1_550' title='bbox 1044 2294 1104 2318; x_wconf 86' lang='lat' dir='ltr'>pro-</span> 
     </span>
     <span class='ocr_line' id='line_1_62' title="bbox 125 2320 1104 2351; baseline 0 -6"><span class='ocrx_word' id='word_1_551' title='bbox 125 2321 256 2345; x_wconf 84' lang='lat' dir='ltr'>missionis</span> <span class='ocrx_word' id='word_1_552' title='bbox 286 2328 357 2345; x_wconf 85' lang='lat' dir='ltr'>suae.</span> <span class='ocrx_word' id='word_1_553' title='bbox 398 2320 459 2345; x_wconf 87' lang='lat' dir='ltr'>Non</span> <span class='ocrx_word' id='word_1_554' title='bbox 488 2321 542 2344; x_wconf 92' lang='lat' dir='ltr'>uult</span> <span class='ocrx_word' id='word_1_555' title='bbox 563 2328 610 2344; x_wconf 90' lang='lat' dir='ltr'>nos</span> <span class='ocrx_word' id='word_1_556' title='bbox 636 2321 668 2344; x_wconf 88' lang='lat' dir='ltr'>de</span> <span class='ocrx_word' id='word_1_557' title='bbox 692 2321 777 2351; x_wconf 79' lang='lat' dir='ltr'>gratia</span> <span class='ocrx_word' id='word_1_558' title='bbox 803 2325 830 2344; x_wconf 88' lang='lat' dir='ltr'>et</span> <span class='ocrx_word' id='word_1_559' title='bbox 850 2321 1033 2345; x_wconf 86' lang='lat' dir='ltr'>misericordia</span> <span class='ocrx_word' id='word_1_560' title='bbox 1054 2321 1104 2345; x_wconf 90' lang='lat' dir='ltr'>Dei</span> 
     </span>
     <span class='ocr_line' id='line_1_63' title="bbox 126 2355 1106 2386; baseline 0 -7"><span class='ocrx_word' id='word_1_561' title='bbox 126 2356 274 2386; x_wconf 79' lang='lat' dir='ltr'>desperare.</span> <span class='ocrx_word' id='word_1_562' title='bbox 310 2355 407 2386; x_wconf 80' lang='lat' dir='ltr'>Arguit</span> <span class='ocrx_word' id='word_1_563' title='bbox 431 2362 510 2386; x_wconf 89' lang='lat' dir='ltr'>opera</span> <span class='ocrx_word' id='word_1_564' title='bbox 533 2359 625 2379; x_wconf 82' lang='lat' dir='ltr'>nostra</span> <span class='ocrx_word' id='word_1_565' title='bbox 647 2359 770 2386; x_wconf 79' lang='lat' dir='ltr'>tanquam</span> <span class='ocrx_word' id='word_1_566' title='bbox 796 2355 916 2386; x_wconf 83' lang='lat' dir='ltr'>indigna,</span> <span class='ocrx_word' id='word_1_567' title='bbox 939 2362 992 2379; x_wconf 87' lang='lat' dir='ltr'>non</span> <span class='ocrx_word' id='word_1_568' title='bbox 1019 2356 1106 2386; x_wconf 78' lang='lat' dir='ltr'>arguit</span> 
     </span>
     <span class='ocr_line' id='line_1_64' title="bbox 126 2389 1105 2422; baseline 0.001 -9"><span class='ocrx_word' id='word_1_569' title='bbox 126 2390 321 2422; x_wconf 80' lang='lat' dir='ltr'>promissionem</span> <span class='ocrx_word' id='word_1_570' title='bbox 339 2396 406 2421; x_wconf 84' lang='lat' dir='ltr'>quae</span> <span class='ocrx_word' id='word_1_571' title='bbox 425 2391 504 2420; x_wconf 86' lang='lat' dir='ltr'>gratis</span> <span class='ocrx_word' id='word_1_572' title='bbox 523 2389 598 2412; x_wconf 76' lang='lat' dir='ltr'>offert</span> <span class='ocrx_word' id='word_1_573' title='bbox 616 2389 829 2413; x_wconf 81' lang='lat' dir='ltr'>misericordiam.</span> <span class='ocrx_word' id='word_1_574' title='bbox 862 2390 896 2413; x_wconf 86' lang='lat' dir='ltr'>Et</span> <span class='ocrx_word' id='word_1_575' title='bbox 914 2390 1045 2420; x_wconf 81' lang='lat' dir='ltr'>praeclare</span> <span class='ocrx_word' id='word_1_576' title='bbox 1063 2390 1105 2414; x_wconf 88' lang='lat' dir='ltr'>hic</span> 
     </span>
     <span class='ocr_line' id='line_1_65' title="bbox 126 2423 1105 2454; baseline 0 -6"><span class='ocrx_word' id='word_1_577' title='bbox 126 2424 212 2454; x_wconf 87' lang='lat' dir='ltr'>inquit</span> <span class='ocrx_word' id='word_1_578' title='bbox 232 2423 402 2453; x_wconf 81' lang='lat' dir='ltr'>Ambrosius,</span> <span class='ocrx_word' id='word_1_579' title='bbox 429 2423 605 2454; x_wconf 82' lang='lat' dir='ltr'>Agnoscenda</span> <span class='ocrx_word' id='word_1_580' title='bbox 631 2428 668 2447; x_wconf 82' lang='lat' dir='ltr'>est</span> <span class='ocrx_word' id='word_1_581' title='bbox 693 2424 792 2454; x_wconf 84' lang='lat' dir='ltr'>gratia,</span> <span class='ocrx_word' id='word_1_582' title='bbox 816 2424 862 2447; x_wconf 83' lang='lat' dir='ltr'>sed</span> <span class='ocrx_word' id='word_1_583' title='bbox 886 2431 937 2447; x_wconf 93' lang='lat' dir='ltr'>non</span> <span class='ocrx_word' id='word_1_584' title='bbox 957 2424 1105 2454; x_wconf 71' lang='lat' dir='ltr'>ignoranda</span> 
     </span>
     <span class='ocr_line' id='line_1_66' title="bbox 127 2457 1104 2489; baseline 0 -7"><span class='ocrx_word' id='word_1_585' title='bbox 127 2463 227 2482; x_wconf 85' lang='lat' dir='ltr'>natura.</span> <span class='ocrx_word' id='word_1_586' title='bbox 264 2457 434 2481; x_wconf 82' lang='lat' dir='ltr'>Promissioni</span> <span class='ocrx_word' id='word_1_587' title='bbox 453 2458 553 2489; x_wconf 84' lang='lat' dir='ltr'>gratiae</span> <span class='ocrx_word' id='word_1_588' title='bbox 572 2458 750 2481; x_wconf 80' lang='lat' dir='ltr'>confidendum</span> <span class='ocrx_word' id='word_1_589' title='bbox 775 2462 827 2487; x_wconf 87' lang='lat' dir='ltr'>est,</span> <span class='ocrx_word' id='word_1_590' title='bbox 851 2465 905 2482; x_wconf 90' lang='lat' dir='ltr'>nou</span> <span class='ocrx_word' id='word_1_591' title='bbox 928 2462 1036 2482; x_wconf 85' lang='lat' dir='ltr'>naturae</span> <span class='ocrx_word' id='word_1_592' title='bbox 1058 2465 1104 2482; x_wconf 89' lang='lat' dir='ltr'>no-</span> 
     </span>
     <span class='ocr_line' id='line_1_67' title="bbox 127 2491 1106 2524; baseline 0 -8"><span class='ocrx_word' id='word_1_593' title='bbox 127 2496 202 2517; x_wconf 81' lang='lat' dir='ltr'>strae.</span> <span class='ocrx_word' id='word_1_594' title='bbox 240 2491 292 2516; x_wconf 86' lang='lat' dir='ltr'>Sed</span> <span class='ocrx_word' id='word_1_595' title='bbox 319 2492 460 2524; x_wconf 82' lang='lat' dir='ltr'>aduersarij</span> <span class='ocrx_word' id='word_1_596' title='bbox 490 2499 537 2516; x_wconf 87' lang='lat' dir='ltr'>sno</span> <span class='ocrx_word' id='word_1_597' title='bbox 568 2499 640 2516; x_wconf 90' lang='lat' dir='ltr'>more</span> <span class='ocrx_word' id='word_1_598' title='bbox 663 2492 776 2521; x_wconf 84' lang='lat' dir='ltr'>faciunt,</span> <span class='ocrx_word' id='word_1_599' title='bbox 806 2491 920 2517; x_wconf 70' lang='lat' dir='ltr'>Sceiesoe</span> <span class='ocrx_word' id='word_1_600' title='bbox 949 2492 1106 2524; x_wconf 82' lang='lat' dir='ltr'>detorquent</span> 
     </span>
    </p>
   </div>
   <div class='ocr_carea' id='block_1_3' title="bbox 152 2626 671 2660">
    <p class='ocr_par' dir='ltr' id='par_1_6' title="bbox 152 2626 671 2660">
     <span class='ocr_line' id='line_1_68' title="bbox 152 2626 671 2660; baseline -0.002 -7"><span class='ocrx_word' id='word_1_601' title='bbox 152 2628 176 2660; x_wconf 84' lang='lat' dir='ltr'>i)</span> <span class='ocrx_word' id='word_1_602' title='bbox 195 2626 386 2660; x_wconf 65' lang='lat' dir='ltr'>dissimillima]</span> <span class='ocrx_word' id='word_1_603' title='bbox 403 2628 452 2652; x_wconf 80' lang='lat' dir='ltr'>Ed.</span> <span class='ocrx_word' id='word_1_604' title='bbox 472 2629 511 2653; x_wconf 74' lang='lat'>4.:</span> <span class='ocrx_word' id='word_1_605' title='bbox 530 2628 671 2653; x_wconf 81' lang='lat' dir='ltr'>dissimilia.</span> 
     </span>
    </p>
   </div>
   <div class='ocr_carea' id='block_1_4' title="bbox 563 172 1800 208">
    <p class='ocr_par' dir='ltr' id='par_1_7' title="bbox 563 172 1800 208">
     <span class='ocr_line' id='line_1_69' title="bbox 563 172 1800 208; baseline 0.002 -2"><span class='ocrx_word' id='word_1_606' title='bbox 563 173 803 207; x_wconf 80' lang='lat' dir='ltr'><strong>·APOLOG1A</strong></span> <span class='ocrx_word' id='word_1_607' title='bbox 826 172 1142 207; x_wconf 82' lang='lat' dir='ltr'><strong>CONFESSIONIS</strong></span> <span class='ocrx_word' id='word_1_608' title='bbox 1163 173 1481 208; x_wconf 78' lang='lat' dir='ltr'>AUGUSTANAE.</span> <span class='ocrx_word' id='word_1_609' title='bbox 1524 174 1564 206; x_wconf 91' lang='lat' dir='ltr'>B.</span> <span class='ocrx_word' id='word_1_610' title='bbox 1609 174 1800 208; x_wconf 80' lang='lat' dir='ltr'><strong>ALTERA.</strong></span> 
     </span>
    </p>
   </div>
   <div class='ocr_carea' id='block_1_5' title="bbox 2078 179 2147 211">
    <p class='ocr_par' dir='ltr' id='par_1_8' title="bbox 2078 179 2147 211">
     <span class='ocr_line' id='line_1_70' title="bbox 2078 179 2147 211; baseline 0 0"><span class='ocrx_word' id='word_1_611' title='bbox 2078 179 2147 211; x_wconf 71' lang='lat'>522</span> 
     </span>
    </p>
   </div>
   <div class='ocr_carea' id='block_1_6' title="bbox 1155 269 2143 2427">
    <p class='ocr_par' dir='ltr' id='par_1_9' title="bbox 1162 269 2143 676">
     <span class='ocr_line' id='line_1_71' title="bbox 1167 269 2142 301; baseline 0.006 -9"><span class='ocrx_word' id='word_1_612' title='bbox 1167 269 1312 292; x_wconf 83' lang='lat' dir='ltr'>sentencias</span> <span class='ocrx_word' id='word_1_613' title='bbox 1330 276 1377 301; x_wconf 92' lang='lat' dir='ltr'>pro</span> <span class='ocrx_word' id='word_1_614' title='bbox 1395 269 1447 294; x_wconf 87' lang='lat' dir='ltr'>fide</span> <span class='ocrx_word' id='word_1_615' title='bbox 1465 270 1589 301; x_wconf 76' lang='lat' dir='ltr'>traditas,</span> <span class='ocrx_word' id='word_1_616' title='bbox 1612 274 1703 295; x_wconf 80' lang='lat' dir='ltr'>contra</span> <span class='ocrx_word' id='word_1_617' title='bbox 1719 270 1781 294; x_wconf 88' lang='lat' dir='ltr'>fidei</span> <span class='ocrx_word' id='word_1_618' title='bbox 1800 271 1952 296; x_wconf 85' lang='lat' dir='ltr'>doctrinam.</span> <span class='ocrx_word' id='word_1_619' title='bbox 1988 272 2053 297; x_wconf 79' lang='lat' dir='ltr'>Nom</span> <span class='ocrx_word' id='word_1_620' title='bbox 2077 273 2142 299; x_wconf 82' lang='lat' dir='ltr'>haec</span> 
     </span>
     <span class='ocr_line' id='line_1_72' title="bbox 1168 303 2141 338; baseline 0.007 -13"><span class='ocrx_word' id='word_1_621' title='bbox 1168 303 1299 327; x_wconf 75' lang='lat' dir='ltr'>cauillatio</span> <span class='ocrx_word' id='word_1_622' title='bbox 1323 306 1406 327; x_wconf 89' lang='lat' dir='ltr'>totum</span> <span class='ocrx_word' id='word_1_623' title='bbox 1428 304 1598 336; x_wconf 80' lang='lat' dir='ltr'>Euangelium</span> <span class='ocrx_word' id='word_1_624' title='bbox 1621 305 1744 336; x_wconf 85' lang='lat' dir='ltr'>abrogat,</span> <span class='ocrx_word' id='word_1_625' title='bbox 1768 305 1833 330; x_wconf 89' lang='lat' dir='ltr'>Cum</span> <span class='ocrx_word' id='word_1_626' title='bbox 1859 306 2022 331; x_wconf 83' lang='lat' dir='ltr'>credideritis</span> <span class='ocrx_word' id='word_1_627' title='bbox 2047 309 2141 338; x_wconf 73' lang='lat' dir='ltr'>omnia,</span> 
     </span>
     <span class='ocr_line' id='line_1_73' title="bbox 1167 336 2142 372; baseline 0.007 -13"><span class='ocrx_word' id='word_1_628' title='bbox 1167 336 1245 360; x_wconf 86' lang='lat' dir='ltr'>dicite</span> <span class='ocrx_word' id='word_1_629' title='bbox 1274 337 1353 361; x_wconf 86' lang='lat' dir='ltr'>fidem</span> <span class='ocrx_word' id='word_1_630' title='bbox 1379 338 1496 362; x_wconf 88' lang='lat' dir='ltr'>inutilem</span> <span class='ocrx_word' id='word_1_631' title='bbox 1523 346 1587 363; x_wconf 87' lang='lat' dir='ltr'>esse.</span> <span class='ocrx_word' id='word_1_632' title='bbox 1623 339 1719 364; x_wconf 88' lang='lat' dir='ltr'>Nonne</span> <span class='ocrx_word' id='word_1_633' title='bbox 1747 339 1918 371; x_wconf 88' lang='lat' dir='ltr'>Euangelium</span> <span class='ocrx_word' id='word_1_634' title='bbox 1941 341 2078 372; x_wconf 83' lang='lat' dir='ltr'>pollicetur</span> <span class='ocrx_word' id='word_1_635' title='bbox 2102 349 2142 366; x_wconf 88' lang='lat' dir='ltr'>re-</span> 
     </span>
     <span class='ocr_line' id='line_1_74' title="bbox 1166 371 2141 407; baseline 0.007 -14"><span class='ocrx_word' id='word_1_636' title='bbox 1166 371 1315 395; x_wconf 87' lang='lat' dir='ltr'>missionem</span> <span class='ocrx_word' id='word_1_637' title='bbox 1333 377 1497 403; x_wconf 84' lang='lat' dir='ltr'>peccatorum</span> <span class='ocrx_word' id='word_1_638' title='bbox 1517 377 1542 396; x_wconf 88' lang='lat' dir='ltr'>et</span> <span class='ocrx_word' id='word_1_639' title='bbox 1564 373 1687 404; x_wconf 85' lang='lat' dir='ltr'>salutem,</span> <span class='ocrx_word' id='word_1_640' title='bbox 1712 374 1790 398; x_wconf 84' lang='lat' dir='ltr'>etiam</span> <span class='ocrx_word' id='word_1_641' title='bbox 1817 374 1856 398; x_wconf 85' lang='lat' dir='ltr'>his</span> <span class='ocrx_word' id='word_1_642' title='bbox 1880 375 1923 407; x_wconf 89' lang='lat' dir='ltr'>qui</span> <span class='ocrx_word' id='word_1_643' title='bbox 1945 375 2016 399; x_wconf 88' lang='lat' dir='ltr'>nulla</span> <span class='ocrx_word' id='word_1_644' title='bbox 2039 383 2141 407; x_wconf 81' lang='lat' dir='ltr'>prorsus</span> 
     </span>
     <span class='ocr_line' id='line_1_75' title="bbox 1165 404 2143 441; baseline 0.007 -14"><span class='ocrx_word' id='word_1_645' title='bbox 1165 404 1261 428; x_wconf 88' lang='lat' dir='ltr'>habent</span> <span class='ocrx_word' id='word_1_646' title='bbox 1279 405 1347 429; x_wconf 86' lang='lat' dir='ltr'>bona</span> <span class='ocrx_word' id='word_1_647' title='bbox 1370 408 1466 437; x_wconf 77' lang='lat' dir='ltr'>opera?</span> <span class='ocrx_word' id='word_1_648' title='bbox 1501 407 1530 432; x_wconf 92' lang='lat' dir='ltr'>Si</span> <span class='ocrx_word' id='word_1_649' title='bbox 1553 411 1638 431; x_wconf 84' lang='lat' dir='ltr'>tamen</span> <span class='ocrx_word' id='word_1_650' title='bbox 1663 412 1848 433; x_wconf 75' lang='lat' dir='ltr'>conuertuntur</span> <span class='ocrx_word' id='word_1_651' title='bbox 1871 413 1897 432; x_wconf 87' lang='lat' dir='ltr'>et</span> <span class='ocrx_word' id='word_1_652' title='bbox 1920 416 1972 433; x_wconf 91' lang='lat' dir='ltr'>non</span> <span class='ocrx_word' id='word_1_653' title='bbox 1998 409 2143 441; x_wconf 86' lang='lat' dir='ltr'>desperent,</span> 
     </span>
     <span class='ocr_line' id='line_1_76' title="bbox 1165 438 2143 474; baseline 0.007 -13"><span class='ocrx_word' id='word_1_654' title='bbox 1165 439 1213 462; x_wconf 86' lang='lat' dir='ltr'>sed</span> <span class='ocrx_word' id='word_1_655' title='bbox 1241 438 1292 463; x_wconf 80' lang='lat' dir='ltr'>fide</span> <span class='ocrx_word' id='word_1_656' title='bbox 1318 440 1345 463; x_wconf 91' lang='lat' dir='ltr'>in</span> <span class='ocrx_word' id='word_1_657' title='bbox 1375 439 1506 464; x_wconf 85' lang='lat' dir='ltr'>Christum</span> <span class='ocrx_word' id='word_1_658' title='bbox 1534 446 1726 474; x_wconf 79' lang='lat' dir='ltr'>consequantur</span> <span class='ocrx_word' id='word_1_659' title='bbox 1749 443 1929 467; x_wconf 84' lang='lat' dir='ltr'>remissionem</span> <span class='ocrx_word' id='word_1_660' title='bbox 1961 445 2143 474; x_wconf 78' lang='lat' dir='ltr'>peccatorum?</span> 
     </span>
     <span class='ocr_line' id='line_1_77' title="bbox 1164 472 2143 508; baseline 0.006 -12"><span class='ocrx_word' id='word_1_661' title='bbox 1164 472 1233 496; x_wconf 85' lang='lat' dir='ltr'>Num</span> <span class='ocrx_word' id='word_1_662' title='bbox 1251 473 1342 497; x_wconf 89' lang='lat' dir='ltr'>iubent</span> <span class='ocrx_word' id='word_1_663' title='bbox 1359 474 1501 507; x_wconf 84' lang='lat' dir='ltr'>aduersarij</span> <span class='ocrx_word' id='word_1_664' title='bbox 1521 476 1659 507; x_wconf 80' lang='lat' dir='ltr'>desperare</span> <span class='ocrx_word' id='word_1_665' title='bbox 1677 476 1734 506; x_wconf 88' lang='lat' dir='ltr'>hos,</span> <span class='ocrx_word' id='word_1_666' title='bbox 1752 484 1860 508; x_wconf 89' lang='lat' dir='ltr'>quorum</span> <span class='ocrx_word' id='word_1_667' title='bbox 1878 479 2052 503; x_wconf 84' lang='lat' dir='ltr'>conscientiae</span> <span class='ocrx_word' id='word_1_668' title='bbox 2070 479 2143 502; x_wconf 86' lang='lat' dir='ltr'>nulla</span> 
     </span>
     <span class='ocr_line' id='line_1_78' title="bbox 1165 507 2142 544; baseline 0.006 -14"><span class='ocrx_word' id='word_1_669' title='bbox 1165 507 1302 531; x_wconf 89' lang='lat' dir='ltr'>inueniunt</span> <span class='ocrx_word' id='word_1_670' title='bbox 1320 508 1390 531; x_wconf 86' lang='lat' dir='ltr'>bona</span> <span class='ocrx_word' id='word_1_671' title='bbox 1408 516 1496 539; x_wconf 82' lang='lat' dir='ltr'>opera,</span> <span class='ocrx_word' id='word_1_672' title='bbox 1515 517 1580 541; x_wconf 87' lang='lat' dir='ltr'>quae</span> <span class='ocrx_word' id='word_1_673' title='bbox 1599 518 1731 542; x_wconf 78' lang='lat' dir='ltr'>opponere</span> <span class='ocrx_word' id='word_1_674' title='bbox 1751 511 1848 535; x_wconf 91' lang='lat' dir='ltr'>iudicio</span> <span class='ocrx_word' id='word_1_675' title='bbox 1867 511 1920 536; x_wconf 91' lang='lat' dir='ltr'>Dei</span> <span class='ocrx_word' id='word_1_676' title='bbox 1938 513 2046 544; x_wconf 76' lang='lat' dir='ltr'>possint.</span> <span class='ocrx_word' id='word_1_677' title='bbox 2073 511 2142 536; x_wconf 86' lang='lat' dir='ltr'>Num</span> 
     </span>
     <span class='ocr_line' id='line_1_79' title="bbox 1163 541 2143 578; baseline 0.007 -14"><span class='ocrx_word' id='word_1_678' title='bbox 1163 541 1204 565; x_wconf 89' lang='lat' dir='ltr'>his</span> <span class='ocrx_word' id='word_1_679' title='bbox 1232 541 1331 571; x_wconf 85' lang='lat' dir='ltr'>dicent,</span> <span class='ocrx_word' id='word_1_680' title='bbox 1357 542 1435 566; x_wconf 81' lang='lat' dir='ltr'>fidem</span> <span class='ocrx_word' id='word_1_681' title='bbox 1462 543 1578 568; x_wconf 87' lang='lat' dir='ltr'>inutilem</span> <span class='ocrx_word' id='word_1_682' title='bbox 1604 546 1678 569; x_wconf 82' lang='lat' dir='ltr'>esse?</span> <span class='ocrx_word' id='word_1_683' title='bbox 1713 545 1783 569; x_wconf 80' lang='lat' dir='ltr'>Male</span> <span class='ocrx_word' id='word_1_684' title='bbox 1806 550 1916 576; x_wconf 82' lang='lat' dir='ltr'>pereant</span> <span class='ocrx_word' id='word_1_685' title='bbox 1938 547 1981 571; x_wconf 88' lang='lat' dir='ltr'>isti</span> <span class='ocrx_word' id='word_1_686' title='bbox 2005 546 2143 578; x_wconf 81' lang='lat' dir='ltr'>sophistae</span> 
     </span>
     <span class='ocr_line' id='line_1_80' title="bbox 1164 576 2142 611; baseline 0.007 -13"><span class='ocrx_word' id='word_1_687' title='bbox 1164 583 1221 599; x_wconf 90' lang='lat' dir='ltr'>cum</span> <span class='ocrx_word' id='word_1_688' title='bbox 1240 576 1334 599; x_wconf 80' lang='lat' dir='ltr'>talibus</span> <span class='ocrx_word' id='word_1_689' title='bbox 1353 577 1497 609; x_wconf 81' lang='lat' dir='ltr'>calumnijs‚</span> <span class='ocrx_word' id='word_1_690' title='bbox 1517 585 1583 609; x_wconf 72' lang='lat' dir='ltr'>quae</span> <span class='ocrx_word' id='word_1_691' title='bbox 1602 582 1685 602; x_wconf 87' lang='lat' dir='ltr'>totum</span> <span class='ocrx_word' id='word_1_692' title='bbox 1709 579 1882 611; x_wconf 85' lang='lat' dir='ltr'>Euangelium</span> <span class='ocrx_word' id='word_1_693' title='bbox 1908 584 2040 610; x_wconf 85' lang='lat' dir='ltr'>euertunt,</span> <span class='ocrx_word' id='word_1_694' title='bbox 2066 581 2142 606; x_wconf 88' lang='lat' dir='ltr'>abro-</span> 
     </span>
     <span class='ocr_line' id='line_1_81' title="bbox 1163 610 2143 647; baseline 0.006 -14"><span class='ocrx_word' id='word_1_695' title='bbox 1163 613 1226 641; x_wconf 86' lang='lat' dir='ltr'>gant</span> <span class='ocrx_word' id='word_1_696' title='bbox 1243 610 1380 641; x_wconf 79' lang='lat' dir='ltr'>gratuitam</span> <span class='ocrx_word' id='word_1_697' title='bbox 1398 612 1576 636; x_wconf 88' lang='lat' dir='ltr'>remissionem</span> <span class='ocrx_word' id='word_1_698' title='bbox 1594 617 1774 644; x_wconf 85' lang='lat' dir='ltr'>peccatorum,</span> <span class='ocrx_word' id='word_1_699' title='bbox 1797 615 1910 646; x_wconf 86' lang='lat' dir='ltr'>eripiunt</span> <span class='ocrx_word' id='word_1_700' title='bbox 1933 615 1983 647; x_wconf 88' lang='lat' dir='ltr'>pijs</span> <span class='ocrx_word' id='word_1_701' title='bbox 2009 616 2143 639; x_wconf 88' lang='lat' dir='ltr'>conscien-</span> 
     </span>
     <span class='ocr_line' id='line_1_82' title="bbox 1162 644 1415 676; baseline 0.004 -8"><span class='ocrx_word' id='word_1_702' title='bbox 1162 645 1204 676; x_wconf 84' lang='lat' dir='ltr'>tijs</span> <span class='ocrx_word' id='word_1_703' title='bbox 1222 644 1298 668; x_wconf 76' lang='lat' dir='ltr'>firma</span> <span class='ocrx_word' id='word_1_704' title='bbox 1315 645 1415 669; x_wconf 82' lang='lat' dir='ltr'>solatia.</span> 
     </span>
    </p>

    <p class='ocr_par' dir='ltr' id='par_1_10' title="bbox 1161 678 2143 1090">
     <span class='ocr_line' id='line_1_83' title="bbox 1232 678 2143 715; baseline 0.007 -13"><span class='ocrx_word' id='word_1_705' title='bbox 1232 678 1282 703; x_wconf 85' lang='lat' dir='ltr'>Illa</span> <span class='ocrx_word' id='word_1_706' title='bbox 1306 686 1370 703; x_wconf 87' lang='lat' dir='ltr'>uero</span> <span class='ocrx_word' id='word_1_707' title='bbox 1398 679 1531 703; x_wconf 82' lang='lat' dir='ltr'>cauillatio</span> <span class='ocrx_word' id='word_1_708' title='bbox 1556 680 1633 711; x_wconf 87' lang='lat' dir='ltr'>plane</span> <span class='ocrx_word' id='word_1_709' title='bbox 1656 682 1763 712; x_wconf 87' lang='lat' dir='ltr'>puerilis</span> <span class='ocrx_word' id='word_1_710' title='bbox 1783 687 1835 711; x_wconf 86' lang='lat' dir='ltr'>est,</span> <span class='ocrx_word' id='word_1_711' title='bbox 1861 690 1917 706; x_wconf 89' lang='lat' dir='ltr'>cum</span> <span class='ocrx_word' id='word_1_712' title='bbox 1941 683 2143 715; x_wconf 83' lang='lat' dir='ltr'>interpretantur</span> 
     </span>
     <span class='ocr_line' id='line_1_84' title="bbox 1163 713 2143 746; baseline 0.006 -10"><span class='ocrx_word' id='word_1_713' title='bbox 1163 720 1252 736; x_wconf 87' lang='lat' dir='ltr'>seruos</span> <span class='ocrx_word' id='word_1_714' title='bbox 1280 713 1399 743; x_wconf 86' lang='lat' dir='ltr'>inutiles,</span> <span class='ocrx_word' id='word_1_715' title='bbox 1426 714 1487 745; x_wconf 77' lang='lat' dir='ltr'>quia</span> <span class='ocrx_word' id='word_1_716' title='bbox 1513 721 1593 745; x_wconf 77' lang='lat' dir='ltr'>opera</span> <span class='ocrx_word' id='word_1_717' title='bbox 1617 714 1675 738; x_wconf 91' lang='lat' dir='ltr'>Deo</span> <span class='ocrx_word' id='word_1_718' title='bbox 1699 717 1750 739; x_wconf 89' lang='lat' dir='ltr'>sint</span> <span class='ocrx_word' id='word_1_719' title='bbox 1772 716 1887 746; x_wconf 88' lang='lat' dir='ltr'>inutilia,</span> <span class='ocrx_word' id='word_1_720' title='bbox 1911 717 1986 741; x_wconf 88' lang='lat' dir='ltr'>uobis</span> <span class='ocrx_word' id='word_1_721' title='bbox 2011 725 2073 742; x_wconf 89' lang='lat' dir='ltr'>uero</span> <span class='ocrx_word' id='word_1_722' title='bbox 2092 719 2143 742; x_wconf 91' lang='lat' dir='ltr'>sint</span> 
     </span>
     <span class='ocr_line' id='line_1_85' title="bbox 1162 746 2142 782; baseline 0.006 -12"><span class='ocrx_word' id='word_1_723' title='bbox 1162 747 1244 771; x_wconf 76' lang='lat' dir='ltr'>utilia.</span> <span class='ocrx_word' id='word_1_724' title='bbox 1281 749 1319 772; x_wconf 85' lang='lat' dir='ltr'>At</span> <span class='ocrx_word' id='word_1_725' title='bbox 1336 746 1451 771; x_wconf 85' lang='lat' dir='ltr'>Christus</span> <span class='ocrx_word' id='word_1_726' title='bbox 1471 748 1502 771; x_wconf 84' lang='lat' dir='ltr'>de</span> <span class='ocrx_word' id='word_1_727' title='bbox 1521 755 1552 771; x_wconf 89' lang='lat' dir='ltr'>ea</span> <span class='ocrx_word' id='word_1_728' title='bbox 1569 749 1679 773; x_wconf 81' lang='lat' dir='ltr'>utilitate</span> <span class='ocrx_word' id='word_1_729' title='bbox 1697 749 1826 781; x_wconf 86' lang='lat' dir='ltr'>loquitur,</span> <span class='ocrx_word' id='word_1_730' title='bbox 1850 758 1915 782; x_wconf 87' lang='lat' dir='ltr'>quae</span> <span class='ocrx_word' id='word_1_731' title='bbox 1940 753 2072 776; x_wconf 78' lang='lat' dir='ltr'>constituit</span> <span class='ocrx_word' id='word_1_732' title='bbox 2095 759 2142 776; x_wconf 88' lang='lat' dir='ltr'>no-</span> 
     </span>
     <span class='ocr_line' id='line_1_86' title="bbox 1162 781 2141 815; baseline 0.005 -10"><span class='ocrx_word' id='word_1_733' title='bbox 1162 781 1203 805; x_wconf 87' lang='lat' dir='ltr'>bis</span> <span class='ocrx_word' id='word_1_734' title='bbox 1220 781 1305 805; x_wconf 90' lang='lat' dir='ltr'>Deum</span> <span class='ocrx_word' id='word_1_735' title='bbox 1324 782 1467 806; x_wconf 87' lang='lat' dir='ltr'>debitorem</span> <span class='ocrx_word' id='word_1_736' title='bbox 1486 783 1594 813; x_wconf 82' lang='lat' dir='ltr'>gratiae.</span> <span class='ocrx_word' id='word_1_737' title='bbox 1633 782 1786 815; x_wconf 87' lang='lat' dir='ltr'>Quanquam</span> <span class='ocrx_word' id='word_1_738' title='bbox 1812 785 1923 809; x_wconf 85' lang='lat' dir='ltr'>alienum</span> <span class='ocrx_word' id='word_1_739' title='bbox 1949 791 1986 809; x_wconf 83' lang='lat' dir='ltr'>est</span> <span class='ocrx_word' id='word_1_740' title='bbox 2010 786 2060 810; x_wconf 85' lang='lat' dir='ltr'>hoc</span> <span class='ocrx_word' id='word_1_741' title='bbox 2082 786 2141 810; x_wconf 90' lang='lat' dir='ltr'>loco</span> 
     </span>
     <span class='ocr_line' id='line_1_87' title="bbox 1163 815 2142 851; baseline 0.006 -12"><span class='ocrx_word' id='word_1_742' title='bbox 1163 816 1309 846; x_wconf 81' lang='lat' dir='ltr'>disputare,</span> <span class='ocrx_word' id='word_1_743' title='bbox 1333 815 1366 839; x_wconf 87' lang='lat' dir='ltr'>de</span> <span class='ocrx_word' id='word_1_744' title='bbox 1389 816 1445 839; x_wconf 81' lang='lat' dir='ltr'>utili</span> <span class='ocrx_word' id='word_1_745' title='bbox 1469 820 1514 840; x_wconf 80' lang='lat' dir='ltr'>aut</span> <span class='ocrx_word' id='word_1_746' title='bbox 1541 817 1634 841; x_wconf 90' lang='lat' dir='ltr'>inutili.</span> <span class='ocrx_word' id='word_1_747' title='bbox 1675 817 1741 841; x_wconf 90' lang='lat' dir='ltr'>Nam</span> <span class='ocrx_word' id='word_1_748' title='bbox 1764 819 1832 842; x_wconf 86' lang='lat' dir='ltr'>serui</span> <span class='ocrx_word' id='word_1_749' title='bbox 1861 820 1967 843; x_wconf 86' lang='lat' dir='ltr'>inutiles</span> <span class='ocrx_word' id='word_1_750' title='bbox 1995 820 2142 851; x_wconf 79' lang='lat' dir='ltr'>significant</span> 
     </span>
     <span class='ocr_line' id='line_1_88' title="bbox 1161 849 2141 885; baseline 0.006 -12"><span class='ocrx_word' id='word_1_751' title='bbox 1161 849 1360 880; x_wconf 81' lang='lat' dir='ltr'>insufficientes,</span> <span class='ocrx_word' id='word_1_752' title='bbox 1389 850 1450 881; x_wconf 75' lang='lat' dir='ltr'>quia</span> <span class='ocrx_word' id='word_1_753' title='bbox 1476 858 1551 874; x_wconf 88' lang='lat' dir='ltr'>nemo</span> <span class='ocrx_word' id='word_1_754' title='bbox 1579 855 1678 875; x_wconf 86' lang='lat' dir='ltr'>tantum</span> <span class='ocrx_word' id='word_1_755' title='bbox 1705 853 1792 882; x_wconf 87' lang='lat' dir='ltr'>timet,</span> <span class='ocrx_word' id='word_1_756' title='bbox 1817 857 1914 877; x_wconf 84' lang='lat' dir='ltr'>tautum</span> <span class='ocrx_word' id='word_1_757' title='bbox 1939 854 2025 885; x_wconf 73' lang='lat' dir='ltr'>diligit</span> <span class='ocrx_word' id='word_1_758' title='bbox 2048 853 2141 885; x_wconf 85' lang='lat' dir='ltr'>Deum,</span> 
     </span>
     <span class='ocr_line' id='line_1_89' title="bbox 1163 884 2142 919; baseline 0.006 -12"><span class='ocrx_word' id='word_1_759' title='bbox 1163 888 1263 908; x_wconf 88' lang='lat' dir='ltr'>tantum</span> <span class='ocrx_word' id='word_1_760' title='bbox 1282 884 1363 908; x_wconf 87' lang='lat' dir='ltr'>credit</span> <span class='ocrx_word' id='word_1_761' title='bbox 1381 884 1449 914; x_wconf 87' lang='lat' dir='ltr'>Deo,</span> <span class='ocrx_word' id='word_1_762' title='bbox 1468 888 1591 916; x_wconf 86' lang='lat' dir='ltr'>quantum</span> <span class='ocrx_word' id='word_1_763' title='bbox 1610 887 1739 917; x_wconf 86' lang='lat' dir='ltr'>oportuit,</span> <span class='ocrx_word' id='word_1_764' title='bbox 1759 894 1835 910; x_wconf 90' lang='lat' dir='ltr'>nemo</span> <span class='ocrx_word' id='word_1_765' title='bbox 1854 888 1981 912; x_wconf 81' lang='lat' dir='ltr'>satisfacit</span> <span class='ocrx_word' id='word_1_766' title='bbox 1998 889 2060 919; x_wconf 80' lang='lat' dir='ltr'>legi.</span> <span class='ocrx_word' id='word_1_767' title='bbox 2088 889 2142 914; x_wconf 84' lang='lat' dir='ltr'>Sed</span> 
     </span>
     <span class='ocr_line' id='line_1_90' title="bbox 1161 917 2142 953; baseline 0.006 -12"><span class='ocrx_word' id='word_1_768' title='bbox 1161 919 1254 942; x_wconf 82' lang='lat' dir='ltr'>missas</span> <span class='ocrx_word' id='word_1_769' title='bbox 1285 919 1408 942; x_wconf 81' lang='lat' dir='ltr'>faciamus</span> <span class='ocrx_word' id='word_1_770' title='bbox 1441 917 1488 942; x_wconf 87' lang='lat' dir='ltr'>has</span> <span class='ocrx_word' id='word_1_771' title='bbox 1514 919 1625 950; x_wconf 79' lang='lat' dir='ltr'>frigidas</span> <span class='ocrx_word' id='word_1_772' title='bbox 1653 921 1832 944; x_wconf 80' lang='lat' dir='ltr'>cauillationes</span> <span class='ocrx_word' id='word_1_773' title='bbox 1859 922 2082 953; x_wconf 82' lang='lat' dir='ltr'>aduersariorum,</span> <span class='ocrx_word' id='word_1_774' title='bbox 2109 924 2142 947; x_wconf 88' lang='lat' dir='ltr'>de</span> 
     </span>
     <span class='ocr_line' id='line_1_91' title="bbox 1162 953 2140 987; baseline 0.006 -11"><span class='ocrx_word' id='word_1_775' title='bbox 1162 953 1266 983; x_wconf 87' lang='lat' dir='ltr'>quibus,</span> <span class='ocrx_word' id='word_1_776' title='bbox 1291 953 1353 984; x_wconf 93' lang='lat' dir='ltr'>quid</span> <span class='ocrx_word' id='word_1_777' title='bbox 1376 953 1515 977; x_wconf 88' lang='lat' dir='ltr'>iudicaturi</span> <span class='ocrx_word' id='word_1_778' title='bbox 1539 953 1591 977; x_wconf 89' lang='lat' dir='ltr'>sint</span> <span class='ocrx_word' id='word_1_779' title='bbox 1608 954 1739 984; x_wconf 86' lang='lat' dir='ltr'>homines,</span> <span class='ocrx_word' id='word_1_780' title='bbox 1764 956 1785 979; x_wconf 91' lang='lat' dir='ltr'>si</span> <span class='ocrx_word' id='word_1_781' title='bbox 1805 956 1909 987; x_wconf 84' lang='lat' dir='ltr'>qnando</span> <span class='ocrx_word' id='word_1_782' title='bbox 1929 956 2095 987; x_wconf 81' lang='lat' dir='ltr'>proferentur</span> <span class='ocrx_word' id='word_1_783' title='bbox 2112 959 2140 982; x_wconf 94' lang='lat' dir='ltr'>in</span> 
     </span>
     <span class='ocr_line' id='line_1_92' title="bbox 1161 987 2141 1020; baseline 0.006 -11"><span class='ocrx_word' id='word_1_784' title='bbox 1161 987 1259 1016; x_wconf 89' lang='lat' dir='ltr'>lucem,</span> <span class='ocrx_word' id='word_1_785' title='bbox 1292 987 1369 1011; x_wconf 76' lang='lat' dir='ltr'>facile</span> <span class='ocrx_word' id='word_1_786' title='bbox 1401 991 1512 1019; x_wconf 86' lang='lat' dir='ltr'>possunt</span> <span class='ocrx_word' id='word_1_787' title='bbox 1543 988 1691 1012; x_wconf 79' lang='lat' dir='ltr'>existimare</span> <span class='ocrx_word' id='word_1_788' title='bbox 1723 989 1773 1013; x_wconf 87' lang='lat' dir='ltr'>uiri</span> <span class='ocrx_word' id='word_1_789' title='bbox 1804 990 1952 1020; x_wconf 87' lang='lat' dir='ltr'>prudentes.</span> <span class='ocrx_word' id='word_1_790' title='bbox 1996 991 2026 1014; x_wconf 92' lang='lat' dir='ltr'>In</span> <span class='ocrx_word' id='word_1_791' title='bbox 2056 992 2141 1015; x_wconf 81' lang='lat' dir='ltr'>uerbis</span> 
     </span>
     <span class='ocr_line' id='line_1_93' title="bbox 1161 1021 2141 1053; baseline 0.006 -9"><span class='ocrx_word' id='word_1_792' title='bbox 1161 1021 1273 1045; x_wconf 86' lang='lat' dir='ltr'>maxime</span> <span class='ocrx_word' id='word_1_793' title='bbox 1296 1022 1380 1053; x_wconf 82' lang='lat' dir='ltr'>planis</span> <span class='ocrx_word' id='word_1_794' title='bbox 1400 1025 1427 1044; x_wconf 87' lang='lat' dir='ltr'>et</span> <span class='ocrx_word' id='word_1_795' title='bbox 1451 1023 1593 1052; x_wconf 88' lang='lat' dir='ltr'>perspicuis</span> <span class='ocrx_word' id='word_1_796' title='bbox 1618 1027 1769 1053; x_wconf 87' lang='lat' dir='ltr'>repererunt</span> <span class='ocrx_word' id='word_1_797' title='bbox 1792 1025 1891 1048; x_wconf 89' lang='lat' dir='ltr'>rimam.</span> <span class='ocrx_word' id='word_1_798' title='bbox 1928 1026 1964 1048; x_wconf 87' lang='lat' dir='ltr'>At</span> <span class='ocrx_word' id='word_1_799' title='bbox 1988 1032 2063 1049; x_wconf 91' lang='lat' dir='ltr'>nemo</span> <span class='ocrx_word' id='word_1_800' title='bbox 2088 1033 2141 1050; x_wconf 90' lang='lat' dir='ltr'>nou</span> 
     </span>
     <span class='ocr_line' id='line_1_94' title="bbox 1161 1055 2022 1090; baseline 0.006 -12"><span class='ocrx_word' id='word_1_801' title='bbox 1161 1056 1235 1079; x_wconf 89' lang='lat' dir='ltr'>uidet</span> <span class='ocrx_word' id='word_1_802' title='bbox 1253 1056 1280 1079; x_wconf 93' lang='lat' dir='ltr'>in</span> <span class='ocrx_word' id='word_1_803' title='bbox 1298 1055 1343 1079; x_wconf 87' lang='lat' dir='ltr'>illo</span> <span class='ocrx_word' id='word_1_804' title='bbox 1364 1056 1422 1079; x_wconf 92' lang='lat' dir='ltr'>loco</span> <span class='ocrx_word' id='word_1_805' title='bbox 1441 1055 1562 1079; x_wconf 83' lang='lat' dir='ltr'>fiduciam</span> <span class='ocrx_word' id='word_1_806' title='bbox 1580 1060 1727 1080; x_wconf 81' lang='lat' dir='ltr'>nostronun</span> <span class='ocrx_word' id='word_1_807' title='bbox 1746 1065 1851 1089; x_wconf 88' lang='lat' dir='ltr'>operum</span> <span class='ocrx_word' id='word_1_808' title='bbox 1870 1059 2022 1090; x_wconf 84' lang='lat' dir='ltr'>improbari.</span> 
     </span>
    </p>

    <p class='ocr_par' dir='ltr' id='par_1_11' title="bbox 1156 1088 2142 2051">
     <span class='ocr_line' id='line_1_95' title="bbox 1230 1088 2142 1122; baseline 0.007 -10"><span class='ocrx_word' id='word_1_809' title='bbox 1230 1088 1284 1113; x_wconf 89' lang='lat' dir='ltr'>Sed</span> <span class='ocrx_word' id='word_1_810' title='bbox 1308 1090 1452 1121; x_wconf 84' lang='lat' dir='ltr'>aduersarij</span> <span class='ocrx_word' id='word_1_811' title='bbox 1475 1090 1631 1120; x_wconf 85' lang='lat' dir='ltr'>reclamant,</span> <span class='ocrx_word' id='word_1_812' title='bbox 1655 1091 1726 1122; x_wconf 89' lang='lat' dir='ltr'>quod</span> <span class='ocrx_word' id='word_1_813' title='bbox 1750 1093 1806 1116; x_wconf 78' lang='lat' dir='ltr'>uita</span> <span class='ocrx_word' id='word_1_814' title='bbox 1830 1096 1937 1117; x_wconf 87' lang='lat' dir='ltr'>aeterna</span> <span class='ocrx_word' id='word_1_815' title='bbox 1960 1093 2085 1118; x_wconf 80' lang='lat' dir='ltr'>debeatur</span> <span class='ocrx_word' id='word_1_816' title='bbox 2110 1094 2142 1118; x_wconf 89' lang='lat' dir='ltr'>de</span> 
     </span>
     <span class='ocr_line' id='line_1_96' title="bbox 1162 1124 2141 1157; baseline 0.005 -10"><span class='ocrx_word' id='word_1_817' title='bbox 1162 1124 1292 1154; x_wconf 86' lang='lat' dir='ltr'>condigno</span> <span class='ocrx_word' id='word_1_818' title='bbox 1311 1131 1359 1155; x_wconf 88' lang='lat' dir='ltr'>pro</span> <span class='ocrx_word' id='word_1_819' title='bbox 1378 1124 1454 1148; x_wconf 88' lang='lat' dir='ltr'>bonis</span> <span class='ocrx_word' id='word_1_820' title='bbox 1473 1125 1603 1155; x_wconf 82' lang='lat' dir='ltr'>operibus,</span> <span class='ocrx_word' id='word_1_821' title='bbox 1623 1126 1683 1155; x_wconf 87' lang='lat' dir='ltr'>quia</span> <span class='ocrx_word' id='word_1_822' title='bbox 1697 1125 1724 1157; x_wconf 79' lang='lat' dir='ltr'>k)</span> <span class='ocrx_word' id='word_1_823' title='bbox 1744 1127 1798 1150; x_wconf 83' lang='lat' dir='ltr'>uita</span> <span class='ocrx_word' id='word_1_824' title='bbox 1815 1129 1922 1151; x_wconf 82' lang='lat' dir='ltr'>aeterna</span> <span class='ocrx_word' id='word_1_825' title='bbox 1945 1131 2053 1151; x_wconf 88' lang='lat' dir='ltr'>uocetur</span> <span class='ocrx_word' id='word_1_826' title='bbox 2074 1134 2141 1152; x_wconf 86' lang='lat' dir='ltr'>mer-</span> 
     </span>
     <span class='ocr_line' id='line_1_97' title="bbox 1161 1157 2141 1189; baseline 0.005 -8"><span class='ocrx_word' id='word_1_827' title='bbox 1161 1165 1212 1182; x_wconf 90' lang='lat' dir='ltr'>ces.</span> <span class='ocrx_word' id='word_1_828' title='bbox 1248 1157 1370 1182; x_wconf 84' lang='lat' dir='ltr'>Breuiter</span> <span class='ocrx_word' id='word_1_829' title='bbox 1393 1163 1419 1182; x_wconf 89' lang='lat' dir='ltr'>et</span> <span class='ocrx_word' id='word_1_830' title='bbox 1444 1158 1519 1189; x_wconf 88' lang='lat' dir='ltr'>plane</span> <span class='ocrx_word' id='word_1_831' title='bbox 1545 1159 1741 1189; x_wconf 86' lang='lat' dir='ltr'>respondemus.</span> <span class='ocrx_word' id='word_1_832' title='bbox 1784 1160 1880 1185; x_wconf 87' lang='lat' dir='ltr'>Paulus</span> <span class='ocrx_word' id='word_1_833' title='bbox 1907 1162 1986 1185; x_wconf 87' lang='lat' dir='ltr'>uitam</span> <span class='ocrx_word' id='word_1_834' title='bbox 2011 1166 2141 1186; x_wconf 84' lang='lat' dir='ltr'>aeternam</span> 
     </span>
     <span class='ocr_line' id='line_1_98' title="bbox 1162 1192 2140 1228; baseline 0.005 -13"><span class='ocrx_word' id='word_1_835' title='bbox 1162 1192 1258 1216; x_wconf 89' lang='lat' dir='ltr'>donum</span> <span class='ocrx_word' id='word_1_836' title='bbox 1286 1193 1410 1224; x_wconf 82' lang='lat' dir='ltr'>appellat,</span> <span class='ocrx_word' id='word_1_837' title='bbox 1440 1193 1499 1223; x_wconf 91' lang='lat' dir='ltr'>quia</span> <span class='ocrx_word' id='word_1_838' title='bbox 1526 1200 1582 1216; x_wconf 89' lang='lat' dir='ltr'>cum</span> <span class='ocrx_word' id='word_1_839' title='bbox 1611 1197 1760 1224; x_wconf 83' lang='lat' dir='ltr'>reputamur</span> <span class='ocrx_word' id='word_1_840' title='bbox 1786 1195 1847 1218; x_wconf 89' lang='lat' dir='ltr'>iusti</span> <span class='ocrx_word' id='word_1_841' title='bbox 1870 1200 1976 1227; x_wconf 84' lang='lat' dir='ltr'>propter</span> <span class='ocrx_word' id='word_1_842' title='bbox 1999 1195 2140 1228; x_wconf 79' lang='lat' dir='ltr'>Christum,</span> 
     </span>
     <span class='ocr_line' id='line_1_99' title="bbox 1161 1226 2140 1258; baseline 0.005 -8"><span class='ocrx_word' id='word_1_843' title='bbox 1161 1226 1243 1251; x_wconf 87' lang='lat' dir='ltr'>Simul</span> <span class='ocrx_word' id='word_1_844' title='bbox 1262 1226 1386 1250; x_wconf 83' lang='lat' dir='ltr'>efficimur</span> <span class='ocrx_word' id='word_1_845' title='bbox 1403 1226 1448 1258; x_wconf 80' lang='lat' dir='ltr'>filij</span> <span class='ocrx_word' id='word_1_846' title='bbox 1467 1227 1529 1257; x_wconf 80' lang='lat' dir='ltr'>Dei,</span> <span class='ocrx_word' id='word_1_847' title='bbox 1548 1230 1573 1250; x_wconf 83' lang='lat' dir='ltr'>et</span> <span class='ocrx_word' id='word_1_848' title='bbox 1592 1227 1734 1252; x_wconf 88' lang='lat' dir='ltr'>coheredes</span> <span class='ocrx_word' id='word_1_849' title='bbox 1753 1228 1860 1253; x_wconf 86' lang='lat' dir='ltr'>Christi.</span> <span class='ocrx_word' id='word_1_850' title='bbox 1897 1230 1969 1254; x_wconf 83' lang='lat' dir='ltr'>Alibi</span> <span class='ocrx_word' id='word_1_851' title='bbox 1992 1238 2055 1254; x_wconf 88' lang='lat' dir='ltr'>uero</span> <span class='ocrx_word' id='word_1_852' title='bbox 2077 1233 2140 1256; x_wconf 86' lang='lat' dir='ltr'>scri-</span> 
     </span>
     <span class='ocr_line' id='line_1_100' title="bbox 1160 1260 2140 1292; baseline 0.006 -9"><span class='ocrx_word' id='word_1_853' title='bbox 1160 1264 1231 1292; x_wconf 86' lang='lat' dir='ltr'>ptum</span> <span class='ocrx_word' id='word_1_854' title='bbox 1249 1264 1295 1289; x_wconf 78' lang='lat' dir='ltr'>est,</span> <span class='ocrx_word' id='word_1_855' title='bbox 1315 1260 1416 1284; x_wconf 83' lang='lat' dir='ltr'>Merces</span> <span class='ocrx_word' id='word_1_856' title='bbox 1435 1265 1523 1284; x_wconf 87' lang='lat' dir='ltr'>uestra</span> <span class='ocrx_word' id='word_1_857' title='bbox 1540 1261 1646 1292; x_wconf 87' lang='lat' dir='ltr'>copiosa</span> <span class='ocrx_word' id='word_1_858' title='bbox 1669 1263 1718 1286; x_wconf 89' lang='lat' dir='ltr'>erit</span> <span class='ocrx_word' id='word_1_859' title='bbox 1738 1263 1765 1286; x_wconf 87' lang='lat' dir='ltr'>in</span> <span class='ocrx_word' id='word_1_860' title='bbox 1789 1264 1876 1288; x_wconf 73' lang='lat' dir='ltr'>coelis.</span> <span class='ocrx_word' id='word_1_861' title='bbox 1913 1264 1985 1288; x_wconf 87' lang='lat' dir='ltr'>Haec</span> <span class='ocrx_word' id='word_1_862' title='bbox 2007 1266 2027 1288; x_wconf 90' lang='lat' dir='ltr'>si</span> <span class='ocrx_word' id='word_1_863' title='bbox 2051 1265 2140 1290; x_wconf 88' lang='lat' dir='ltr'>uiden-</span> 
     </span>
     <span class='ocr_line' id='line_1_101' title="bbox 1161 1295 2140 1331; baseline 0.006 -13"><span class='ocrx_word' id='word_1_864' title='bbox 1161 1299 1203 1319; x_wconf 87' lang='lat' dir='ltr'>tur</span> <span class='ocrx_word' id='word_1_865' title='bbox 1229 1295 1386 1327; x_wconf 76' lang='lat' dir='ltr'>aduersarijs</span> <span class='ocrx_word' id='word_1_866' title='bbox 1411 1295 1478 1319; x_wconf 86' lang='lat' dir='ltr'>inter</span> <span class='ocrx_word' id='word_1_867' title='bbox 1502 1302 1529 1319; x_wconf 88' lang='lat' dir='ltr'>se</span> <span class='ocrx_word' id='word_1_868' title='bbox 1552 1302 1680 1326; x_wconf 86' lang='lat' dir='ltr'>pugnare,</span> <span class='ocrx_word' id='word_1_869' title='bbox 1707 1297 1757 1328; x_wconf 85' lang='lat' dir='ltr'>ipsi</span> <span class='ocrx_word' id='word_1_870' title='bbox 1783 1297 1930 1328; x_wconf 86' lang='lat' dir='ltr'>expediant.</span> <span class='ocrx_word' id='word_1_871' title='bbox 1972 1297 2025 1323; x_wconf 91' lang='lat' dir='ltr'>Sed</span> <span class='ocrx_word' id='word_1_872' title='bbox 2049 1306 2140 1331; x_wconf 87' lang='lat' dir='ltr'>parum</span> 
     </span>
     <span class='ocr_line' id='line_1_102' title="bbox 1161 1329 2141 1362; baseline 0.006 -10"><span class='ocrx_word' id='word_1_873' title='bbox 1161 1330 1235 1360; x_wconf 84' lang='lat' dir='ltr'>aequi</span> <span class='ocrx_word' id='word_1_874' title='bbox 1254 1329 1354 1353; x_wconf 79' lang='lat' dir='ltr'>iudices</span> <span class='ocrx_word' id='word_1_875' title='bbox 1371 1333 1440 1352; x_wconf 84' lang='lat' dir='ltr'>sunt.</span> <span class='ocrx_word' id='word_1_876' title='bbox 1475 1329 1543 1353; x_wconf 87' lang='lat' dir='ltr'>Nam</span> <span class='ocrx_word' id='word_1_877' title='bbox 1567 1330 1629 1354; x_wconf 88' lang='lat' dir='ltr'>doni</span> <span class='ocrx_word' id='word_1_878' title='bbox 1644 1330 1664 1361; x_wconf 92' lang='lat' dir='ltr'>l)</span> <span class='ocrx_word' id='word_1_879' title='bbox 1689 1331 1842 1356; x_wconf 84' lang='lat' dir='ltr'>uocabulum</span> <span class='ocrx_word' id='word_1_880' title='bbox 1861 1334 1994 1362; x_wconf 84' lang='lat' dir='ltr'>omittunt,</span> <span class='ocrx_word' id='word_1_881' title='bbox 2019 1334 2141 1358; x_wconf 85' lang='lat' dir='ltr'>omittunt</span> 
     </span>
     <span class='ocr_line' id='line_1_103' title="bbox 1161 1364 2140 1400; baseline 0.006 -14"><span class='ocrx_word' id='word_1_882' title='bbox 1161 1368 1187 1387; x_wconf 82' lang='lat' dir='ltr'>et</span> <span class='ocrx_word' id='word_1_883' title='bbox 1204 1364 1290 1387; x_wconf 74' lang='lat' dir='ltr'>fontes</span> <span class='ocrx_word' id='word_1_884' title='bbox 1315 1364 1395 1387; x_wconf 86' lang='lat' dir='ltr'>totius</span> <span class='ocrx_word' id='word_1_885' title='bbox 1417 1365 1535 1395; x_wconf 83' lang='lat' dir='ltr'>negocij,</span> <span class='ocrx_word' id='word_1_886' title='bbox 1559 1365 1689 1395; x_wconf 90' lang='lat' dir='ltr'>quomodo</span> <span class='ocrx_word' id='word_1_887' title='bbox 1713 1365 1884 1390; x_wconf 69' lang='lat' dir='ltr'>iustificantur</span> <span class='ocrx_word' id='word_1_888' title='bbox 1910 1366 2043 1397; x_wconf 89' lang='lat' dir='ltr'>homines,</span> <span class='ocrx_word' id='word_1_889' title='bbox 2068 1368 2140 1400; x_wconf 88' lang='lat' dir='ltr'>quod</span> 
     </span>
     <span class='ocr_line' id='line_1_104' title="bbox 1159 1397 2140 1432; baseline 0.006 -12"><span class='ocrx_word' id='word_1_890' title='bbox 1159 1402 1283 1429; x_wconf 86' lang='lat' dir='ltr'>perpetuo</span> <span class='ocrx_word' id='word_1_891' title='bbox 1312 1399 1345 1421; x_wconf 89' lang='lat' dir='ltr'>sit</span> <span class='ocrx_word' id='word_1_892' title='bbox 1371 1398 1498 1421; x_wconf 88' lang='lat' dir='ltr'>mediator</span> <span class='ocrx_word' id='word_1_893' title='bbox 1522 1397 1646 1423; x_wconf 86' lang='lat' dir='ltr'>Christus.</span> <span class='ocrx_word' id='word_1_894' title='bbox 1689 1399 1795 1424; x_wconf 87' lang='lat' dir='ltr'>Interim</span> <span class='ocrx_word' id='word_1_895' title='bbox 1819 1405 1962 1432; x_wconf 86' lang='lat' dir='ltr'>excerpunt</span> <span class='ocrx_word' id='word_1_896' title='bbox 1983 1402 2140 1426; x_wconf 84' lang='lat' dir='ltr'>uocabulum</span> 
     </span>
     <span class='ocr_line' id='line_1_105' title="bbox 1162 1431 2140 1465; baseline 0.006 -10"><span class='ocrx_word' id='word_1_897' title='bbox 1162 1432 1304 1461; x_wconf 86' lang='lat' dir='ltr'>mercedis,</span> <span class='ocrx_word' id='word_1_898' title='bbox 1318 1432 1353 1463; x_wconf 86' lang='lat' dir='ltr'>m)</span> <span class='ocrx_word' id='word_1_899' title='bbox 1371 1431 1453 1463; x_wconf 89' lang='lat' dir='ltr'>quue</span> <span class='ocrx_word' id='word_1_900' title='bbox 1471 1432 1638 1457; x_wconf 88' lang='lat' dir='ltr'>acerbissime</span> <span class='ocrx_word' id='word_1_901' title='bbox 1656 1433 1858 1465; x_wconf 85' lang='lat' dir='ltr'>interpretantur</span> <span class='ocrx_word' id='word_1_902' title='bbox 1874 1443 1928 1459; x_wconf 90' lang='lat' dir='ltr'>uon</span> <span class='ocrx_word' id='word_1_903' title='bbox 1946 1436 2029 1460; x_wconf 87' lang='lat' dir='ltr'>solum</span> <span class='ocrx_word' id='word_1_904' title='bbox 2048 1440 2140 1461; x_wconf 82' lang='lat' dir='ltr'>contra</span> 
     </span>
     <span class='ocr_line' id='line_1_106' title="bbox 1160 1466 2140 1497; baseline 0.006 -8"><span class='ocrx_word' id='word_1_905' title='bbox 1160 1466 1328 1497; x_wconf 81' lang='lat' dir='ltr'>scripturam,</span> <span class='ocrx_word' id='word_1_906' title='bbox 1355 1466 1403 1490; x_wconf 88' lang='lat' dir='ltr'>sed</span> <span class='ocrx_word' id='word_1_907' title='bbox 1433 1466 1509 1490; x_wconf 79' lang='lat' dir='ltr'>etiam</span> <span class='ocrx_word' id='word_1_908' title='bbox 1537 1471 1630 1491; x_wconf 83' lang='lat' dir='ltr'>contra</span> <span class='ocrx_word' id='word_1_909' title='bbox 1656 1469 1781 1492; x_wconf 86' lang='lat' dir='ltr'>sermonis</span> <span class='ocrx_word' id='word_1_910' title='bbox 1809 1470 2030 1495; x_wconf 79' lang='lat' dir='ltr'>consuetudinem.</span> <span class='ocrx_word' id='word_1_911' title='bbox 2070 1471 2140 1495; x_wconf 82' lang='lat' dir='ltr'>Hinc</span> 
     </span>
     <span class='ocr_line' id='line_1_107' title="bbox 1158 1500 2140 1535; baseline 0.006 -12"><span class='ocrx_word' id='word_1_912' title='bbox 1158 1501 1361 1530; x_wconf 85' lang='lat' dir='ltr'>ratiocinantur,</span> <span class='ocrx_word' id='word_1_913' title='bbox 1389 1500 1450 1531; x_wconf 84' lang='lat' dir='ltr'>quia</span> <span class='ocrx_word' id='word_1_914' title='bbox 1472 1507 1571 1524; x_wconf 86' lang='lat' dir='ltr'>merces</span> <span class='ocrx_word' id='word_1_915' title='bbox 1595 1502 1756 1532; x_wconf 84' lang='lat' dir='ltr'>nominatur,</span> <span class='ocrx_word' id='word_1_916' title='bbox 1778 1504 1839 1528; x_wconf 89' lang='lat' dir='ltr'>ideo</span> <span class='ocrx_word' id='word_1_917' title='bbox 1863 1511 1943 1535; x_wconf 86' lang='lat' dir='ltr'>opera</span> <span class='ocrx_word' id='word_1_918' title='bbox 1968 1508 2057 1529; x_wconf 89' lang='lat' dir='ltr'>nostra</span> <span class='ocrx_word' id='word_1_919' title='bbox 2079 1508 2140 1529; x_wconf 86' lang='lat' dir='ltr'>sunt</span> 
     </span>
     <span class='ocr_line' id='line_1_108' title="bbox 1160 1534 2140 1569; baseline 0.006 -12"><span class='ocrx_word' id='word_1_920' title='bbox 1160 1535 1300 1564; x_wconf 82' lang='lat' dir='ltr'>eiusmodi,</span> <span class='ocrx_word' id='word_1_921' title='bbox 1327 1541 1393 1564; x_wconf 81' lang='lat' dir='ltr'>quae</span> <span class='ocrx_word' id='word_1_922' title='bbox 1421 1534 1532 1558; x_wconf 81' lang='lat' dir='ltr'>debeant</span> <span class='ocrx_word' id='word_1_923' title='bbox 1558 1542 1614 1559; x_wconf 82' lang='lat' dir='ltr'>esse</span> <span class='ocrx_word' id='word_1_924' title='bbox 1640 1538 1771 1568; x_wconf 75' lang='lat' dir='ltr'>precium,</span> <span class='ocrx_word' id='word_1_925' title='bbox 1798 1545 1845 1569; x_wconf 93' lang='lat' dir='ltr'>pro</span> <span class='ocrx_word' id='word_1_926' title='bbox 1873 1546 1924 1569; x_wconf 89' lang='lat' dir='ltr'>quo</span> <span class='ocrx_word' id='word_1_927' title='bbox 1952 1538 2060 1563; x_wconf 79' lang='lat' dir='ltr'>debetur</span> <span class='ocrx_word' id='word_1_928' title='bbox 2084 1540 2140 1564; x_wconf 78' lang='lat' dir='ltr'>uita</span> 
     </span>
     <span class='ocr_line' id='line_1_109' title="bbox 1159 1568 2138 1597; baseline 0.005 -5"><span class='ocrx_word' id='word_1_929' title='bbox 1159 1573 1272 1593; x_wconf 87' lang='lat' dir='ltr'>aeterna.</span> <span class='ocrx_word' id='word_1_930' title='bbox 1308 1568 1390 1593; x_wconf 84' lang='lat' dir='ltr'>Plane</span> <span class='ocrx_word' id='word_1_931' title='bbox 1408 1576 1477 1593; x_wconf 89' lang='lat' dir='ltr'>noua</span> <span class='ocrx_word' id='word_1_932' title='bbox 1501 1573 1540 1593; x_wconf 82' lang='lat' dir='ltr'>cst</span> <span class='ocrx_word' id='word_1_933' title='bbox 1557 1569 1620 1594; x_wconf 89' lang='lat' dir='ltr'>haec</span> <span class='ocrx_word' id='word_1_934' title='bbox 1644 1570 1799 1597; x_wconf 85' lang='lat' dir='ltr'>Dialectica.</span> <span class='ocrx_word' id='word_1_935' title='bbox 1834 1572 1997 1596; x_wconf 86' lang='lat' dir='ltr'>Vocabulum</span> <span class='ocrx_word' id='word_1_936' title='bbox 2021 1572 2138 1597; x_wconf 85' lang='lat' dir='ltr'>audimus</span> 
     </span>
     <span class='ocr_line' id='line_1_110' title="bbox 1158 1603 2138 1638; baseline 0.005 -12"><span class='ocrx_word' id='word_1_937' title='bbox 1158 1603 1297 1627; x_wconf 81' lang='lat' dir='ltr'>Mercedis.</span> <span class='ocrx_word' id='word_1_938' title='bbox 1314 1603 1348 1635; x_wconf 79' lang='lat'>¹¹³)</span> <span class='ocrx_word' id='word_1_939' title='bbox 1383 1603 1468 1634; x_wconf 86' lang='lat' dir='ltr'>Igitur</span> <span class='ocrx_word' id='word_1_940' title='bbox 1485 1609 1565 1635; x_wconf 76' lang='lat' dir='ltr'>opera</span> <span class='ocrx_word' id='word_1_941' title='bbox 1582 1608 1672 1629; x_wconf 84' lang='lat' dir='ltr'>nostra</span> <span class='ocrx_word' id='word_1_942' title='bbox 1689 1605 1743 1636; x_wconf 79' lang='lat' dir='ltr'>legi</span> <span class='ocrx_word' id='word_1_943' title='bbox 1761 1607 1937 1637; x_wconf 82' lang='lat' dir='ltr'>satisfaciunt,</span> <span class='ocrx_word' id='word_1_944' title='bbox 1955 1607 2035 1638; x_wconf 75' lang='lat' dir='ltr'>igitur</span> <span class='ocrx_word' id='word_1_945' title='bbox 2053 1614 2138 1632; x_wconf 87' lang='lat' dir='ltr'>sumus</span> 
     </span>
     <span class='ocr_line' id='line_1_111' title="bbox 1159 1636 2139 1672; baseline 0.005 -11"><span class='ocrx_word' id='word_1_946' title='bbox 1159 1638 1258 1670; x_wconf 76' lang='lat' dir='ltr'>accepti</span> <span class='ocrx_word' id='word_1_947' title='bbox 1276 1636 1333 1661; x_wconf 87' lang='lat' dir='ltr'>Deo</span> <span class='ocrx_word' id='word_1_948' title='bbox 1350 1642 1458 1669; x_wconf 87' lang='lat' dir='ltr'>propter</span> <span class='ocrx_word' id='word_1_949' title='bbox 1480 1645 1560 1669; x_wconf 85' lang='lat' dir='ltr'>opera</span> <span class='ocrx_word' id='word_1_950' title='bbox 1583 1642 1687 1670; x_wconf 88' lang='lat' dir='ltr'>nostra,</span> <span class='ocrx_word' id='word_1_951' title='bbox 1711 1647 1759 1664; x_wconf 88' lang='lat' dir='ltr'>nec</span> <span class='ocrx_word' id='word_1_952' title='bbox 1782 1641 1928 1671; x_wconf 87' lang='lat' dir='ltr'>indigemus</span> <span class='ocrx_word' id='word_1_953' title='bbox 1951 1642 2139 1672; x_wconf 86' lang='lat' dir='ltr'>misericordia,</span> 
     </span>
     <span class='ocr_line' id='line_1_112' title="bbox 1159 1672 2137 1706; baseline 0.006 -11"><span class='ocrx_word' id='word_1_954' title='bbox 1159 1675 1204 1696; x_wconf 76' lang='lat' dir='ltr'>aut</span> <span class='ocrx_word' id='word_1_955' title='bbox 1220 1673 1393 1704; x_wconf 83' lang='lat' dir='ltr'>propiciatore</span> <span class='ocrx_word' id='word_1_956' title='bbox 1411 1672 1533 1702; x_wconf 84' lang='lat' dir='ltr'>Christo,</span> <span class='ocrx_word' id='word_1_957' title='bbox 1557 1676 1602 1697; x_wconf 86' lang='lat' dir='ltr'>aut</span> <span class='ocrx_word' id='word_1_958' title='bbox 1619 1673 1672 1697; x_wconf 82' lang='lat' dir='ltr'>fide</span> <span class='ocrx_word' id='word_1_959' title='bbox 1688 1674 1899 1706; x_wconf 86' lang='lat' dir='ltr'>apprehendente</span> <span class='ocrx_word' id='word_1_960' title='bbox 1923 1675 2137 1701; x_wconf 69' lang='lat' dir='ltr'>misericordiam.</span> 
     </span>
     <span class='ocr_line' id='line_1_113' title="bbox 1158 1705 2139 1742; baseline 0.006 -13"><span class='ocrx_word' id='word_1_961' title='bbox 1158 1707 1199 1730; x_wconf 79' lang='lat' dir='ltr'>Ac</span> <span class='ocrx_word' id='word_1_962' title='bbox 1217 1707 1349 1737; x_wconf 79' lang='lat' dir='ltr'>ingentem</span> <span class='ocrx_word' id='word_1_963' title='bbox 1367 1705 1475 1731; x_wconf 85' lang='lat' dir='ltr'>Soriten</span> <span class='ocrx_word' id='word_1_964' title='bbox 1500 1706 1663 1739; x_wconf 81' lang='lat' dir='ltr'>Chrysippeo</span> <span class='ocrx_word' id='word_1_965' title='bbox 1686 1716 1759 1733; x_wconf 85' lang='lat' dir='ltr'>more</span> <span class='ocrx_word' id='word_1_966' title='bbox 1783 1710 1923 1734; x_wconf 86' lang='lat' dir='ltr'>cumulant.</span> <span class='ocrx_word' id='word_1_967' title='bbox 1958 1709 2034 1734; x_wconf 86' lang='lat' dir='ltr'>Bona</span> <span class='ocrx_word' id='word_1_968' title='bbox 2057 1717 2139 1742; x_wconf 80' lang='lat' dir='ltr'>opera</span> 
     </span>
     <span class='ocr_line' id='line_1_114' title="bbox 1158 1741 2138 1776; baseline 0.005 -12"><span class='ocrx_word' id='word_1_969' title='bbox 1158 1744 1218 1764; x_wconf 88' lang='lat' dir='ltr'>sunt</span> <span class='ocrx_word' id='word_1_970' title='bbox 1238 1741 1354 1772; x_wconf 88' lang='lat' dir='ltr'>precium</span> <span class='ocrx_word' id='word_1_971' title='bbox 1376 1748 1424 1772; x_wconf 89' lang='lat' dir='ltr'>pro</span> <span class='ocrx_word' id='word_1_972' title='bbox 1448 1748 1499 1771; x_wconf 87' lang='lat' dir='ltr'>quo</span> <span class='ocrx_word' id='word_1_973' title='bbox 1525 1741 1632 1766; x_wconf 71' lang='lat' dir='ltr'>debetur</span> <span class='ocrx_word' id='word_1_974' title='bbox 1654 1743 1709 1767; x_wconf 82' lang='lat' dir='ltr'>uita</span> <span class='ocrx_word' id='word_1_975' title='bbox 1732 1747 1847 1769; x_wconf 85' lang='lat' dir='ltr'>aeterna.</span> <span class='ocrx_word' id='word_1_976' title='bbox 1883 1744 1959 1768; x_wconf 88' lang='lat' dir='ltr'>Bona</span> <span class='ocrx_word' id='word_1_977' title='bbox 1982 1751 2063 1776; x_wconf 82' lang='lat' dir='ltr'>opera</span> <span class='ocrx_word' id='word_1_978' title='bbox 2086 1745 2138 1776; x_wconf 81' lang='lat' dir='ltr'>legi</span> 
     </span>
     <span class='ocr_line' id='line_1_115' title="bbox 1158 1774 2137 1810; baseline 0.006 -13"><span class='ocrx_word' id='word_1_979' title='bbox 1158 1774 1209 1798; x_wconf 89' lang='lat' dir='ltr'>Dei</span> <span class='ocrx_word' id='word_1_980' title='bbox 1228 1775 1398 1798; x_wconf 80' lang='lat' dir='ltr'>satisfaciunt.</span> <span class='ocrx_word' id='word_1_981' title='bbox 1434 1774 1469 1799; x_wconf 82' lang='lat' dir='ltr'>Et</span> <span class='ocrx_word' id='word_1_982' title='bbox 1486 1779 1590 1806; x_wconf 84' lang='lat' dir='ltr'>praeter</span> <span class='ocrx_word' id='word_1_983' title='bbox 1607 1776 1672 1800; x_wconf 87' lang='lat' dir='ltr'>haec</span> <span class='ocrx_word' id='word_1_984' title='bbox 1690 1777 1746 1801; x_wconf 85' lang='lat' dir='ltr'>fieri</span> <span class='ocrx_word' id='word_1_985' title='bbox 1770 1782 1877 1809; x_wconf 85' lang='lat' dir='ltr'>possunt</span> <span class='ocrx_word' id='word_1_986' title='bbox 1901 1786 1980 1810; x_wconf 81' lang='lat' dir='ltr'>opera</span> <span class='ocrx_word' id='word_1_987' title='bbox 2003 1786 2137 1810; x_wconf 83' lang='lat' dir='ltr'>superero-</span> 
     </span>
     <span class='ocr_line' id='line_1_116' title="bbox 1158 1808 2137 1844; baseline 0.006 -12"><span class='ocrx_word' id='word_1_988' title='bbox 1158 1809 1280 1839; x_wconf 80' lang='lat' dir='ltr'>gationis.</span> <span class='ocrx_word' id='word_1_989' title='bbox 1307 1808 1369 1833; x_wconf 84' lang='lat' dir='ltr'>Non</span> <span class='ocrx_word' id='word_1_990' title='bbox 1387 1809 1471 1833; x_wconf 87' lang='lat' dir='ltr'>solum</span> <span class='ocrx_word' id='word_1_991' title='bbox 1490 1811 1570 1840; x_wconf 84' lang='lat' dir='ltr'>igitur</span> <span class='ocrx_word' id='word_1_992' title='bbox 1587 1810 1638 1841; x_wconf 85' lang='lat' dir='ltr'>legi</span> <span class='ocrx_word' id='word_1_993' title='bbox 1647 1810 1699 1834; x_wconf 91' lang='lat' dir='ltr'>Dei</span> <span class='ocrx_word' id='word_1_994' title='bbox 1719 1812 1868 1836; x_wconf 80' lang='lat' dir='ltr'>satisfacere</span> <span class='ocrx_word' id='word_1_995' title='bbox 1886 1812 2003 1837; x_wconf 85' lang='lat' dir='ltr'>homines</span> <span class='ocrx_word' id='word_1_996' title='bbox 2022 1818 2137 1844; x_wconf 84' lang='lat' dir='ltr'>possunt,</span> 
     </span>
     <span class='ocr_line' id='line_1_117' title="bbox 1158 1843 2135 1878; baseline 0.005 -12"><span class='ocrx_word' id='word_1_997' title='bbox 1158 1843 1204 1867; x_wconf 89' lang='lat' dir='ltr'>sed</span> <span class='ocrx_word' id='word_1_998' title='bbox 1231 1845 1307 1867; x_wconf 84' lang='lat' dir='ltr'>etiam</span> <span class='ocrx_word' id='word_1_999' title='bbox 1337 1843 1446 1874; x_wconf 83' lang='lat' dir='ltr'>amplius</span> <span class='ocrx_word' id='word_1_1000' title='bbox 1472 1843 1565 1868; x_wconf 79' lang='lat' dir='ltr'>facere.</span> <span class='ocrx_word' id='word_1_1001' title='bbox 1601 1845 1636 1868; x_wconf 85' lang='lat' dir='ltr'>Et</span> <span class='ocrx_word' id='word_1_1002' title='bbox 1659 1846 1718 1876; x_wconf 77' lang='lat' dir='ltr'>quin</span> <span class='ocrx_word' id='word_1_1003' title='bbox 1747 1845 1871 1870; x_wconf 85' lang='lat' dir='ltr'>Monachi</span> <span class='ocrx_word' id='word_1_1004' title='bbox 1895 1847 2003 1878; x_wconf 88' lang='lat' dir='ltr'>amplius</span> <span class='ocrx_word' id='word_1_1005' title='bbox 2027 1847 2135 1878; x_wconf 79' lang='lat' dir='ltr'>faciunt,</span> 
     </span>
     <span class='ocr_line' id='line_1_118' title="bbox 1158 1878 2136 1914; baseline 0.004 -13"><span class='ocrx_word' id='word_1_1006' title='bbox 1158 1881 1295 1908; x_wconf 88' lang='lat' dir='ltr'>supersunt</span> <span class='ocrx_word' id='word_1_1007' title='bbox 1319 1878 1358 1901; x_wconf 89' lang='lat' dir='ltr'>eis</span> <span class='ocrx_word' id='word_1_1008' title='bbox 1382 1878 1482 1901; x_wconf 51' lang='lat' dir='ltr'>meriti.</span> <span class='ocrx_word' id='word_1_1009' title='bbox 1519 1878 1553 1901; x_wconf 84' lang='lat' dir='ltr'>Et</span> <span class='ocrx_word' id='word_1_1010' title='bbox 1576 1880 1698 1910; x_wconf 85' lang='lat' dir='ltr'>quoniam</span> <span class='ocrx_word' id='word_1_1011' title='bbox 1725 1879 1866 1905; x_wconf 82' lang='lat' dir='ltr'>liberalitas</span> <span class='ocrx_word' id='word_1_1012' title='bbox 1891 1886 1929 1904; x_wconf 87' lang='lat' dir='ltr'>est</span> <span class='ocrx_word' id='word_1_1013' title='bbox 1957 1881 2045 1912; x_wconf 83' lang='lat' dir='ltr'>largiri</span> <span class='ocrx_word' id='word_1_1014' title='bbox 2070 1882 2136 1914; x_wconf 77' lang='lat' dir='ltr'>aliJ&#39;s,</span> 
     </span>
     <span class='ocr_line' id='line_1_119' title="bbox 1159 1912 2137 1947; baseline 0.006 -13"><span class='ocrx_word' id='word_1_1015' title='bbox 1159 1912 1190 1935; x_wconf 91' lang='lat' dir='ltr'>de</span> <span class='ocrx_word' id='word_1_1016' title='bbox 1209 1919 1240 1935; x_wconf 84' lang='lat' dir='ltr'>eo</span> <span class='ocrx_word' id='word_1_1017' title='bbox 1259 1912 1329 1943; x_wconf 88' lang='lat' dir='ltr'>quod</span> <span class='ocrx_word' id='word_1_1018' title='bbox 1347 1916 1471 1943; x_wconf 88' lang='lat' dir='ltr'>superest,</span> <span class='ocrx_word' id='word_1_1019' title='bbox 1490 1912 1550 1936; x_wconf 90' lang='lat' dir='ltr'>licet</span> <span class='ocrx_word' id='word_1_1020' title='bbox 1568 1913 1665 1937; x_wconf 87' lang='lat' dir='ltr'>donare</span> <span class='ocrx_word' id='word_1_1021' title='bbox 1684 1913 1731 1937; x_wconf 88' lang='lat' dir='ltr'>illa</span> <span class='ocrx_word' id='word_1_1022' title='bbox 1749 1916 1841 1938; x_wconf 87' lang='lat' dir='ltr'>merita</span> <span class='ocrx_word' id='word_1_1023' title='bbox 1862 1915 1932 1947; x_wconf 89' lang='lat' dir='ltr'>alijs,</span> <span class='ocrx_word' id='word_1_1024' title='bbox 1956 1915 2092 1947; x_wconf 79' lang='lat' dir='ltr'>Affingunt</span> <span class='ocrx_word' id='word_1_1025' title='bbox 2111 1920 2137 1940; x_wconf 88' lang='lat' dir='ltr'>et</span> 
     </span>
     <span class='ocr_line' id='line_1_120' title="bbox 1158 1946 2137 1979; baseline 0.005 -10"><span class='ocrx_word' id='word_1_1026' title='bbox 1158 1950 1345 1970; x_wconf 79' lang='lat' dir='ltr'>sacramentum</span> <span class='ocrx_word' id='word_1_1027' title='bbox 1363 1946 1439 1970; x_wconf 86' lang='lat' dir='ltr'>huius</span> <span class='ocrx_word' id='word_1_1028' title='bbox 1459 1947 1622 1976; x_wconf 86' lang='lat' dir='ltr'>donationis,</span> <span class='ocrx_word' id='word_1_1029' title='bbox 1646 1949 1754 1972; x_wconf 84' lang='lat' dir='ltr'>mortuis</span> <span class='ocrx_word' id='word_1_1030' title='bbox 1780 1950 1931 1973; x_wconf 88' lang='lat' dir='ltr'>circundant</span> <span class='ocrx_word' id='word_1_1031' title='bbox 1954 1951 2084 1979; x_wconf 84' lang='lat' dir='ltr'>cucullos,</span> <span class='ocrx_word' id='word_1_1032' title='bbox 2108 1954 2137 1974; x_wconf 91' lang='lat' dir='ltr'>ut</span> 
     </span>
     <span class='ocr_line' id='line_1_121' title="bbox 1158 1980 2136 2011; baseline 0.005 -8"><span class='ocrx_word' id='word_1_1033' title='bbox 1158 1983 1284 2004; x_wconf 86' lang='lat' dir='ltr'>testentur</span> <span class='ocrx_word' id='word_1_1034' title='bbox 1303 1981 1348 2009; x_wconf 88' lang='lat' dir='ltr'>eis,</span> <span class='ocrx_word' id='word_1_1035' title='bbox 1368 1980 1497 2011; x_wconf 82' lang='lat' dir='ltr'>applicata</span> <span class='ocrx_word' id='word_1_1036' title='bbox 1515 1988 1570 2005; x_wconf 82' lang='lat' dir='ltr'>esse</span> <span class='ocrx_word' id='word_1_1037' title='bbox 1589 1982 1674 2006; x_wconf 89' lang='lat' dir='ltr'>aliena</span> <span class='ocrx_word' id='word_1_1038' title='bbox 1693 1984 1792 2007; x_wconf 88' lang='lat' dir='ltr'>merita.</span> <span class='ocrx_word' id='word_1_1039' title='bbox 1830 1984 1934 2007; x_wconf 87' lang='lat' dir='ltr'>Talibus</span> <span class='ocrx_word' id='word_1_1040' title='bbox 1959 1985 2136 2008; x_wconf 70' lang='lat' dir='ltr'>coaceruatio-</span> 
     </span>
     <span class='ocr_line' id='line_1_122' title="bbox 1156 2014 2136 2051; baseline 0.005 -13"><span class='ocrx_word' id='word_1_1041' title='bbox 1156 2014 1231 2038; x_wconf 86' lang='lat' dir='ltr'>nibus</span> <span class='ocrx_word' id='word_1_1042' title='bbox 1249 2014 1403 2039; x_wconf 84' lang='lat' dir='ltr'>beneficium</span> <span class='ocrx_word' id='word_1_1043' title='bbox 1421 2014 1518 2039; x_wconf 86' lang='lat' dir='ltr'>Christi</span> <span class='ocrx_word' id='word_1_1044' title='bbox 1542 2020 1568 2039; x_wconf 87' lang='lat' dir='ltr'>et</span> <span class='ocrx_word' id='word_1_1045' title='bbox 1587 2017 1716 2041; x_wconf 86' lang='lat' dir='ltr'>iusticiam</span> <span class='ocrx_word' id='word_1_1046' title='bbox 1739 2017 1800 2042; x_wconf 85' lang='lat' dir='ltr'>fidei</span> <span class='ocrx_word' id='word_1_1047' title='bbox 1820 2017 1960 2042; x_wconf 84' lang='lat' dir='ltr'>obscurant</span> <span class='ocrx_word' id='word_1_1048' title='bbox 1985 2019 2136 2051; x_wconf 83' lang='lat' dir='ltr'>aduersarij.</span> 
     </span>
    </p>

    <p class='ocr_par' dir='ltr' id='par_1_12' title="bbox 1155 2048 2136 2347">
     <span class='ocr_line' id='line_1_123' title="bbox 1225 2048 2136 2084; baseline 0.005 -12"><span class='ocrx_word' id='word_1_1049' title='bbox 1225 2049 1286 2073; x_wconf 88' lang='lat' dir='ltr'>Non</span> <span class='ocrx_word' id='word_1_1050' title='bbox 1303 2056 1437 2073; x_wconf 88' lang='lat' dir='ltr'>monemus</span> <span class='ocrx_word' id='word_1_1051' title='bbox 1455 2050 1557 2073; x_wconf 89' lang='lat' dir='ltr'>inanem</span> <span class='ocrx_word' id='word_1_1052' title='bbox 1576 2048 1749 2083; x_wconf 75' lang='grc' dir='ltr'><em>λογομαχίαν</em></span> <span class='ocrx_word' id='word_1_1053' title='bbox 1767 2052 1798 2075; x_wconf 91' lang='lat' dir='ltr'>de</span> <span class='ocrx_word' id='word_1_1054' title='bbox 1817 2052 1953 2076; x_wconf 79' lang='lat' dir='ltr'>uocabulo,</span> <span class='ocrx_word' id='word_1_1055' title='bbox 1981 2053 2022 2077; x_wconf 89' lang='lat' dir='ltr'>De</span> <span class='ocrx_word' id='word_1_1056' title='bbox 2040 2060 2136 2084; x_wconf 79' lang='lat' dir='ltr'>magna</span> 
     </span>
     <span class='ocr_line' id='line_1_124' title="bbox 1156 2083 2136 2118; baseline 0.005 -12"><span class='ocrx_word' id='word_1_1057' title='bbox 1156 2090 1185 2107; x_wconf 87' lang='lat' dir='ltr'>re</span> <span class='ocrx_word' id='word_1_1058' title='bbox 1202 2083 1343 2114; x_wconf 80' lang='lat' dir='ltr'>litigamus,</span> <span class='ocrx_word' id='word_1_1059' title='bbox 1362 2084 1439 2107; x_wconf 79' lang='lat' dir='ltr'>vnde</span> <span class='ocrx_word' id='word_1_1060' title='bbox 1458 2083 1569 2107; x_wconf 87' lang='lat' dir='ltr'>debeant</span> <span class='ocrx_word' id='word_1_1061' title='bbox 1586 2085 1644 2116; x_wconf 86' lang='lat' dir='ltr'>piae</span> <span class='ocrx_word' id='word_1_1062' title='bbox 1663 2090 1761 2109; x_wconf 88' lang='lat' dir='ltr'>mentes</span> <span class='ocrx_word' id='word_1_1063' title='bbox 1780 2090 1876 2110; x_wconf 84' lang='lat' dir='ltr'>certam</span> <span class='ocrx_word' id='word_1_1064' title='bbox 1886 2094 1956 2118; x_wconf 89' lang='lat' dir='ltr'>spem</span> <span class='ocrx_word' id='word_1_1065' title='bbox 1967 2088 2056 2111; x_wconf 85' lang='lat' dir='ltr'>salutis</span> <span class='ocrx_word' id='word_1_1066' title='bbox 2075 2095 2136 2111; x_wconf 90' lang='lat' dir='ltr'>con-</span> 
     </span>
     <span class='ocr_line' id='line_1_125' title="bbox 1157 2117 2134 2153; baseline 0.003 -11"><span class='ocrx_word' id='word_1_1067' title='bbox 1157 2119 1251 2149; x_wconf 84' lang='lat' dir='ltr'>cipere.</span> <span class='ocrx_word' id='word_1_1068' title='bbox 1286 2117 1379 2141; x_wconf 81' lang='lat' dir='ltr'>Vtrum</span> <span class='ocrx_word' id='word_1_1069' title='bbox 1398 2117 1467 2141; x_wconf 83' lang='lat' dir='ltr'>bona</span> <span class='ocrx_word' id='word_1_1070' title='bbox 1486 2125 1566 2149; x_wconf 83' lang='lat' dir='ltr'>opera</span> <span class='ocrx_word' id='word_1_1071' title='bbox 1583 2120 1684 2150; x_wconf 86' lang='lat' dir='ltr'>possint</span> <span class='ocrx_word' id='word_1_1072' title='bbox 1702 2121 1870 2145; x_wconf 79' lang='lat' dir='ltr'>conscientias</span> <span class='ocrx_word' id='word_1_1073' title='bbox 1894 2121 2003 2145; x_wconf 85' lang='lat' dir='ltr'>reddere</span> <span class='ocrx_word' id='word_1_1074' title='bbox 2022 2125 2134 2153; x_wconf 81' lang='lat' dir='ltr'>pacatas.</span> 
     </span>
     <span class='ocr_line' id='line_1_126' title="bbox 1155 2151 2135 2185; baseline 0.004 -10"><span class='ocrx_word' id='word_1_1075' title='bbox 1155 2151 1249 2176; x_wconf 83' lang='lat' dir='ltr'>Vtrum</span> <span class='ocrx_word' id='word_1_1076' title='bbox 1268 2153 1364 2176; x_wconf 82' lang='lat' dir='ltr'>sentire</span> <span class='ocrx_word' id='word_1_1077' title='bbox 1382 2152 1501 2181; x_wconf 80' lang='lat' dir='ltr'>debeant,</span> <span class='ocrx_word' id='word_1_1078' title='bbox 1520 2153 1555 2176; x_wconf 85' lang='lat' dir='ltr'>ita</span> <span class='ocrx_word' id='word_1_1079' title='bbox 1579 2155 1730 2185; x_wconf 68' lang='lat' dir='ltr'>confingere</span> <span class='ocrx_word' id='word_1_1080' title='bbox 1752 2155 1832 2179; x_wconf 85' lang='lat' dir='ltr'>uitam</span> <span class='ocrx_word' id='word_1_1081' title='bbox 1856 2159 1997 2185; x_wconf 82' lang='lat' dir='ltr'>aeternam,</span> <span class='ocrx_word' id='word_1_1082' title='bbox 2021 2156 2042 2179; x_wconf 90' lang='lat' dir='ltr'>si</span> <span class='ocrx_word' id='word_1_1083' title='bbox 2065 2156 2135 2180; x_wconf 77' lang='lat' dir='ltr'>bona</span> 
     </span>
     <span class='ocr_line' id='line_1_127' title="bbox 1156 2186 2134 2222; baseline 0.003 -12"><span class='ocrx_word' id='word_1_1084' title='bbox 1156 2193 1238 2217; x_wconf 84' lang='lat' dir='ltr'>opera</span> <span class='ocrx_word' id='word_1_1085' title='bbox 1255 2190 1388 2218; x_wconf 84' lang='lat' dir='ltr'>opponant</span> <span class='ocrx_word' id='word_1_1086' title='bbox 1406 2187 1503 2211; x_wconf 88' lang='lat' dir='ltr'>iudicio</span> <span class='ocrx_word' id='word_1_1087' title='bbox 1522 2186 1583 2217; x_wconf 86' lang='lat' dir='ltr'>Dei,</span> <span class='ocrx_word' id='word_1_1088' title='bbox 1602 2195 1634 2213; x_wconf 80' lang='lat' dir='ltr'>an</span> <span class='ocrx_word' id='word_1_1089' title='bbox 1653 2196 1716 2213; x_wconf 91' lang='lat' dir='ltr'>uero</span> <span class='ocrx_word' id='word_1_1090' title='bbox 1736 2189 1848 2213; x_wconf 88' lang='lat' dir='ltr'>debeant</span> <span class='ocrx_word' id='word_1_1091' title='bbox 1866 2191 1968 2219; x_wconf 81' lang='lat' dir='ltr'>sentire,</span> <span class='ocrx_word' id='word_1_1092' title='bbox 1987 2190 2056 2221; x_wconf 89' lang='lat' dir='ltr'>quod</span> <span class='ocrx_word' id='word_1_1093' title='bbox 2075 2197 2134 2222; x_wconf 89' lang='lat' dir='ltr'>pro-</span> 
     </span>
     <span class='ocr_line' id='line_1_128' title="bbox 1156 2220 2134 2256; baseline 0.004 -12"><span class='ocrx_word' id='word_1_1094' title='bbox 1156 2225 1213 2252; x_wconf 89' lang='lat' dir='ltr'>pter</span> <span class='ocrx_word' id='word_1_1095' title='bbox 1232 2220 1364 2245; x_wconf 85' lang='lat' dir='ltr'>Christum</span> <span class='ocrx_word' id='word_1_1096' title='bbox 1382 2228 1428 2252; x_wconf 90' lang='lat' dir='ltr'>per</span> <span class='ocrx_word' id='word_1_1097' title='bbox 1445 2221 1653 2246; x_wconf 87' lang='lat' dir='ltr'>misericordiam</span> <span class='ocrx_word' id='word_1_1098' title='bbox 1671 2227 1820 2254; x_wconf 88' lang='lat' dir='ltr'>reputentur</span> <span class='ocrx_word' id='word_1_1099' title='bbox 1839 2224 1912 2253; x_wconf 78' lang='lat' dir='ltr'>iusti,</span> <span class='ocrx_word' id='word_1_1100' title='bbox 1931 2228 1957 2247; x_wconf 90' lang='lat' dir='ltr'>et</span> <span class='ocrx_word' id='word_1_1101' title='bbox 1975 2231 2134 2256; x_wconf 85' lang='lat' dir='ltr'>consequan-</span> 
     </span>
     <span class='ocr_line' id='line_1_129' title="bbox 1156 2255 2134 2290; baseline 0.004 -12"><span class='ocrx_word' id='word_1_1102' title='bbox 1156 2259 1198 2278; x_wconf 92' lang='lat' dir='ltr'>tur</span> <span class='ocrx_word' id='word_1_1103' title='bbox 1215 2255 1294 2278; x_wconf 82' lang='lat' dir='ltr'>uitam</span> <span class='ocrx_word' id='word_1_1104' title='bbox 1314 2258 1453 2280; x_wconf 73' lang='lat' dir='ltr'>aeternam.</span> <span class='ocrx_word' id='word_1_1105' title='bbox 1492 2256 1564 2280; x_wconf 86' lang='lat' dir='ltr'>Haec</span> <span class='ocrx_word' id='word_1_1106' title='bbox 1582 2257 1690 2282; x_wconf 86' lang='lat' dir='ltr'>ueniunt</span> <span class='ocrx_word' id='word_1_1107' title='bbox 1707 2259 1733 2281; x_wconf 87' lang='lat' dir='ltr'>in</span> <span class='ocrx_word' id='word_1_1108' title='bbox 1754 2258 1971 2288; x_wconf 81' lang='lat' dir='ltr'>controuersiam,</span> <span class='ocrx_word' id='word_1_1109' title='bbox 1991 2266 2067 2290; x_wconf 86' lang='lat' dir='ltr'>quam</span> <span class='ocrx_word' id='word_1_1110' title='bbox 2085 2259 2134 2282; x_wconf 89' lang='lat' dir='ltr'>nisi</span> 
     </span>
     <span class='ocr_line' id='line_1_130' title="bbox 1157 2289 2133 2322; baseline 0.004 -10"><span class='ocrx_word' id='word_1_1111' title='bbox 1157 2289 1282 2321; x_wconf 88' lang='lat' dir='ltr'>dijudicet</span> <span class='ocrx_word' id='word_1_1112' title='bbox 1301 2290 1476 2320; x_wconf 86' lang='lat' dir='ltr'>couscientia,</span> <span class='ocrx_word' id='word_1_1113' title='bbox 1500 2297 1553 2314; x_wconf 90' lang='lat' dir='ltr'>non</span> <span class='ocrx_word' id='word_1_1114' title='bbox 1577 2295 1662 2322; x_wconf 87' lang='lat' dir='ltr'>potest</span> <span class='ocrx_word' id='word_1_1115' title='bbox 1680 2292 1775 2316; x_wconf 84' lang='lat' dir='ltr'>habere</span> <span class='ocrx_word' id='word_1_1116' title='bbox 1797 2292 1894 2316; x_wconf 81' lang='lat' dir='ltr'>firmam</span> <span class='ocrx_word' id='word_1_1117' title='bbox 1915 2296 1940 2315; x_wconf 85' lang='lat' dir='ltr'>et</span> <span class='ocrx_word' id='word_1_1118' title='bbox 1958 2297 2054 2316; x_wconf 86' lang='lat' dir='ltr'>certam</span> <span class='ocrx_word' id='word_1_1119' title='bbox 2073 2300 2133 2317; x_wconf 87' lang='lat' dir='ltr'>con-</span> 
     </span>
     <span class='ocr_line' id='line_1_131' title="bbox 1155 2323 1320 2347; baseline -0.006 0"><span class='ocrx_word' id='word_1_1120' title='bbox 1155 2323 1320 2347; x_wconf 69' lang='lat' dir='ltr'>solationem.</span> 
     </span>
    </p>

    <p class='ocr_par' dir='ltr' id='par_1_13' title="bbox 1157 2357 2133 2427">
     <span class='ocr_line' id='line_1_132' title="bbox 1225 2357 2132 2392; baseline 0.003 -11"><span class='ocrx_word' id='word_1_1121' title='bbox 1225 2357 1282 2382; x_wconf 88' lang='lat' dir='ltr'>Nos</span> <span class='ocrx_word' id='word_1_1122' title='bbox 1306 2362 1392 2382; x_wconf 84' lang='lat' dir='ltr'>autem</span> <span class='ocrx_word' id='word_1_1123' title='bbox 1416 2359 1478 2382; x_wconf 87' lang='lat' dir='ltr'>satis</span> <span class='ocrx_word' id='word_1_1124' title='bbox 1503 2359 1571 2383; x_wconf 86' lang='lat' dir='ltr'>clare</span> <span class='ocrx_word' id='word_1_1125' title='bbox 1595 2359 1769 2390; x_wconf 81' lang='lat' dir='ltr'>ostendimus,</span> <span class='ocrx_word' id='word_1_1126' title='bbox 1794 2361 1863 2392; x_wconf 89' lang='lat' dir='ltr'>quod</span> <span class='ocrx_word' id='word_1_1127' title='bbox 1887 2361 1956 2384; x_wconf 88' lang='lat' dir='ltr'>bona</span> <span class='ocrx_word' id='word_1_1128' title='bbox 1979 2367 2058 2392; x_wconf 80' lang='lat' dir='ltr'>opera</span> <span class='ocrx_word' id='word_1_1129' title='bbox 2080 2369 2132 2385; x_wconf 89' lang='lat' dir='ltr'>non</span> 
     </span>
     <span class='ocr_line' id='line_1_133' title="bbox 1157 2392 2133 2427; baseline 0.004 -12"><span class='ocrx_word' id='word_1_1130' title='bbox 1157 2392 1313 2416; x_wconf 80' lang='lat' dir='ltr'>satisfaciant</span> <span class='ocrx_word' id='word_1_1131' title='bbox 1332 2392 1384 2424; x_wconf 85' lang='lat' dir='ltr'>legi</span> <span class='ocrx_word' id='word_1_1132' title='bbox 1402 2392 1468 2422; x_wconf 85' lang='lat' dir='ltr'>Dei,</span> <span class='ocrx_word' id='word_1_1133' title='bbox 1488 2394 1555 2425; x_wconf 87' lang='lat' dir='ltr'>quod</span> <span class='ocrx_word' id='word_1_1134' title='bbox 1574 2393 1687 2418; x_wconf 85' lang='lat' dir='ltr'>habeant</span> <span class='ocrx_word' id='word_1_1135' title='bbox 1705 2402 1768 2426; x_wconf 89' lang='lat' dir='ltr'>opus</span> <span class='ocrx_word' id='word_1_1136' title='bbox 1788 2395 1974 2425; x_wconf 85' lang='lat' dir='ltr'>misericordia,</span> <span class='ocrx_word' id='word_1_1137' title='bbox 1993 2395 2062 2427; x_wconf 90' lang='lat' dir='ltr'>quod</span> <span class='ocrx_word' id='word_1_1138' title='bbox 2081 2395 2133 2419; x_wconf 86' lang='lat' dir='ltr'>fide</span> 
     </span>
    </p>
   </div>
   <div class='ocr_carea' id='block_1_7' title="bbox 1157 2545 1843 2664">
    <p class='ocr_par' dir='ltr' id='par_1_14' title="bbox 1157 2545 1843 2664">
     <span class='ocr_line' id='line_1_134' title="bbox 1175 2545 1491 2579; baseline 0.003 -10"><span class='ocrx_word' id='word_1_1139' title='bbox 1175 2545 1206 2578; x_wconf 81' lang='lat' dir='ltr'>k)</span> <span class='ocrx_word' id='word_1_1140' title='bbox 1225 2545 1294 2579; x_wconf 82' lang='lat' dir='ltr'>quia]</span> <span class='ocrx_word' id='word_1_1141' title='bbox 1313 2545 1362 2570; x_wconf 76' lang='lat' dir='ltr'>Ed.</span> <span class='ocrx_word' id='word_1_1142' title='bbox 1381 2546 1421 2571; x_wconf 81' lang='lat'>3.:</span> <span class='ocrx_word' id='word_1_1143' title='bbox 1441 2554 1491 2577; x_wconf 89' lang='lat' dir='ltr'>qua</span> 
     </span>
     <span class='ocr_line' id='line_1_135' title="bbox 1183 2588 1532 2620; baseline 0.003 -8"><span class='ocrx_word' id='word_1_1144' title='bbox 1183 2589 1206 2620; x_wconf 75' lang='grc' dir='ltr'>ι)</span> <span class='ocrx_word' id='word_1_1145' title='bbox 1225 2588 1299 2620; x_wconf 83' lang='lat' dir='ltr'>doni]</span> <span class='ocrx_word' id='word_1_1146' title='bbox 1318 2589 1366 2612; x_wconf 83' lang='lat' dir='ltr'>Ed.</span> <span class='ocrx_word' id='word_1_1147' title='bbox 1385 2589 1424 2613; x_wconf 82' lang='lat'>3.:</span> <span class='ocrx_word' id='word_1_1148' title='bbox 1444 2588 1532 2620; x_wconf 81' lang='lat' dir='ltr'>(doni)</span> 
     </span>
     <span class='ocr_line' id='line_1_136' title="bbox 1157 2630 1843 2664; baseline 0.001 -9"><span class='ocrx_word' id='word_1_1149' title='bbox 1157 2631 1196 2663; x_wconf 90' lang='lat' dir='ltr'>m)</span> <span class='ocrx_word' id='word_1_1150' title='bbox 1215 2630 1352 2663; x_wconf 76' lang='lat' dir='ltr'>mercedis]</span> <span class='ocrx_word' id='word_1_1151' title='bbox 1371 2632 1420 2656; x_wconf 80' lang='lat' dir='ltr'>Ed.</span> <span class='ocrx_word' id='word_1_1152' title='bbox 1438 2631 1462 2655; x_wconf 80' lang='lat'>3.</span> <span class='ocrx_word' id='word_1_1153' title='bbox 1482 2635 1585 2663; x_wconf 72' lang='lat' dir='ltr'>utroque</span> <span class='ocrx_word' id='word_1_1154' title='bbox 1604 2631 1668 2655; x_wconf 84' lang='lat' dir='ltr'>Ioco:</span> <span class='ocrx_word' id='word_1_1155' title='bbox 1688 2632 1843 2664; x_wconf 81' lang='lat' dir='ltr'>(mercedis)</span> 
     </span>
    </p>
   </div>
  </div>
 </body>
</html>
