2366 2958
141 171 205 202 501
495 169 532 200 11.

144 271 179 296 vt
207 263 373 305 possimus
401 262 541 304 diligere
568 261 694 300 Deum,
718 264 855 294 verbum
876 262 958 300 Dei,
982 261 1117 292 obedire

141 306 217 339 Deo
247 307 279 338 in
307 306 559 342 afflictionibus,
589 311 623 336 vt
645 306 812 346 possimus
832 315 908 336 esse
930 304 1024 342 casti,
1048 302 1117 335 dili-

140 359 222 391 gere
244 350 429 390 proximum
453 355 516 379 cte.
550 347 642 378 Haec
664 358 777 389 opera,
800 349 862 379 etsi
879 347 988 379 adhuc
1006 357 1026 378 a
1045 357 1117 387 per-

140 393 284 424 fectione
306 390 390 433 legis
414 389 531 431 procul
553 391 672 428 absint,
696 397 804 422 tamen
828 390 963 431 placent
981 396 1117 430 propter

140 435 247 469 fidem,
270 445 334 475 qua
358 435 433 465 iusti
455 439 656 474 reputamur,
679 435 755 474 quia
778 434 941 464 credimus
960 443 1023 463 nos
1041 442 1117 472 pro-

139 485 214 520 pter
236 476 402 508 Christum
433 476 556 507 habere
587 475 749 516 placatum
772 475 889 507 Deum.
934 475 1025 506 Haec
1047 473 1116 515 pla·

138 531 181 552 na
207 526 283 551 sunt
310 525 342 550 et
374 517 559 550 Euanwelio
587 525 822 554 consentanea,
851 524 883 549 et
911 528 931 548 a
954 518 1046 548 sanis
1069 517 1116 547 in·

138 562 242 604 teiligi
273 569 424 602 possunt.
471 545 518 592 ἳίῐ
546 571 587 592 ex
616 560 680 592 hoc
709 560 924 592 fundamento
947 559 1047 591 facile
1070 560 1115 591 iu-

137 606 240 637 dicari
263 610 390 645 potest,
413 614 516 646 quare
539 603 613 635 fidei
637 604 817 635 tribuamus
840 602 1115 640 iustificationem,

137 659 204 680 non
238 646 422 685 dilectioni,
457 647 519 678 etsi
548 646 682 678 dilectio
712 645 810 677 fidem
838 646 1003 687 sequitur,
1038 647 1114 687 quia

137 690 271 722 dilectio
302 697 352 721 est
386 689 537 731 implecio
571 688 666 731 legis.
716 688 761 719 At
786 687 907 720 Paulus
931 689 1027 719 docet
1051 698 1114 719 nos

136 744 203 765 non
226 743 267 765 ex
298 732 389 774 lege,
413 733 474 763 sed
497 743 536 763 ex
564 732 783 773 promissione
804 731 994 768 iustificari,
1028 741 1114 772 quae

135 783 261 808 tantum
294 775 359 806 fide
391 776 563 816 accipitur.
612 774 728 815 Neque
750 774 835 804 enim
858 774 1048 805 accedimus
1071 774 1113 805 ad

136 819 256 856 Deum,
281 819 352 849 sine
375 818 554 849 mediatore
568 816 715 854 Christo,
737 826 846 857 neque
865 817 1045 856 accipimus
1066 828 1113 848 re-

135 863 325 893 missionem
347 866 559 901 peccatorum
581 865 717 900 propter
735 865 883 890 nostram
895 858 1113 897 dilectionem,

133 905 194 935 sed
218 909 353 945 propter
376 903 554 939 Christum,
580 904 630 934 Ac
654 912 695 933 ne
718 901 856 943 diligere
879 903 1009 943 quidem
1034 913 1112 943 pos-

133 957 248 978 sumus
278 947 394 977 iratum
423 944 549 982 Deum,
575 944 615 976 Et
639 943 693 976 lex
723 954 855 985 semper
879 952 1014 976 accusat
1037 955 1111 983 nos,

133 999 266 1030 semper
288 989 433 1019 ostendit
459 988 578 1018 iratum
603 987 720 1018 Deum.
765 987 914 1018 Necesse
941 994 992 1019 est
1015 988 1112 1029 igitur

131 1041 195 1063 nos
229 1032 320 1072 prius
355 1030 421 1061 fide
448 1029 697 1071 apprehendere
721 1030 987 1070 promissionem,
1023 1032 1110 1072 quod

131 1080 268 1115 propter
291 1072 457 1105 Christum
492 1079 587 1112 pater
616 1074 659 1103 sit
688 1071 856 1113 placatus,
887 1080 918 1104 et
946 1074 1110 1115 ignoscat.

131 1116 255 1148 Postea
283 1116 456 1156 incipimus
487 1114 594 1155 legem
625 1114 747 1146 facere.
794 1115 915 1147 Procul
940 1127 959 1147 a
982 1117 1110 1147 ratione

131 1159 285 1196 humana,
319 1157 435 1199 procul
469 1168 488 1188 a
512 1157 620 1188 Moise
654 1158 822 1199 reijciendi
858 1164 937 1190 sunt
967 1158 1054 1190 oculi
1078 1160 1109 1190 in

131 1201 320 1239 Christum,
346 1206 377 1231 et
400 1200 631 1238 senciendum,
657 1202 745 1242 quod
769 1199 924 1232 Christus
947 1202 989 1232 sit
1012 1202 1109 1232 nobis

129 1245 293 1281 donatus,
335 1249 368 1274 vt
402 1249 538 1284 propter
572 1253 645 1274 cum
679 1244 754 1274 iusti
788 1250 993 1283 reputemur,
1027 1244 1109 1285 Legi

129 1296 295 1328 nunquam
319 1287 351 1317 in
375 1296 474 1317 carne
497 1285 729 1317 satisfacimus.
774 1286 821 1316 lta
843 1287 942 1327 igitur
963 1287 1039 1318 iusti
1059 1297 1109 1317 re-

129 1335 293 1371 putamur,
328 1338 395 1359 non
430 1335 565 1369 propter
598 1327 722 1370 legem,
757 1328 817 1359 sed
846 1334 982 1370 propter
1017 1328 1108 1361 Chri-

129 1377 228 1408 stum,
252 1372 327 1412 quia
350 1371 446 1401 huius
471 1372 584 1401 merita
608 1371 704 1402 nobis
729 1371 902 1409 donantur,
926 1372 955 1402 si
979 1372 1010 1402 in
1035 1382 1107 1403 eum

129 1414 306 1446 credimus.
357 1413 393 1445 Si
418 1414 491 1454 quis
524 1414 622 1454 igitur
648 1414 732 1444 haec
763 1411 975 1445 fundamenta
999 1415 1108 1445 consi·

127 1456 310 1494 derauerit,
340 1456 430 1497 quod
456 1466 523 1488 non
546 1456 762 1488 instificemur
785 1466 826 1487 ex
848 1455 941 1498 lege,
965 1457 1040 1498 quia
1061 1456 1108 1488 le-

129 1510 204 1543 gem
238 1497 302 1530 Dei
334 1498 477 1530 humana
506 1504 625 1530 natura
656 1508 722 1530 non
750 1504 863 1539 potest
889 1499 1018 1538 facere,
1042 1510 1107 1531 non

128 1548 239 1585 potest
270 1541 379 1573 Deum
413 1540 569 1583 diligere,
602 1542 662 1572 sed
696 1542 784 1583 quod
816 1542 1032 1574 iustifizemur
1065 1553 1106 1573 ex

127 1585 366 1627 promissione,
407 1584 441 1615 in
472 1595 537 1624 qua
571 1590 708 1624 propter
741 1583 908 1616 Christum
942 1585 1107 1625 promissa

127 1633 181 1659 est
203 1625 445 1664 reconciliatio,
468 1626 614 1664 iusticia,
638 1632 669 1657 et
693 1627 761 1657 vita
784 1633 929 1665 aeterna,
954 1627 985 1658 Is
1007 1626 1106 1659 facile

127 1668 288 1711 intelliget
310 1669 502 1700 necessario
524 1669 731 1700 tribuendam
749 1679 825 1701 esse
841 1670 1106 1702 iustificationem

129 1713 226 1750 fidei,
249 1713 278 1742 si
300 1712 398 1743 modo
421 1712 578 1753 cogitabit
602 1710 769 1743 Christum
792 1723 859 1743 non
883 1723 960 1744 esse
983 1711 1107 1745 frustra

127 1755 338 1797 promissum,
350 1754 541 1792 exhibitum,
556 1760 681 1792 natum,
700 1764 848 1795 passum,
860 1757 1105 1794 resuscitatum,

127 1799 164 1831 Si
193 1798 353 1839 cogitabit
382 1797 634 1838 promissionem
664 1798 792 1839 gratiae
821 1798 853 1828 in
877 1797 1009 1830 Christo
1040 1809 1106 1830 non

127 1841 263 1878 frustra,
285 1846 417 1881 praeter
440 1838 560 1882 legem,
585 1846 616 1871 et
639 1846 733 1871 extra
756 1838 863 1881 legem
886 1839 1005 1872 factam
1019 1851 1107 1879 esse,

127 1884 238 1915 statim
261 1893 281 1913 a
305 1883 463 1924 principio
483 1883 606 1920 mundi,
629 1883 656 1913 si
676 1883 834 1924 cogitabit
854 1884 1107 1924 promissionem

128 1927 194 1958 fide
223 1926 449 1966 accipiendam
476 1935 571 1963 esse,
599 1926 685 1957 sicut
708 1925 874 1957 lohannes
897 1926 1012 1968 inquit,
1043 1926 1107 1962 Qui

128 1979 194 2001 non
225 1968 328 1999 credit
359 1967 451 2005 Deo,
484 1969 676 2000 mendacem
710 1967 790 1999 facit
813 1979 907 2007 eum,
942 1970 1017 2010 quia
1040 1980 1107 2000 non

129 2012 235 2044 credit
267 2011 299 2041 in
328 2011 564 2048 testimonium,
594 2012 683 2051 quod
712 2010 909 2043 testificatus
934 2019 985 2043 est
1014 2012 1108 2044 Deus

130 2056 171 2087 de
195 2052 262 2085 filio
292 2064 371 2090 suo,
401 2052 439 2084 Et
463 2052 528 2083 hoe
551 2060 601 2084 est
624 2054 861 2092 testimonium,
895 2055 983 2094 quod
1008 2055 1107 2086 vitam

129 2104 297 2129 aeternam
331 2096 419 2127 dedit
453 2096 548 2126 nobis
572 2096 683 2134 Deus,
713 2102 745 2127 et
774 2096 859 2128 haec
887 2098 954 2129 vita
984 2098 1016 2128 in
1040 2097 1108 2128 tilio

129 2141 201 2172 eius
225 2145 286 2170 est.
332 2138 394 2173 Qui
423 2137 523 2169 habet
547 2138 666 2176 tilium,
696 2138 797 2170 habet.
818 2140 934 2177 vitam,
965 2141 1019 2181 qui
1043 2150 1109 2171 non

129 2183 230 2214 habet
260 2180 361 2212 filium
389 2180 470 2218 Dei,
505 2181 604 2212 vitam
637 2192 702 2213 non
736 2181 846 2213 habet.
891 2182 933 2213 Et
955 2182 1108 2214 Christus

129 2226 190 2263 ait,
208 2225 244 2257 Si
267 2234 327 2255 vos
358 2223 446 2255 filius
468 2221 674 2261 liberauerit‚
699 2233 778 2255 vere
805 2223 899 2256 liberi
923 2226 1023 2256 eritis.
1068 2225 1110 2256 Et

131 2267 268 2305 Paulus,
291 2266 354 2298 l’er
374 2266 462 2298 hunc
484 2267 644 2298 habemus
669 2276 844 2298 accessum
867 2267 909 2298 ad
929 2266 1055 2305 Deum,
1078 2273 1111 2298 et

131 2311 234 2348 addit,
256 2319 315 2350 per
338 2309 449 2345 fidem,
472 2309 551 2340 Fide
575 2310 673 2350 igitur
694 2310 725 2339 in
750 2308 929 2347 Christum,
952 2312 1111 2352 accipitur

131 2353 308 2393 promissio
333 2353 537 2383 remissionis
560 2359 785 2393 peccatorum,
810 2358 842 2383 et
860 2352 1018 2392 iusticiae,
1041 2353 1111 2384 Nec

133 2395 349 2428 iustificamur
373 2405 484 2426 coram
508 2394 582 2426 Deo
607 2405 648 2426 ex
673 2395 799 2426 ratione
821 2400 878 2426 aut
898 2393 983 2437 lege.
1019 2395 1110 2427 llaec

133 2445 200 2470 tam
235 2438 428 2478 perspicua,
463 2444 527 2469 tum
558 2437 733 2469 manifesta
767 2443 861 2475 sunt,
892 2444 928 2469 vt
958 2439 1111 2469 miremur

133 2487 259 2512 tantum
282 2490 358 2511 esse
380 2478 524 2511 furorem
547 2481 813 2511 aduersariorum
836 2485 870 2511 vt
888 2479 972 2511 haec
989 2487 1111 2512 vocent

133 2524 167 2555 in
189 2524 332 2554 dubium.
376 2521 554 2555 Manifesta
576 2523 731 2562 ἀπόδειξις
751 2529 815 2561 est,
839 2533 912 2554 cum
936 2533 1002 2554 non
1021 2523 1111 2554 iusti·

135 2565 273 2598 ficemur
301 2575 413 2597 coram
437 2565 509 2597 Deo
539 2576 580 2598 ex
610 2566 701 2608 lege,
732 2566 791 2596 secl
815 2575 857 2596 ex
878 2565 1111 2605 promissione,

136 2609 226 2650 quod
243 2618 383 2640 necesse
401 2607 446 2640 sit
462 2608 538 2640 fidei
557 2610 702 2641 tribuere
719 2608 993 2640 iustificationem.
1024 2607 1110 2644 Quid

575 167 807 200 APOLOGIA
828 166 1145 201 CONFESSIONIS
1167 167 1483 200 AUGUSTANAE.
1529 169 1569 201 B.
1614 167 1804 201 ALTERA.

2081 171 2154 203 502

1168 267 1277 301 potest
1312 268 1428 294 contra
1461 262 1548 295 hanc
1582 261 1736 300 ἀπόδειξιν
1769 264 1908 303 opponi,
1954 264 2016 294 nisi
2046 270 2149 296 totum

1168 303 1402 346 Euangelium,
1436 311 1538 337 totum
1568 304 1736 336 Christum
1771 304 1906 336 abolere
1936 307 2009 347 quis
2045 306 2147 339 volet.

1170 345 1285 377 Gloria
1315 346 1436 378 Christi
1471 349 1503 379 fit
1536 347 1713 385 illustrior,
1747 358 1819 379 cum
1852 349 2008 380 docemus
2038 360 2077 379 eo
2102 350 2148 381 vti

1168 389 1366 427 mediatore,
1393 400 1434 420 ac
1464 392 1693 431 propiciatore.
1745 390 1822 422 Piae
1851 391 2073 422 conscientiae
2102 392 2149 423 vi·

1168 431 1243 461 dent
1270 432 1300 461 in
1325 431 1386 462 hac
1410 433 1560 464 doctrina
1584 434 1778 464 vberrimam
1803 433 2064 465 consolationem
2084 435 2148 465 sibi

1166 474 1326 514 proponi,
1357 475 1444 515 quod
1470 475 1622 506 videlicet
1652 477 1789 507 credere
1818 487 1857 507 ac
1886 483 1977 507 certo
2000 483 2146 508 statuere

1167 516 1306 553 debent,
1336 518 1422 557 quod
1453 525 1588 558 propter
1611 518 1777 549 Christum
1806 518 1951 551 habeant
1982 521 2145 559 placatum

1167 564 1312 598 patrem,
1346 569 1413 590 non
1447 567 1581 601 propter
1616 568 1749 591 nostras
1785 562 1949 599 iusticias,
1995 569 2025 592 et
2056 563 2144 603 quod

1167 600 1321 632 Christus
1344 602 1477 633 adiuuet
1500 609 1607 634 tamen
1632 610 1665 634 vt
1689 602 1799 635 facere
1821 605 1916 635 etiam
1941 603 2048 645 legem
2071 614 2145 645 pos-

1165 644 1278 674 simus.
1324 643 1414 675 Haec
1438 651 1528 676 tanta
1559 647 1645 676 bona
1669 646 1808 687 eripiunt
1834 646 2004 678 Ecclesiae
2027 647 2143 678 aduer-

1165 687 1243 727 sarij
1268 687 1394 724 nostri,
1430 697 1502 718 cum
1535 688 1706 726 damnant,
1734 699 1806 719 cum
1843 688 1952 721 delere
1982 696 2143 720 conantur

1165 729 1348 760 doctrinam
1377 730 1418 760 de
1445 729 1576 761 lusticia
1601 730 1685 762 fidei.
1737 731 1885 763 Viderint
1908 733 2006 774 igitur
2027 741 2142 763 omnes

1166 772 1272 802 bonae
1295 778 1440 810 menteS,
1471 783 1511 804 ne
1535 775 1743 804 consentiant
1774 775 1881 815 impijs
1913 773 2060 815 consilijs
2083 775 2139 805 ad-

1165 814 1405 853 uersariorum,
1441 814 1474 846 ln
1504 815 1655 847 doctrina
1676 817 1941 848 aduersariorum
1964 818 2005 847 de
2029 816 2140 848 iustifi-

1165 858 1313 895 catione,
1346 868 1411 888 non
1441 858 1477 888 fit
1511 859 1632 889 mentio
1661 858 1800 896 Christi,
1836 861 1999 901 quomodo
2035 860 2140 900 ipsum

1164 899 1342 931 debeamus
1365 910 1533 941 opponere
1557 903 1625 932 irae
1649 900 1731 939 Dei,
1755 903 1848 943 quasi
1873 913 1952 933 vcro
1976 912 2038 933 nos
2067 912 2140 942 pos·

1163 943 1265 973 simus
1288 944 1369 973 iram
1392 942 1455 973 Dei
1478 942 1654 975 dilectione
1676 945 1817 980 vincere,
1841 950 1897 975 aut
1920 943 2054 986 diligere
2074 945 2140 976 De-

1164 996 1217 1015 um
1242 986 1360 1016 iratum
1381 986 1560 1026 possimus.
1606 987 1659 1017 Ad
1683 987 1767 1018 haec
1796 988 2019 1018 conscientiae
2043 986 2140 1018 relin-

1164 1033 1307 1068 quuntur
1335 1029 1491 1059 incertae.
1537 1029 1572 1060 Si
1596 1030 1678 1060 enim
1711 1030 1785 1060 ideo
1809 1030 1932 1061 sentire
1957 1031 2079 1061 debent
2102 1039 2139 1061 58

1163 1069 1286 1101 habere
1309 1070 1417 1101 Deum
1445 1069 1628 1111 placatum,
1657 1072 1733 1114 quia
1757 1071 1911 1115 (lingunt,
1935 1073 2010 1114 quia
2033 1071 2140 1114 legem

1162 1112 1303 1150 faciunt,
1337 1112 1476 1153 Semper
1505 1114 1655 1146 dubitare
1685 1125 1825 1146 necesse
1848 1122 1917 1153 est,
1952 1122 2060 1146 vtrum
2086 1115 2139 1145 ha-

1163 1157 1299 1187 beamus
1324 1155 1430 1187 Deum
1452 1155 1628 1197 placatum.
1651 1158 1728 1198 quia
1751 1157 1954 1189 dilectionem
1979 1156 2065 1189 iliam
2084 1163 2140 1189 aut

1162 1208 1229 1229 non
1252 1199 1406 1236 sentiunt,
1430 1205 1464 1229 vt
1487 1199 1630 1230 fatentur
1651 1200 1845 1241 aduersarii,
1871 1206 1926 1231 aut
1950 1207 2041 1232 certe
2064 1210 2139 1231 sen-

1162 1242 1245 1272 tiunt
1277 1240 1376 1272 valde
1405 1242 1557 1283 exiguam
1588 1252 1681 1279 esse,
1712 1249 1744 1273 et
1772 1241 1874 1274 multo
1905 1244 2039 1284 saepius
2063 1253 2138 1274 sen-

1161 1284 1244 1315 tiunt
1273 1293 1310 1314 58
1338 1284 1437 1315 irasci
1461 1285 1580 1316 iudicio
1604 1284 1685 1322 Dei,
1713 1287 1768 1326 qui
1790 1285 1965 1317 humanam
1989 1292 2138 1317 naturam

1161 1326 1271 1358 multis
1302 1326 1503 1358 terribilibus
1532 1326 1626 1358 malis
1657 1328 1825 1368 opprimit,
1855 1329 2019 1359 aerumnis
2041 1327 2138 1359 huius

1162 1370 1260 1406 vitae,
1284 1370 1464 1401 terroribus
1489 1376 1643 1401 aeternae
1672 1371 1739 1401 irae
1763 1376 1825 1402 etc.
1876 1370 2016 1406 Quando
2040 1372 2138 1412 igitur

1160 1413 1363 1453 acquiescet,
1388 1413 1520 1452 quando
1544 1413 1605 1443 erit
1626 1419 1744 1454 pacata
1768 1414 1995 1445 conscientia?
2028 1413 2138 1449 Quan-

1161 1454 1204 1484 do
1235 1453 1347 1495 diliget
1370 1454 1477 1486 Deum
1505 1456 1537 1486 in
1566 1455 1630 1486 hac
1652 1456 1874 1493 dubitatione,
1903 1457 1935 1487 in
1958 1457 2009 1487 his
2033 1463 2138 1488 terro-

1160 1496 1275 1528 ribus?
1330 1496 1416 1531 Quid
1451 1503 1501 1528 est
1530 1496 1618 1529 aliud
1647 1498 1732 1530 haec
1760 1499 1911 1531 doctrina
1938 1497 2040 1541 legiS,
2075 1499 2139 1530 nisi

1160 1539 1309 1571 doctrina
1323 1540 1574 1580 desperationis·
1603 1540 1654 1572 Ac
1676 1542 1814 1582 prodeat
1833 1541 1950 1583 aliquis
1969 1553 2010 1573 ex
2022 1542 2139 1573 aduer-

1159 1582 1270 1623 sarijs,
1295 1583 1348 1624 qui
1364 1583 1484 1614 doceat
1511 1593 1574 1614 nos
1597 1584 1637 1614 de
1661 1584 1724 1614 bac
1753 1583 1939 1622 dilectione,
1969 1585 2138 1626 quomodo

1158 1625 1230 1666 ipse
1243 1624 1479 1667 diligatDeum.
1504 1626 1646 1657 Prorsus
1660 1627 1737 1667 quid
1751 1627 1859 1658 dicant
1869 1626 2138 1669 nonintelligunt,

1159 1673 1283 1699 tantum
1306 1667 1503 1700 vocabulum
1527 1668 1712 1700 dilectionis
1742 1680 1808 1700 non
1834 1669 2036 1702 intellectum
2063 1671 2137 1701 red-

1160 1711 1252 1748 dunt,
1268 1711 1353 1742 sicut
1364 1712 1520 1752 parietes.
1550 1712 1645 1743 Adeo
1665 1711 1805 1744 confusa
1818 1719 1847 1743 et
1863 1714 2007 1744 obscura
2019 1718 2070 1744 est
2083 1722 2139 1744 eo-

1159 1764 1231 1785 rum
1244 1753 1407 1791 doctrina,
1426 1753 1468 1785 Et
1488 1753 1627 1796 gloriam
1641 1754 1764 1786 Christi
1783 1754 1940 1786 transfert
1952 1756 1983 1787 in
1996 1755 2139 1787 humana

1159 1806 1272 1837 opera,
1291 1802 1324 1827 et
1343 1797 1562 1828 conscientias
1575 1795 1629 1828 vel
1646 1798 1687 1828 ad
1700 1798 2010 1838 praesumptionem,
2029 1797 2083 1829 vel
2096 1798 2139 1829 ad

1159 1839 1423 1879 desperationem
1457 1839 1597 1871 adducit.
1651 1839 1776 1871 Nostra
1809 1851 1889 1871 vero
1917 1851 2090 1881 speramus
2119 1851 2139 1871 a

1159 1881 1223 1922 pijs
1256 1882 1420 1912 mentibus
1442 1881 1540 1913 facile
1568 1881 1723 1924 intelligi,
1759 1889 1790 1914 et
1813 1893 1985 1924 speramus
2019 1883 2138 1915 afferre

1159 1923 1405 1965 perterrefactis
1440 1925 1653 1966 conscientijs
1684 1926 1770 1966 piam
1802 1932 1833 1956 et
1862 1925 2029 1957 salubrem
2058 1936 2136 1958 con·

1160 1965 1374 2005 solationem,
1401 1967 1485 1998 Nam
1515 1969 1604 2009 quod
1626 1968 1808 2009 aduersarij
1839 1967 2036 2000 cauillantur
2057 1967 2138 1999 mul-

1161 2016 1214 2041 tos
1242 2010 1378 2050 impiOS,
1409 2019 1449 2041 ac
1473 2009 1624 2041 diabolos
1649 2011 1746 2041 etiam
1770 2012 1918 2049 credere,
1945 2011 2051 2052 Saepe
2074 2011 2137 2042 iam

1161 2053 1302 2083 diximus
1333 2063 1395 2083 nos
1420 2054 1460 2084 de
1483 2053 1547 2084 lide
1569 2054 1601 2084 in
1624 2053 1802 2091 Christum,
1825 2053 1890 2085 hoc
1913 2060 1981 2092 est,
2010 2055 2050 2085 de
2074 2054 2138 2085 fide

1161 2095 1364 2126 remissionis
1394 2102 1624 2136 peccatorum,
1655 2096 1695 2126 de
1724 2096 1788 2127 fide
1817 2107 1902 2137 quae
1934 2107 2011 2127 vere
2041 2103 2071 2128 et
2095 2107 2137 2128 ex

1162 2138 1263 2170 corde
1295 2139 1475 2170 assentitur
1501 2139 1710 2179 promissioni
1743 2141 1868 2180 gratiae
1900 2139 2000 2180 loqui.
2045 2139 2137 2171 Haec

1161 2191 1228 2212 non
1261 2179 1312 2218 fit,
1346 2182 1419 2213 sine
1447 2192 1568 2223 magno
1597 2191 1707 2223 agone
1734 2183 1767 2212 in
1796 2182 1950 2213 cordibus
1974 2181 2138 2219 humanis,

1161 2223 1203 2254 Et
1231 2222 1381 2255 homines
1408 2225 1480 2255 sani
1509 2223 1608 2255 facile
1641 2225 1786 2256 iudicare
1815 2231 1954 2265 possunt
1987 2223 2077 2255 illam
2102 2225 2137 2255 li-

1163 2267 1247 2304 dem,
1272 2276 1356 2307 quae
1379 2267 1483 2300 credit
1503 2277 1566 2298 nos
1586 2277 1606 2298 a
1627 2266 1701 2299 Deo
1726 2267 1855 2307 respici,
1879 2267 1973 2297 nobis
1995 2267 2136 2308 ignosci,

1163 2319 1224 2340 nos
1247 2309 1412 2348 exaudiri,
1446 2320 1513 2341 rem
1538 2319 1617 2341 esse
1646 2320 1748 2350 supra
1774 2315 1941 2346 naturam,
1975 2309 2057 2340 Nam
2079 2309 2139 2340 hu-

1162 2362 1278 2383 manus
1306 2353 1434 2384 animus
1464 2362 1523 2393 per
1545 2363 1622 2384 sese
1649 2351 1729 2383 nibil
1756 2351 1822 2383 tale
1851 2352 1891 2382 de
1916 2351 1988 2382 Deo
2012 2352 2136 2383 statuit.

1162 2395 1276 2436 ltaque
1306 2404 1413 2436 neque
1441 2396 1472 2426 in
1496 2395 1607 2437 lmpijs
1636 2405 1743 2436 neque
1773 2395 1804 2425 in
1833 2392 1971 2425 diabolis
1995 2393 2078 2425 haec
2103 2394 2138 2425 ti-

1163 2437 1222 2469 des
1252 2443 1318 2475 est,
1354 2438 1396 2469 de
1430 2448 1494 2479 qua
1522 2438 1694 2479 loquimur.
1741 2438 1919 2468 Praeterea
1947 2437 2050 2478 siquis
2076 2437 2137 2469 So-

1162 2479 1272 2522 phista
1295 2479 1475 2520 cauillatur,
1494 2480 1657 2511 iusticiam
1677 2480 1709 2511 in
1728 2478 1897 2510 voluntate
1915 2489 2003 2517 esse,
2035 2489 2138 2521 quare

1163 2533 1230 2554 non
1252 2524 1360 2564 possit
1385 2524 1480 2555 tribui
1504 2524 1597 2560 fidei,
1621 2532 1705 2564 quae
1726 2523 1758 2553 in
1782 2521 1950 2553 intellectu
1972 2529 2033 2560 est,
2058 2520 2137 2553 saci-

1163 2564 1204 2597 lis
1227 2573 1279 2598 est
1302 2567 1494 2607 responsio,
1523 2566 1598 2607 quia
1627 2565 1680 2595 isti
1703 2565 1735 2595 in
1759 2563 1885 2596 scholis
1910 2565 2008 2596 etiam
2032 2563 2136 2596 saten-

1162 2615 1215 2641 tur
1238 2607 1440 2641 voluntatem
1462 2609 1625 2650 imperare
1647 2606 1845 2646 intellectui,
1875 2614 1910 2639 vt
1931 2608 2139 2639 assenciatur

1875 2667 1931 2692 32·
