<?xml version="1.0" encoding="UTF-8"?>
<!DOCTYPE html PUBLIC "-//W3C//DTD XHTML 1.0 Transitional//EN"
    "http://www.w3.org/TR/xhtml1/DTD/xhtml1-transitional.dtd">
<html xmlns="http://www.w3.org/1999/xhtml" xml:lang="en" lang="en">
 <head>
  <title>
</title>
<meta http-equiv="Content-Type" content="text/html;charset=utf-8" />
  <meta name='ocr-system' content='tesseract 3.04.00' />
  <meta name='ocr-capabilities' content='ocr_page ocr_carea ocr_par ocr_line ocrx_word'/>
</head>
<body>
  <div class='ocr_page' id='page_1' title='image "./operaquaesupersu27melauoft_0337.png"; bbox 0 0 2366 2958; ppageno 0'>
   <div class='ocr_carea' id='block_1_1' title="bbox 137 190 520 224">
    <p class='ocr_par' dir='ltr' id='par_1_1' title="bbox 137 190 520 224">
     <span class='ocr_line' id='line_1_1' title="bbox 137 190 520 224; baseline -0.005 0"><span class='ocrx_word' id='word_1_1' title='bbox 137 191 204 224; x_wconf 77' lang='lat'>645</span> <span class='ocrx_word' id='word_1_2' title='bbox 480 190 520 223; x_wconf 85' lang='lat'>11.</span> 
     </span>
    </p>
   </div>
   <div class='ocr_carea' id='block_1_2' title="bbox 101 285 1146 1174">
    <p class='ocr_par' dir='ltr' id='par_1_2' title="bbox 138 285 1146 352">
     <span class='ocr_line' id='line_1_2' title="bbox 141 285 1146 339; baseline -0.001 -28"><span class='ocrx_word' id='word_1_3' title='bbox 141 294 199 311; x_wconf 85' lang='lat' dir='ltr'>rum</span> <span class='ocrx_word' id='word_1_4' title='bbox 222 286 347 311; x_wconf 75' lang='lat' dir='ltr'>aduersus</span> <span class='ocrx_word' id='word_1_5' title='bbox 371 285 437 310; x_wconf 81' lang='lat' dir='ltr'>haec</span> <span class='ocrx_word' id='word_1_6' title='bbox 460 291 564 318; x_wconf 88' lang='lat' dir='ltr'>qnoque</span> <span class='ocrx_word' id='word_1_7' title='bbox 587 288 693 316; x_wconf 83' lang='lat' dir='ltr'>oportet</span> <span class='ocrx_word' id='word_1_8' title='bbox 713 285 889 310; x_wconf 74' lang='lat' dir='ltr'>Christianam</span> <span class='ocrx_word' id='word_1_9' title='bbox 912 288 1023 310; x_wconf 87' lang='lat' dir='ltr'>mentem</span> <span class='ocrx_word' id='word_1_10' title='bbox 1046 291 1119 317; x_wconf 85' lang='lat' dir='ltr'>prae-</span> <span class='ocrx_word' id='word_1_11' title='bbox 1141 292 1146 339; x_wconf 68' lang='grc'>1</span> 
     </span>
     <span class='ocr_line' id='line_1_3' title="bbox 138 318 898 352; baseline -0.003 -7"><span class='ocrx_word' id='word_1_12' title='bbox 138 322 265 346; x_wconf 81' lang='lat' dir='ltr'>munitam</span> <span class='ocrx_word' id='word_1_13' title='bbox 284 327 350 351; x_wconf 85' lang='lat' dir='ltr'>esse,</span> <span class='ocrx_word' id='word_1_14' title='bbox 367 327 401 345; x_wconf 84' lang='lat' dir='ltr'>ne</span> <span class='ocrx_word' id='word_1_15' title='bbox 418 323 526 352; x_wconf 88' lang='lat' dir='ltr'>propter</span> <span class='ocrx_word' id='word_1_16' title='bbox 544 326 576 343; x_wconf 82' lang='lat' dir='ltr'>ea</span> <span class='ocrx_word' id='word_1_17' title='bbox 593 319 700 344; x_wconf 78' lang='lat' dir='ltr'>uerbum</span> <span class='ocrx_word' id='word_1_18' title='bbox 717 318 768 344; x_wconf 93' lang='lat' dir='ltr'>Dei</span> <span class='ocrx_word' id='word_1_19' title='bbox 785 319 898 351; x_wconf 81' lang='lat' dir='ltr'>abijciat.</span> 
     </span>
    </p>

    <p class='ocr_par' dir='ltr' id='par_1_3' title="bbox 101 353 1145 1071">
     <span class='ocr_line' id='line_1_4' title="bbox 208 353 1119 386; baseline -0.002 -7"><span class='ocrx_word' id='word_1_20' title='bbox 208 354 362 386; x_wconf 82' lang='lat' dir='ltr'>Quanquam</span> <span class='ocrx_word' id='word_1_21' title='bbox 379 358 465 378; x_wconf 78' lang='lat' dir='ltr'>autem</span> <span class='ocrx_word' id='word_1_22' title='bbox 482 361 536 378; x_wconf 89' lang='lat' dir='ltr'>non</span> <span class='ocrx_word' id='word_1_23' title='bbox 555 353 668 378; x_wconf 85' lang='lat' dir='ltr'>delectat</span> <span class='ocrx_word' id='word_1_24' title='bbox 683 361 732 377; x_wconf 88' lang='lat' dir='ltr'>nos</span> <span class='ocrx_word' id='word_1_25' title='bbox 753 354 927 385; x_wconf 79' lang='lat' dir='ltr'>comparatio,</span> <span class='ocrx_word' id='word_1_26' title='bbox 949 357 1035 378; x_wconf 80' lang='lat' dir='ltr'>tamen</span> <span class='ocrx_word' id='word_1_27' title='bbox 1058 353 1119 385; x_wconf 83' lang='lat' dir='ltr'>quia</span> 
     </span>
     <span class='ocr_line' id='line_1_5' title="bbox 140 388 1118 422; baseline -0.001 -9"><span class='ocrx_word' id='word_1_28' title='bbox 140 389 283 422; x_wconf 49' lang='lat' dir='ltr'>aduersarij</span> <span class='ocrx_word' id='word_1_29' title='bbox 302 389 352 413; x_wconf 86' lang='lat' dir='ltr'>hac</span> <span class='ocrx_word' id='word_1_30' title='bbox 370 389 550 413; x_wconf 70' lang='lat' dir='ltr'>criminatione</span> <span class='ocrx_word' id='word_1_31' title='bbox 568 391 743 420; x_wconf 77' lang='lat' dir='ltr'>praegrauant</span> <span class='ocrx_word' id='word_1_32' title='bbox 760 395 821 418; x_wconf 88' lang='lat' dir='ltr'>nos,</span> <span class='ocrx_word' id='word_1_33' title='bbox 844 395 899 412; x_wconf 89' lang='lat' dir='ltr'>non</span> <span class='ocrx_word' id='word_1_34' title='bbox 921 392 982 412; x_wconf 89' lang='lat' dir='ltr'>sunt</span> <span class='ocrx_word' id='word_1_35' title='bbox 1001 388 1118 412; x_wconf 88' lang='lat' dir='ltr'>dissimu-</span> 
     </span>
     <span class='ocr_line' id='line_1_6' title="bbox 139 422 1118 455; baseline -0.001 -8"><span class='ocrx_word' id='word_1_36' title='bbox 139 424 216 448; x_wconf 84' lang='lat' dir='ltr'>landa</span> <span class='ocrx_word' id='word_1_37' title='bbox 234 424 349 455; x_wconf 87' lang='lat' dir='ltr'>ipsorum</span> <span class='ocrx_word' id='word_1_38' title='bbox 367 423 446 447; x_wconf 89' lang='lat' dir='ltr'>nicia.</span> <span class='ocrx_word' id='word_1_39' title='bbox 483 422 615 452; x_wconf 87' lang='lat' dir='ltr'>Quantum</span> <span class='ocrx_word' id='word_1_40' title='bbox 632 423 695 446; x_wconf 84' lang='lat' dir='ltr'>mali</span> <span class='ocrx_word' id='word_1_41' title='bbox 707 426 746 446; x_wconf 87' lang='lat' dir='ltr'>est</span> <span class='ocrx_word' id='word_1_42' title='bbox 763 422 832 454; x_wconf 87' lang='lat' dir='ltr'>apud</span> <span class='ocrx_word' id='word_1_43' title='bbox 850 422 1015 447; x_wconf 87' lang='lat' dir='ltr'>aduersarios</span> <span class='ocrx_word' id='word_1_44' title='bbox 1032 423 1060 446; x_wconf 88' lang='lat' dir='ltr'>in</span> <span class='ocrx_word' id='word_1_45' title='bbox 1078 429 1118 447; x_wconf 80' lang='lat' dir='ltr'>sa-</span> 
     </span>
     <span class='ocr_line' id='line_1_7' title="bbox 139 457 1117 490; baseline -0.002 -8"><span class='ocrx_word' id='word_1_46' title='bbox 139 458 237 489; x_wconf 84' lang='lat' dir='ltr'>crilega</span> <span class='ocrx_word' id='word_1_47' title='bbox 246 457 455 490; x_wconf 83' lang='lat' dir='ltr'>prophanatione</span> <span class='ocrx_word' id='word_1_48' title='bbox 467 457 625 482; x_wconf 68' lang='lat' dir='ltr'>Missurum?</span> <span class='ocrx_word' id='word_1_49' title='bbox 643 461 766 488; x_wconf 87' lang='lat' dir='ltr'>quantum</span> <span class='ocrx_word' id='word_1_50' title='bbox 778 457 944 488; x_wconf 74' lang='lat' dir='ltr'>turpitudinis</span> <span class='ocrx_word' id='word_1_51' title='bbox 962 457 1039 481; x_wconf 80' lang='lat' dir='ltr'>habet</span> <span class='ocrx_word' id='word_1_52' title='bbox 1057 463 1117 480; x_wconf 87' lang='lat' dir='ltr'>coe—</span> 
     </span>
     <span class='ocr_line' id='line_1_8' title="bbox 137 490 1117 522; baseline -0.002 -6"><span class='ocrx_word' id='word_1_53' title='bbox 137 492 232 516; x_wconf 88' lang='lat' dir='ltr'>libatus</span> <span class='ocrx_word' id='word_1_54' title='bbox 259 491 367 515; x_wconf 75' lang='lat' dir='ltr'>eorum?</span> <span class='ocrx_word' id='word_1_55' title='bbox 408 490 499 515; x_wconf 85' lang='lat' dir='ltr'>Cultus</span> <span class='ocrx_word' id='word_1_56' title='bbox 523 495 672 515; x_wconf 86' lang='lat' dir='ltr'>sanctorum</span> <span class='ocrx_word' id='word_1_57' title='bbox 692 491 784 522; x_wconf 89' lang='lat' dir='ltr'>plenus</span> <span class='ocrx_word' id='word_1_58' title='bbox 808 491 877 522; x_wconf 87' lang='lat' dir='ltr'>apud</span> <span class='ocrx_word' id='word_1_59' title='bbox 906 498 950 515; x_wconf 86' lang='lat' dir='ltr'>eos</span> <span class='ocrx_word' id='word_1_60' title='bbox 975 494 1014 514; x_wconf 84' lang='lat' dir='ltr'>est</span> <span class='ocrx_word' id='word_1_61' title='bbox 1036 491 1117 514; x_wconf 86' lang='lat' dir='ltr'>mani-</span> 
     </span>
     <span class='ocr_line' id='line_1_9' title="bbox 137 517 1145 555; baseline -0.002 -5"><span class='ocrx_word' id='word_1_62' title='bbox 137 526 203 550; x_wconf 73' lang='lat' dir='ltr'>festa</span> <span class='ocrx_word' id='word_1_63' title='bbox 219 525 383 551; x_wconf 71' lang='lat' dir='ltr'>Idololatria.</span> <span class='ocrx_word' id='word_1_64' title='bbox 418 525 491 550; x_wconf 86' lang='lat' dir='ltr'>Nihil</span> <span class='ocrx_word' id='word_1_65' title='bbox 508 532 541 549; x_wconf 91' lang='lat' dir='ltr'>ne</span> <span class='ocrx_word' id='word_1_66' title='bbox 559 525 674 550; x_wconf 75' lang='lat' dir='ltr'>scandali</span> <span class='ocrx_word' id='word_1_67' title='bbox 693 528 732 549; x_wconf 86' lang='lat' dir='ltr'>est</span> <span class='ocrx_word' id='word_1_68' title='bbox 748 525 774 548; x_wconf 90' lang='lat' dir='ltr'>in</span> <span class='ocrx_word' id='word_1_69' title='bbox 793 525 936 550; x_wconf 74' lang='lat' dir='ltr'>ambitione</span> <span class='ocrx_word' id='word_1_70' title='bbox 953 524 1116 555; x_wconf 85' lang='lat' dir='ltr'>Pontificum,</span> <span class='ocrx_word' id='word_1_71' title='bbox 1139 517 1145 548; x_wconf 85' lang='lat' dir='ltr'>l</span> 
     </span>
     <span class='ocr_line' id='line_1_10' title="bbox 137 559 1116 592; baseline -0.001 -8"><span class='ocrx_word' id='word_1_72' title='bbox 137 561 180 592; x_wconf 91' lang='lat' dir='ltr'>qui</span> <span class='ocrx_word' id='word_1_73' title='bbox 205 560 257 584; x_wconf 90' lang='lat' dir='ltr'>iam</span> <span class='ocrx_word' id='word_1_74' title='bbox 281 560 356 584; x_wconf 86' lang='lat' dir='ltr'>aunis</span> <span class='ocrx_word' id='word_1_75' title='bbox 387 560 495 591; x_wconf 81' lang='lat' dir='ltr'>amplius</span> <span class='ocrx_word' id='word_1_76' title='bbox 519 560 714 591; x_wconf 74' lang='lat' dir='ltr'>quadringentis</span> <span class='ocrx_word' id='word_1_77' title='bbox 732 559 918 590; x_wconf 78' lang='lat' dir='ltr'>belligerantur</span> <span class='ocrx_word' id='word_1_78' title='bbox 941 566 999 583; x_wconf 84' lang='lat' dir='ltr'>cum</span> <span class='ocrx_word' id='word_1_79' title='bbox 1021 561 1116 583; x_wconf 82' lang='lat' dir='ltr'>nostris</span> 
     </span>
     <span class='ocr_line' id='line_1_11' title="bbox 135 593 1117 626; baseline -0.002 -7"><span class='ocrx_word' id='word_1_80' title='bbox 135 594 355 626; x_wconf 84' lang='lat' dir='ltr'>Imperatoribus,</span> <span class='ocrx_word' id='word_1_81' title='bbox 385 594 548 626; x_wconf 83' lang='lat' dir='ltr'>Plaerunque</span> <span class='ocrx_word' id='word_1_82' title='bbox 575 595 601 618; x_wconf 92' lang='lat' dir='ltr'>in</span> <span class='ocrx_word' id='word_1_83' title='bbox 626 594 718 624; x_wconf 78' lang='lat' dir='ltr'>Italia,</span> <span class='ocrx_word' id='word_1_84' title='bbox 745 593 875 617; x_wconf 91' lang='lat' dir='ltr'>interdum</span> <span class='ocrx_word' id='word_1_85' title='bbox 903 594 978 617; x_wconf 80' lang='lat' dir='ltr'>etiam</span> <span class='ocrx_word' id='word_1_86' title='bbox 1008 594 1035 617; x_wconf 91' lang='lat' dir='ltr'>in</span> <span class='ocrx_word' id='word_1_87' title='bbox 1062 595 1117 625; x_wconf 83' lang='lat' dir='ltr'>ipsa</span> 
     </span>
     <span class='ocr_line' id='line_1_12' title="bbox 137 627 1116 659; baseline -0.002 -6"><span class='ocrx_word' id='word_1_88' title='bbox 137 628 288 659; x_wconf 73' lang='lat' dir='ltr'>Germania,</span> <span class='ocrx_word' id='word_1_89' title='bbox 306 629 350 653; x_wconf 90' lang='lat' dir='ltr'>ubi</span> <span class='ocrx_word' id='word_1_90' title='bbox 368 629 438 653; x_wconf 85' lang='lat' dir='ltr'>inter</span> <span class='ocrx_word' id='word_1_91' title='bbox 456 635 483 652; x_wconf 86' lang='lat' dir='ltr'>se</span> <span class='ocrx_word' id='word_1_92' title='bbox 501 628 582 653; x_wconf 81' lang='lat' dir='ltr'>filium</span> <span class='ocrx_word' id='word_1_93' title='bbox 601 632 627 652; x_wconf 88' lang='lat' dir='ltr'>et</span> <span class='ocrx_word' id='word_1_94' title='bbox 644 627 757 658; x_wconf 73' lang='lat' dir='ltr'>Patrem,</span> <span class='ocrx_word' id='word_1_95' title='bbox 774 631 902 658; x_wconf 81' lang='lat' dir='ltr'>cognatos</span> <span class='ocrx_word' id='word_1_96' title='bbox 920 635 951 652; x_wconf 85' lang='lat' dir='ltr'>ac</span> <span class='ocrx_word' id='word_1_97' title='bbox 967 629 1036 652; x_wconf 83' lang='lat' dir='ltr'>ciues</span> <span class='ocrx_word' id='word_1_98' title='bbox 1047 635 1116 652; x_wconf 83' lang='lat' dir='ltr'>com-</span> 
     </span>
     <span class='ocr_line' id='line_1_13' title="bbox 137 662 1117 693; baseline -0.001 -6"><span class='ocrx_word' id='word_1_99' title='bbox 137 664 271 687; x_wconf 85' lang='lat' dir='ltr'>miserunt.</span> <span class='ocrx_word' id='word_1_100' title='bbox 307 662 387 692; x_wconf 85' lang='lat' dir='ltr'>Quod</span> <span class='ocrx_word' id='word_1_101' title='bbox 405 664 426 686; x_wconf 91' lang='lat' dir='ltr'>si</span> <span class='ocrx_word' id='word_1_102' title='bbox 444 663 573 687; x_wconf 82' lang='lat' dir='ltr'>bellorum</span> <span class='ocrx_word' id='word_1_103' title='bbox 599 663 704 687; x_wconf 78' lang='lat' dir='ltr'>istorum</span> <span class='ocrx_word' id='word_1_104' title='bbox 723 669 816 686; x_wconf 76' lang='lat' dir='ltr'>causae</span> <span class='ocrx_word' id='word_1_105' title='bbox 834 662 998 693; x_wconf 83' lang='lat' dir='ltr'>requirantur</span> <span class='ocrx_word' id='word_1_106' title='bbox 1022 669 1054 686; x_wconf 89' lang='lat' dir='ltr'>ex</span> <span class='ocrx_word' id='word_1_107' title='bbox 1078 662 1117 686; x_wconf 82' lang='lat' dir='ltr'>hi·</span> 
     </span>
     <span class='ocr_line' id='line_1_14' title="bbox 137 696 1116 729; baseline -0.001 -8"><span class='ocrx_word' id='word_1_108' title='bbox 137 698 236 729; x_wconf 82' lang='lat' dir='ltr'>storijs,</span> <span class='ocrx_word' id='word_1_109' title='bbox 255 696 323 721; x_wconf 85' lang='lat' dir='ltr'>nihil</span> <span class='ocrx_word' id='word_1_110' title='bbox 341 697 488 721; x_wconf 88' lang='lat' dir='ltr'>inuenietur</span> <span class='ocrx_word' id='word_1_111' title='bbox 507 697 613 728; x_wconf 82' lang='lat' dir='ltr'>dignum</span> <span class='ocrx_word' id='word_1_112' title='bbox 629 696 813 726; x_wconf 83' lang='lat' dir='ltr'>Pontificibus,</span> <span class='ocrx_word' id='word_1_113' title='bbox 832 696 946 720; x_wconf 84' lang='lat' dir='ltr'>dicemus</span> <span class='ocrx_word' id='word_1_114' title='bbox 970 697 1038 720; x_wconf 90' lang='lat' dir='ltr'>enim</span> <span class='ocrx_word' id='word_1_115' title='bbox 1062 704 1116 721; x_wconf 87' lang='lat' dir='ltr'>mo-</span> 
     </span>
     <span class='ocr_line' id='line_1_15' title="bbox 139 730 1117 761; baseline 0 -6"><span class='ocrx_word' id='word_1_116' title='bbox 139 732 310 756; x_wconf 83' lang='lat' dir='ltr'>deratissime.</span> <span class='ocrx_word' id='word_1_117' title='bbox 346 731 478 761; x_wconf 84' lang='lat' dir='ltr'>Quantum</span> <span class='ocrx_word' id='word_1_118' title='bbox 497 736 535 755; x_wconf 85' lang='lat' dir='ltr'>est</span> <span class='ocrx_word' id='word_1_119' title='bbox 552 731 626 760; x_wconf 85' lang='lat' dir='ltr'>mali,</span> <span class='ocrx_word' id='word_1_120' title='bbox 652 731 722 761; x_wconf 86' lang='lat' dir='ltr'>qnod</span> <span class='ocrx_word' id='word_1_121' title='bbox 744 731 772 754; x_wconf 89' lang='lat' dir='ltr'>in</span> <span class='ocrx_word' id='word_1_122' title='bbox 797 730 950 754; x_wconf 81' lang='lat' dir='ltr'>ordinandis</span> <span class='ocrx_word' id='word_1_123' title='bbox 975 731 1117 755; x_wconf 85' lang='lat' dir='ltr'>sacerdoti-</span> 
     </span>
     <span class='ocr_line' id='line_1_16' title="bbox 137 765 1117 797; baseline 0.001 -8"><span class='ocrx_word' id='word_1_124' title='bbox 137 766 185 790; x_wconf 88' lang='lat' dir='ltr'>bus</span> <span class='ocrx_word' id='word_1_125' title='bbox 203 773 255 790; x_wconf 89' lang='lat' dir='ltr'>non</span> <span class='ocrx_word' id='word_1_126' title='bbox 274 766 393 797; x_wconf 80' lang='lat' dir='ltr'>deligunt</span> <span class='ocrx_word' id='word_1_127' title='bbox 410 765 537 790; x_wconf 82' lang='lat' dir='ltr'>idoneos?</span> <span class='ocrx_word' id='word_1_128' title='bbox 555 765 617 797; x_wconf 87' lang='lat' dir='ltr'>qnid</span> <span class='ocrx_word' id='word_1_129' title='bbox 634 766 662 789; x_wconf 87' lang='lat' dir='ltr'>in</span> <span class='ocrx_word' id='word_1_130' title='bbox 679 768 795 788; x_wconf 86' lang='lat' dir='ltr'>mereatu</span> <span class='ocrx_word' id='word_1_131' title='bbox 804 766 1026 789; x_wconf 77' lang='lat' dir='ltr'>sacerdotiorum?</span> <span class='ocrx_word' id='word_1_132' title='bbox 1052 765 1117 790; x_wconf 85' lang='lat' dir='ltr'>Item</span> 
     </span>
     <span class='ocr_line' id='line_1_17' title="bbox 135 798 1116 832; baseline 0 -8"><span class='ocrx_word' id='word_1_133' title='bbox 135 800 163 824; x_wconf 90' lang='lat' dir='ltr'>in</span> <span class='ocrx_word' id='word_1_134' title='bbox 181 800 333 831; x_wconf 85' lang='lat' dir='ltr'>periculosis</span> <span class='ocrx_word' id='word_1_135' title='bbox 352 799 589 832; x_wconf 74' lang='lat' dir='ltr'>dispensationibus</span> <span class='ocrx_word' id='word_1_136' title='bbox 616 798 715 823; x_wconf 83' lang='lat' dir='ltr'>nihilne</span> <span class='ocrx_word' id='word_1_137' title='bbox 738 802 778 822; x_wconf 72' lang='lat' dir='ltr'>est</span> <span class='ocrx_word' id='word_1_138' title='bbox 801 800 879 832; x_wconf 76' lang='lat' dir='ltr'>uicij?</span> <span class='ocrx_word' id='word_1_139' title='bbox 920 799 973 824; x_wconf 89' lang='lat' dir='ltr'>Sed</span> <span class='ocrx_word' id='word_1_140' title='bbox 996 799 1061 824; x_wconf 87' lang='lat' dir='ltr'>haec</span> <span class='ocrx_word' id='word_1_141' title='bbox 1079 800 1116 824; x_wconf 91' lang='lat' dir='ltr'>ui-</span> 
     </span>
     <span class='ocr_line' id='line_1_18' title="bbox 136 834 1116 867; baseline -0.001 -8"><span class='ocrx_word' id='word_1_142' title='bbox 136 835 178 859; x_wconf 86' lang='lat' dir='ltr'>cia</span> <span class='ocrx_word' id='word_1_143' title='bbox 207 839 337 867; x_wconf 86' lang='lat' dir='ltr'>utcunque</span> <span class='ocrx_word' id='word_1_144' title='bbox 367 834 510 859; x_wconf 82' lang='lat' dir='ltr'>condonari</span> <span class='ocrx_word' id='word_1_145' title='bbox 539 837 659 865; x_wconf 79' lang='lat' dir='ltr'>possent,</span> <span class='ocrx_word' id='word_1_146' title='bbox 690 834 711 857; x_wconf 89' lang='lat' dir='ltr'>si</span> <span class='ocrx_word' id='word_1_147' title='bbox 737 837 822 858; x_wconf 84' lang='lat' dir='ltr'>tamen</span> <span class='ocrx_word' id='word_1_148' title='bbox 847 837 1048 858; x_wconf 86' lang='lat' dir='ltr'>conseruassent</span> <span class='ocrx_word' id='word_1_149' title='bbox 1071 842 1116 866; x_wconf 92' lang='lat' dir='ltr'>pu-</span> 
     </span>
     <span class='ocr_line' id='line_1_19' title="bbox 135 867 1116 899; baseline 0 -6"><span class='ocrx_word' id='word_1_150' title='bbox 135 875 191 893; x_wconf 83' lang='lat' dir='ltr'>ram</span> <span class='ocrx_word' id='word_1_151' title='bbox 214 869 359 893; x_wconf 86' lang='lat' dir='ltr'>doctrinam</span> <span class='ocrx_word' id='word_1_152' title='bbox 382 869 409 892; x_wconf 89' lang='lat' dir='ltr'>in</span> <span class='ocrx_word' id='word_1_153' title='bbox 431 868 565 899; x_wconf 85' lang='lat' dir='ltr'>Ecclesijs.</span> <span class='ocrx_word' id='word_1_154' title='bbox 602 867 675 891; x_wconf 86' lang='lat' dir='ltr'>Haec</span> <span class='ocrx_word' id='word_1_155' title='bbox 698 875 761 892; x_wconf 89' lang='lat' dir='ltr'>uero</span> <span class='ocrx_word' id='word_1_156' title='bbox 784 869 916 899; x_wconf 89' lang='lat' dir='ltr'>quomodo</span> <span class='ocrx_word' id='word_1_157' title='bbox 941 869 1116 893; x_wconf 81' lang='lat' dir='ltr'>contaminata</span> 
     </span>
     <span class='ocr_line' id='line_1_20' title="bbox 101 902 1115 935; baseline 0 -8"><span class='ocrx_word' id='word_1_158' title='bbox 101 914 103 918; x_wconf 49' lang='lat'><strong>¹</strong></span> <span class='ocrx_word' id='word_1_159' title='bbox 135 902 170 927; x_wconf 81' lang='lat' dir='ltr'>sit</span> <span class='ocrx_word' id='word_1_160' title='bbox 191 903 276 935; x_wconf 87' lang='lat' dir='ltr'>impijs</span> <span class='ocrx_word' id='word_1_161' title='bbox 301 902 467 935; x_wconf 83' lang='lat' dir='ltr'>opinionibus</span> <span class='ocrx_word' id='word_1_162' title='bbox 491 909 521 926; x_wconf 83' lang='lat' dir='ltr'>ac</span> <span class='ocrx_word' id='word_1_163' title='bbox 544 902 744 933; x_wconf 80' lang='lat' dir='ltr'>traditionibus,</span> <span class='ocrx_word' id='word_1_164' title='bbox 769 906 892 927; x_wconf 80' lang='lat' dir='ltr'>testantur</span> <span class='ocrx_word' id='word_1_165' title='bbox 916 902 1115 928; x_wconf 86' lang='lat' dir='ltr'>Canonistarum</span> 
     </span>
     <span class='ocr_line' id='line_1_21' title="bbox 134 936 1115 969; baseline 0.002 -9"><span class='ocrx_word' id='word_1_166' title='bbox 134 938 244 968; x_wconf 81' lang='lat' dir='ltr'>scripta,</span> <span class='ocrx_word' id='word_1_167' title='bbox 269 940 393 962; x_wconf 81' lang='lat' dir='ltr'>testantur</span> <span class='ocrx_word' id='word_1_168' title='bbox 416 936 477 961; x_wconf 84' lang='lat' dir='ltr'>libri</span> <span class='ocrx_word' id='word_1_169' title='bbox 499 936 709 967; x_wconf 81' lang='lat' dir='ltr'>Theologomm,</span> <span class='ocrx_word' id='word_1_170' title='bbox 730 937 799 968; x_wconf 91' lang='lat' dir='ltr'>pleni</span> <span class='ocrx_word' id='word_1_171' title='bbox 827 937 1032 969; x_wconf 83' lang='lat' dir='ltr'>disputacionum</span> <span class='ocrx_word' id='word_1_172' title='bbox 1056 945 1115 969; x_wconf 88' lang='lat' dir='ltr'>pro-</span> 
     </span>
     <span class='ocr_line' id='line_1_22' title="bbox 135 971 1115 1003; baseline 0.001 -8"><span class='ocrx_word' id='word_1_173' title='bbox 135 971 293 1003; x_wconf 82' lang='lat' dir='ltr'>phanamm,</span> <span class='ocrx_word' id='word_1_174' title='bbox 317 978 383 1001; x_wconf 82' lang='lat' dir='ltr'>quae</span> <span class='ocrx_word' id='word_1_175' title='bbox 400 971 494 1002; x_wconf 85' lang='lat' dir='ltr'>partim</span> <span class='ocrx_word' id='word_1_176' title='bbox 512 974 572 994; x_wconf 86' lang='lat' dir='ltr'>sunt</span> <span class='ocrx_word' id='word_1_177' title='bbox 590 971 693 995; x_wconf 84' lang='lat' dir='ltr'>inutiles</span> <span class='ocrx_word' id='word_1_178' title='bbox 712 971 744 995; x_wconf 85' lang='lat' dir='ltr'>ad</span> <span class='ocrx_word' id='word_1_179' title='bbox 763 972 897 1003; x_wconf 81' lang='lat' dir='ltr'>pietatem,</span> <span class='ocrx_word' id='word_1_180' title='bbox 922 973 1015 1003; x_wconf 85' lang='lat' dir='ltr'>partim</span> <span class='ocrx_word' id='word_1_181' title='bbox 1038 973 1115 997; x_wconf 79' lang='lat' dir='ltr'>etiam</span> 
     </span>
     <span class='ocr_line' id='line_1_23' title="bbox 135 1004 1114 1038; baseline 0.001 -9"><span class='ocrx_word' id='word_1_182' title='bbox 135 1006 264 1030; x_wconf 82' lang='lat' dir='ltr'>dissident</span> <span class='ocrx_word' id='word_1_183' title='bbox 281 1005 313 1029; x_wconf 86' lang='lat' dir='ltr'>ab</span> <span class='ocrx_word' id='word_1_184' title='bbox 331 1004 487 1035; x_wconf 77' lang='lat' dir='ltr'>Euangelio.</span> <span class='ocrx_word' id='word_1_185' title='bbox 516 1005 621 1029; x_wconf 86' lang='lat' dir='ltr'>Deinde</span> <span class='ocrx_word' id='word_1_186' title='bbox 640 1006 666 1029; x_wconf 90' lang='lat' dir='ltr'>in</span> <span class='ocrx_word' id='word_1_187' title='bbox 685 1006 901 1038; x_wconf 84' lang='lat' dir='ltr'>interpretacione</span> <span class='ocrx_word' id='word_1_188' title='bbox 915 1007 1058 1038; x_wconf 77' lang='lat' dir='ltr'>scripturae</span> <span class='ocrx_word' id='word_1_189' title='bbox 1075 1007 1114 1031; x_wconf 88' lang='lat' dir='ltr'>lu-</span> 
     </span>
     <span class='ocr_line' id='line_1_24' title="bbox 136 1039 721 1071; baseline 0 -7"><span class='ocrx_word' id='word_1_190' title='bbox 136 1040 201 1064; x_wconf 83' lang='lat' dir='ltr'>dunt</span> <span class='ocrx_word' id='word_1_191' title='bbox 218 1043 244 1063; x_wconf 81' lang='lat' dir='ltr'>et</span> <span class='ocrx_word' id='word_1_192' title='bbox 261 1040 490 1064; x_wconf 86' lang='lat' dir='ltr'>comminiscuntur</span> <span class='ocrx_word' id='word_1_193' title='bbox 508 1039 633 1071; x_wconf 85' lang='lat' dir='ltr'>quidquid</span> <span class='ocrx_word' id='word_1_194' title='bbox 651 1040 721 1064; x_wconf 86' lang='lat' dir='ltr'>libet.</span> 
     </span>
    </p>

    <p class='ocr_par' dir='ltr' id='par_1_4' title="bbox 133 1073 1114 1174">
     <span class='ocr_line' id='line_1_25' title="bbox 202 1073 1114 1105; baseline 0.001 -7"><span class='ocrx_word' id='word_1_195' title='bbox 202 1074 275 1098; x_wconf 77' lang='lat' dir='ltr'>Haec</span> <span class='ocrx_word' id='word_1_196' title='bbox 286 1074 420 1098; x_wconf 83' lang='lat' dir='ltr'>doctrinae</span> <span class='ocrx_word' id='word_1_197' title='bbox 435 1073 556 1099; x_wconf 79' lang='lat' dir='ltr'>confusio</span> <span class='ocrx_word' id='word_1_198' title='bbox 566 1074 733 1105; x_wconf 86' lang='lat' dir='ltr'>praecipuum</span> <span class='ocrx_word' id='word_1_199' title='bbox 743 1079 782 1098; x_wconf 86' lang='lat' dir='ltr'>est</span> <span class='ocrx_word' id='word_1_200' title='bbox 791 1075 950 1105; x_wconf 82' lang='lat' dir='ltr'>scandalum,</span> <span class='ocrx_word' id='word_1_201' title='bbox 961 1079 988 1099; x_wconf 89' lang='lat' dir='ltr'>et</span> <span class='ocrx_word' id='word_1_202' title='bbox 1002 1076 1114 1100; x_wconf 77' lang='lat' dir='ltr'>maxime</span> 
     </span>
     <span class='ocr_line' id='line_1_26' title="bbox 134 1107 1114 1142; baseline 0.003 -11"><span class='ocrx_word' id='word_1_203' title='bbox 134 1108 324 1139; x_wconf 84' lang='lat' dir='ltr'>perniciosum,</span> <span class='ocrx_word' id='word_1_204' title='bbox 343 1107 375 1132; x_wconf 88' lang='lat' dir='ltr'>de</span> <span class='ocrx_word' id='word_1_205' title='bbox 393 1115 444 1139; x_wconf 90' lang='lat' dir='ltr'>quo</span> <span class='ocrx_word' id='word_1_206' title='bbox 462 1109 600 1140; x_wconf 84' lang='lat' dir='ltr'>praecipue</span> <span class='ocrx_word' id='word_1_207' title='bbox 625 1109 740 1141; x_wconf 88' lang='lat' dir='ltr'>queritur</span> <span class='ocrx_word' id='word_1_208' title='bbox 754 1110 779 1142; x_wconf 68' lang='grc' dir='ltr'>ι)</span> <span class='ocrx_word' id='word_1_209' title='bbox 804 1109 933 1133; x_wconf 86' lang='lat' dir='ltr'>Iohannes</span> <span class='ocrx_word' id='word_1_210' title='bbox 957 1111 983 1134; x_wconf 91' lang='lat' dir='ltr'>in</span> <span class='ocrx_word' id='word_1_211' title='bbox 1011 1110 1114 1142; x_wconf 81' lang='lat' dir='ltr'>Apoca-</span> 
     </span>
     <span class='ocr_line' id='line_1_27' title="bbox 133 1142 1114 1174; baseline 0.003 -8"><span class='ocrx_word' id='word_1_212' title='bbox 133 1142 217 1173; x_wconf 85' lang='lat' dir='ltr'>lypsi,</span> <span class='ocrx_word' id='word_1_213' title='bbox 235 1149 293 1166; x_wconf 85' lang='lat' dir='ltr'>cum</span> <span class='ocrx_word' id='word_1_214' title='bbox 312 1142 434 1167; x_wconf 83' lang='lat' dir='ltr'>describit</span> <span class='ocrx_word' id='word_1_215' title='bbox 451 1142 615 1167; x_wconf 74' lang='lat' dir='ltr'>Pontii-icium</span> <span class='ocrx_word' id='word_1_216' title='bbox 633 1150 749 1174; x_wconf 78' lang='lat' dir='ltr'>regnum.</span> <span class='ocrx_word' id='word_1_217' title='bbox 787 1142 856 1173; x_wconf 84' lang='lat' dir='ltr'>Quid</span> <span class='ocrx_word' id='word_1_218' title='bbox 876 1151 934 1169; x_wconf 85' lang='lat' dir='ltr'>eum</span> <span class='ocrx_word' id='word_1_219' title='bbox 951 1149 1056 1169; x_wconf 88' lang='lat' dir='ltr'>uentum</span> <span class='ocrx_word' id='word_1_220' title='bbox 1075 1148 1114 1169; x_wconf 81' lang='lat' dir='ltr'>est</span> 
     </span>
    </p>
   </div>
   <div class='ocr_carea' id='block_1_3' title="bbox 151 1276 690 1312">
    <p class='ocr_par' dir='ltr' id='par_1_5' title="bbox 151 1276 690 1312">
     <span class='ocr_line' id='line_1_28' title="bbox 151 1276 690 1312; baseline 0.007 -12"><span class='ocrx_word' id='word_1_221' title='bbox 151 1276 180 1306; x_wconf 79' lang='lat' dir='ltr'>a)</span> <span class='ocrx_word' id='word_1_222' title='bbox 201 1277 328 1310; x_wconf 85' lang='lat' dir='ltr'>que.itur]</span> <span class='ocrx_word' id='word_1_223' title='bbox 348 1278 397 1303; x_wconf 84' lang='lat' dir='ltr'>Ed.</span> <span class='ocrx_word' id='word_1_224' title='bbox 418 1280 442 1302; x_wconf 76' lang='lat'>⁴.</span> <span class='ocrx_word' id='word_1_225' title='bbox 460 1279 538 1305; x_wconf 76' lang='lat' dir='ltr'>male:</span> <span class='ocrx_word' id='word_1_226' title='bbox 558 1280 690 1312; x_wconf 77' lang='lat' dir='ltr'>quaeritur</span> 
     </span>
    </p>
   </div>
   <div class='ocr_carea' id='block_1_4' title="bbox 564 189 1801 228">
    <p class='ocr_par' dir='ltr' id='par_1_6' title="bbox 564 189 1801 228">
     <span class='ocr_line' id='line_1_29' title="bbox 564 189 1801 228; baseline 0.004 -5"><span class='ocrx_word' id='word_1_227' title='bbox 564 189 797 223; x_wconf 75' lang='lat' dir='ltr'>APOLOGIA</span> <span class='ocrx_word' id='word_1_228' title='bbox 823 189 1142 224; x_wconf 83' lang='lat' dir='ltr'>CONFESSIONIS</span> <span class='ocrx_word' id='word_1_229' title='bbox 1164 190 1495 226; x_wconf 65' lang='lat' dir='ltr'><strong>AUGUSTANAR·</strong></span> <span class='ocrx_word' id='word_1_230' title='bbox 1527 192 1566 225; x_wconf 88' lang='lat' dir='ltr'>B.</span> <span class='ocrx_word' id='word_1_231' title='bbox 1611 193 1801 228; x_wconf 71' lang='lat' dir='ltr'>ALTERA.</span> 
     </span>
    </p>
   </div>
   <div class='ocr_carea' id='block_1_5' title="bbox 2085 199 2150 232">
    <p class='ocr_par' dir='ltr' id='par_1_7' title="bbox 2085 199 2150 232">
     <span class='ocr_line' id='line_1_30' title="bbox 2085 199 2150 232; baseline 0 0"><span class='ocrx_word' id='word_1_232' title='bbox 2085 199 2150 232; x_wconf 77' lang='lat'>646</span> 
     </span>
    </p>
   </div>
   <div class='ocr_carea' id='block_1_6' title="bbox 1169 285 2147 325">
    <p class='ocr_par' dir='ltr' id='par_1_8' title="bbox 1169 285 2147 325">
     <span class='ocr_line' id='line_1_31' title="bbox 1169 285 2147 325; baseline 0.009 -15"><span class='ocrx_word' id='word_1_233' title='bbox 1169 286 1203 310; x_wconf 86' lang='lat' dir='ltr'>ad</span> <span class='ocrx_word' id='word_1_234' title='bbox 1221 285 1409 311; x_wconf 85' lang='lat' dir='ltr'>Monaehomm</span> <span class='ocrx_word' id='word_1_235' title='bbox 1427 289 1643 320; x_wconf 80' lang='lat' dir='ltr'>supersticiones‚</span> <span class='ocrx_word' id='word_1_236' title='bbox 1661 296 1728 321; x_wconf 85' lang='lat' dir='ltr'>quae</span> <span class='ocrx_word' id='word_1_237' title='bbox 1745 290 1850 315; x_wconf 81' lang='lat' dir='ltr'>fuerunt</span> <span class='ocrx_word' id='word_1_238' title='bbox 1867 291 1998 322; x_wconf 80' lang='lat' dir='ltr'>infinitae,</span> <span class='ocrx_word' id='word_1_239' title='bbox 2022 299 2147 325; x_wconf 83' lang='lat' dir='ltr'>quantum</span> 
     </span>
    </p>
   </div>
   <div class='ocr_carea' id='block_1_7' title="bbox 1140 320 2146 357">
    <p class='ocr_par' dir='ltr' id='par_1_9' title="bbox 1140 320 2146 357">
     <span class='ocr_line' id='line_1_32' title="bbox 1140 320 2146 357; baseline 0.009 -13"><span class='ocrx_word' id='word_1_240' title='bbox 1140 344 1145 349; x_wconf 85' lang='grc'><em>,</em></span> <span class='ocrx_word' id='word_1_241' title='bbox 1169 320 1205 344; x_wconf 85' lang='lat' dir='ltr'>ibi</span> <span class='ocrx_word' id='word_1_242' title='bbox 1224 324 1263 344; x_wconf 89' lang='lat' dir='ltr'>est</span> <span class='ocrx_word' id='word_1_243' title='bbox 1283 322 1487 352; x_wconf 78' lang='lat' dir='ltr'>perniciosarum</span> <span class='ocrx_word' id='word_1_244' title='bbox 1511 323 1701 348; x_wconf 74' lang='lat' dir='ltr'>offensionum?</span> <span class='ocrx_word' id='word_1_245' title='bbox 1725 324 1807 355; x_wconf 86' lang='lat' dir='ltr'>qualis</span> <span class='ocrx_word' id='word_1_246' title='bbox 1832 325 1882 350; x_wconf 78' lang='lat' dir='ltr'>fuit</span> <span class='ocrx_word' id='word_1_247' title='bbox 1904 326 2046 357; x_wconf 78' lang='lat' dir='ltr'>applicatio</span> <span class='ocrx_word' id='word_1_248' title='bbox 2070 330 2146 354; x_wconf 89' lang='lat' dir='ltr'>meri-</span> 
     </span>
    </p>
   </div>
   <div class='ocr_carea' id='block_1_8' title="bbox 1165 356 2147 1283">
    <p class='ocr_par' dir='ltr' id='par_1_10' title="bbox 1165 356 2147 1283">
     <span class='ocr_line' id='line_1_33' title="bbox 1169 356 2147 388; baseline 0.011 -11"><span class='ocrx_word' id='word_1_249' title='bbox 1169 358 1268 385; x_wconf 86' lang='lat' dir='ltr'>torum,</span> <span class='ocrx_word' id='word_1_250' title='bbox 1292 356 1315 379; x_wconf 86' lang='lat' dir='ltr'>si</span> <span class='ocrx_word' id='word_1_251' title='bbox 1334 356 1453 381; x_wconf 85' lang='lat' dir='ltr'>cadaueri</span> <span class='ocrx_word' id='word_1_252' title='bbox 1472 358 1674 382; x_wconf 77' lang='lat' dir='ltr'>circumdaretur</span> <span class='ocrx_word' id='word_1_253' title='bbox 1699 358 1831 383; x_wconf 77' lang='lat' dir='ltr'>cucullus?</span> <span class='ocrx_word' id='word_1_254' title='bbox 1856 363 1903 384; x_wconf 89' lang='lat' dir='ltr'>etc.</span> <span class='ocrx_word' id='word_1_255' title='bbox 1941 359 2024 385; x_wconf 82' lang='lat' dir='ltr'>Porro</span> <span class='ocrx_word' id='word_1_256' title='bbox 2046 362 2147 388; x_wconf 76' lang='lat' dir='ltr'>nihilne</span> 
     </span>
     <span class='ocr_line' id='line_1_34' title="bbox 1168 389 2144 430; baseline 0.009 -18"><span class='ocrx_word' id='word_1_257' title='bbox 1168 389 1286 412; x_wconf 74' lang='lat' dir='ltr'>scandali</span> <span class='ocrx_word' id='word_1_258' title='bbox 1305 394 1352 420; x_wconf 84' lang='lat' dir='ltr'>est,</span> <span class='ocrx_word' id='word_1_259' title='bbox 1371 391 1440 422; x_wconf 89' lang='lat' dir='ltr'>quod</span> <span class='ocrx_word' id='word_1_260' title='bbox 1458 390 1508 415; x_wconf 85' lang='lat' dir='ltr'>hoc</span> <span class='ocrx_word' id='word_1_261' title='bbox 1526 396 1642 424; x_wconf 85' lang='lat' dir='ltr'>tempore</span> <span class='ocrx_word' id='word_1_262' title='bbox 1665 393 1827 417; x_wconf 75' lang='lat' dir='ltr'>manifestam</span> <span class='ocrx_word' id='word_1_263' title='bbox 1851 394 1986 418; x_wconf 81' lang='lat' dir='ltr'>ueritatem</span> <span class='ocrx_word' id='word_1_264' title='bbox 2009 396 2144 430; x_wconf 82' lang='lat' dir='ltr'>Euangeiij</span> 
     </span>
     <span class='ocr_line' id='line_1_35' title="bbox 1169 423 2146 464; baseline 0.01 -18"><span class='ocrx_word' id='word_1_265' title='bbox 1169 423 1315 454; x_wconf 83' lang='lat' dir='ltr'>opprimere</span> <span class='ocrx_word' id='word_1_266' title='bbox 1334 426 1479 449; x_wconf 76' lang='lat' dir='ltr'>conantur?</span> <span class='ocrx_word' id='word_1_267' title='bbox 1498 427 1567 457; x_wconf 86' lang='lat' dir='ltr'>quod</span> <span class='ocrx_word' id='word_1_268' title='bbox 1591 426 1729 451; x_wconf 85' lang='lat' dir='ltr'>crudeliter</span> <span class='ocrx_word' id='word_1_269' title='bbox 1754 428 1877 452; x_wconf 83' lang='lat' dir='ltr'>occidunt</span> <span class='ocrx_word' id='word_1_270' title='bbox 1901 428 1984 452; x_wconf 82' lang='lat' dir='ltr'>bonos</span> <span class='ocrx_word' id='word_1_271' title='bbox 2008 431 2079 455; x_wconf 88' lang='lat' dir='ltr'>uiros</span> <span class='ocrx_word' id='word_1_272' title='bbox 2102 433 2146 464; x_wconf 85' lang='lat' dir='ltr'>pia</span> 
     </span>
     <span class='ocr_line' id='line_1_36' title="bbox 1169 456 2145 496; baseline 0.01 -16"><span class='ocrx_word' id='word_1_273' title='bbox 1169 456 1301 487; x_wconf 85' lang='lat' dir='ltr'>docentes,</span> <span class='ocrx_word' id='word_1_274' title='bbox 1320 459 1390 489; x_wconf 81' lang='lat' dir='ltr'>quod</span> <span class='ocrx_word' id='word_1_275' title='bbox 1409 459 1547 491; x_wconf 84' lang='lat' dir='ltr'>prohibent</span> <span class='ocrx_word' id='word_1_276' title='bbox 1564 468 1596 484; x_wconf 89' lang='lat' dir='ltr'>ne</span> <span class='ocrx_word' id='word_1_277' title='bbox 1614 460 1690 484; x_wconf 87' lang='lat' dir='ltr'>rebus</span> <span class='ocrx_word' id='word_1_278' title='bbox 1709 463 1820 492; x_wconf 81' lang='lat' dir='ltr'>cognitis</span> <span class='ocrx_word' id='word_1_279' title='bbox 1839 466 1961 487; x_wconf 83' lang='lat' dir='ltr'>sanentur</span> <span class='ocrx_word' id='word_1_280' title='bbox 1983 465 2145 496; x_wconf 78' lang='lat' dir='ltr'>ambigentes</span> 
     </span>
     <span class='ocr_line' id='line_1_37' title="bbox 1168 492 2145 525; baseline 0.008 -11"><span class='ocrx_word' id='word_1_281' title='bbox 1168 492 1351 522; x_wconf 87' lang='lat' dir='ltr'>conscientiae,</span> <span class='ocrx_word' id='word_1_282' title='bbox 1369 494 1439 524; x_wconf 88' lang='lat' dir='ltr'>quod</span> <span class='ocrx_word' id='word_1_283' title='bbox 1456 493 1542 525; x_wconf 84' lang='lat' dir='ltr'>Reges</span> <span class='ocrx_word' id='word_1_284' title='bbox 1560 494 1696 519; x_wconf 81' lang='lat' dir='ltr'>hortantur</span> <span class='ocrx_word' id='word_1_285' title='bbox 1715 496 1748 520; x_wconf 82' lang='lat' dir='ltr'>ad</span> <span class='ocrx_word' id='word_1_286' title='bbox 1767 497 1871 520; x_wconf 84' lang='lat' dir='ltr'>crudele</span> <span class='ocrx_word' id='word_1_287' title='bbox 1884 496 2059 523; x_wconf 85' lang='lat' dir='ltr'>latrocinium.</span> <span class='ocrx_word' id='word_1_288' title='bbox 2088 500 2145 525; x_wconf 81' lang='lat' dir='ltr'>Sci-</span> 
     </span>
     <span class='ocr_line' id='line_1_38' title="bbox 1166 525 2146 566; baseline 0.008 -17"><span class='ocrx_word' id='word_1_289' title='bbox 1166 525 1229 549; x_wconf 85' lang='lat' dir='ltr'>licet</span> <span class='ocrx_word' id='word_1_290' title='bbox 1246 525 1310 550; x_wconf 80' lang='lat' dir='ltr'>haec</span> <span class='ocrx_word' id='word_1_291' title='bbox 1328 534 1382 550; x_wconf 91' lang='lat' dir='ltr'>non</span> <span class='ocrx_word' id='word_1_292' title='bbox 1401 532 1459 551; x_wconf 86' lang='lat' dir='ltr'>sunt</span> <span class='ocrx_word' id='word_1_293' title='bbox 1473 529 1598 553; x_wconf 80' lang='lat' dir='ltr'>scandala</span> <span class='ocrx_word' id='word_1_294' title='bbox 1616 529 1769 560; x_wconf 83' lang='lat' dir='ltr'>indicanda,</span> <span class='ocrx_word' id='word_1_295' title='bbox 1792 531 1838 554; x_wconf 85' lang='lat' dir='ltr'>sed</span> <span class='ocrx_word' id='word_1_296' title='bbox 1856 538 1928 555; x_wconf 83' lang='lat' dir='ltr'>mera</span> <span class='ocrx_word' id='word_1_297' title='bbox 1945 530 2146 566; x_wconf 73' lang='grc' dir='ltr'><strong><em>κατορθώματα</em></strong></span> 
     </span>
     <span class='ocr_line' id='line_1_39' title="bbox 1167 559 2144 599; baseline 0.009 -16"><span class='ocrx_word' id='word_1_298' title='bbox 1167 559 1315 584; x_wconf 82' lang='lat' dir='ltr'>Pontificia.</span> <span class='ocrx_word' id='word_1_299' title='bbox 1351 561 1442 593; x_wconf 86' lang='lat' dir='ltr'>Neque</span> <span class='ocrx_word' id='word_1_300' title='bbox 1460 569 1524 586; x_wconf 87' lang='lat' dir='ltr'>nero</span> <span class='ocrx_word' id='word_1_301' title='bbox 1542 563 1606 587; x_wconf 84' lang='lat' dir='ltr'>libet</span> <span class='ocrx_word' id='word_1_302' title='bbox 1624 564 1699 587; x_wconf 90' lang='lat' dir='ltr'>nobis</span> <span class='ocrx_word' id='word_1_303' title='bbox 1717 563 1760 588; x_wconf 89' lang='lat' dir='ltr'>hic</span> <span class='ocrx_word' id='word_1_304' title='bbox 1784 565 1923 596; x_wconf 86' lang='lat' dir='ltr'>quidquam</span> <span class='ocrx_word' id='word_1_305' title='bbox 1946 573 1994 597; x_wconf 88' lang='lat' dir='ltr'>pro</span> <span class='ocrx_word' id='word_1_306' title='bbox 2016 569 2144 599; x_wconf 81' lang='lat' dir='ltr'>magnitu-</span> 
     </span>
     <span class='ocr_line' id='line_1_40' title="bbox 1169 594 2144 629; baseline 0.008 -11"><span class='ocrx_word' id='word_1_307' title='bbox 1169 594 1228 618; x_wconf 87' lang='lat' dir='ltr'>dine</span> <span class='ocrx_word' id='word_1_308' title='bbox 1247 601 1332 619; x_wconf 80' lang='lat' dir='ltr'>rerum</span> <span class='ocrx_word' id='word_1_309' title='bbox 1351 602 1526 627; x_wconf 80' lang='lat' dir='ltr'>exaggerare,</span> <span class='ocrx_word' id='word_1_310' title='bbox 1545 604 1579 621; x_wconf 88' lang='lat' dir='ltr'>ne</span> <span class='ocrx_word' id='word_1_311' title='bbox 1597 598 1653 629; x_wconf 86' lang='lat' dir='ltr'>quis</span> <span class='ocrx_word' id='word_1_312' title='bbox 1672 598 1795 623; x_wconf 56' lang='lat' dir='ltr'>delectari</span> <span class='ocrx_word' id='word_1_313' title='bbox 1818 607 1866 623; x_wconf 90' lang='lat' dir='ltr'>nos</span> <span class='ocrx_word' id='word_1_314' title='bbox 1885 600 1936 624; x_wconf 80' lang='lat' dir='ltr'>ista</span> <span class='ocrx_word' id='word_1_315' title='bbox 1959 607 2144 627; x_wconf 85' lang='lat' dir='ltr'>commemora-</span> 
     </span>
     <span class='ocr_line' id='line_1_41' title="bbox 1168 630 2144 665; baseline 0.009 -13"><span class='ocrx_word' id='word_1_316' title='bbox 1168 630 1237 653; x_wconf 86' lang='lat' dir='ltr'>tione</span> <span class='ocrx_word' id='word_1_317' title='bbox 1255 632 1336 660; x_wconf 83' lang='lat' dir='ltr'>putet‚</span> <span class='ocrx_word' id='word_1_318' title='bbox 1356 637 1430 660; x_wconf 80' lang='lat' dir='ltr'>quam</span> <span class='ocrx_word' id='word_1_319' title='bbox 1449 635 1614 655; x_wconf 86' lang='lat' dir='ltr'>extorserunt</span> <span class='ocrx_word' id='word_1_320' title='bbox 1633 632 1708 655; x_wconf 91' lang='lat' dir='ltr'>nobis</span> <span class='ocrx_word' id='word_1_321' title='bbox 1727 633 1815 657; x_wconf 83' lang='lat' dir='ltr'>inuitis</span> <span class='ocrx_word' id='word_1_322' title='bbox 1834 634 1972 665; x_wconf 85' lang='lat' dir='ltr'>scriptores</span> <span class='ocrx_word' id='word_1_323' title='bbox 1988 636 2144 661; x_wconf 86' lang='lat' dir='ltr'>consutacio-</span> 
     </span>
     <span class='ocr_line' id='line_1_42' title="bbox 1168 662 2144 701; baseline 0.009 -15"><span class='ocrx_word' id='word_1_324' title='bbox 1168 663 1216 686; x_wconf 87' lang='lat' dir='ltr'>nis.</span> <span class='ocrx_word' id='word_1_325' title='bbox 1243 662 1312 687; x_wconf 87' lang='lat' dir='ltr'>Nam</span> <span class='ocrx_word' id='word_1_326' title='bbox 1330 663 1394 687; x_wconf 82' lang='lat' dir='ltr'>haec</span> <span class='ocrx_word' id='word_1_327' title='bbox 1413 671 1492 689; x_wconf 83' lang='lat' dir='ltr'>causa</span> <span class='ocrx_word' id='word_1_328' title='bbox 1509 672 1561 689; x_wconf 91' lang='lat' dir='ltr'>non</span> <span class='ocrx_word' id='word_1_329' title='bbox 1581 673 1613 689; x_wconf 75' lang='lat' dir='ltr'>ex</span> <span class='ocrx_word' id='word_1_330' title='bbox 1633 665 1764 690; x_wconf 87' lang='lat' dir='ltr'>hominum</span> <span class='ocrx_word' id='word_1_331' title='bbox 1777 668 1902 698; x_wconf 86' lang='lat' dir='ltr'>moribus,</span> <span class='ocrx_word' id='word_1_332' title='bbox 1921 672 1965 692; x_wconf 82' lang='lat' dir='ltr'>aut</span> <span class='ocrx_word' id='word_1_333' title='bbox 1983 676 2014 693; x_wconf 89' lang='lat' dir='ltr'>ex</span> <span class='ocrx_word' id='word_1_334' title='bbox 2032 670 2144 701; x_wconf 79' lang='lat' dir='ltr'>fortuna,</span> 
     </span>
     <span class='ocr_line' id='line_1_43' title="bbox 1168 697 2146 732; baseline 0.008 -11"><span class='ocrx_word' id='word_1_335' title='bbox 1168 697 1214 721; x_wconf 86' lang='lat' dir='ltr'>sed</span> <span class='ocrx_word' id='word_1_336' title='bbox 1236 704 1268 721; x_wconf 89' lang='lat' dir='ltr'>ex</span> <span class='ocrx_word' id='word_1_337' title='bbox 1290 698 1370 721; x_wconf 91' lang='lat' dir='ltr'>uerbo</span> <span class='ocrx_word' id='word_1_338' title='bbox 1394 697 1445 723; x_wconf 84' lang='lat' dir='ltr'>Dei</span> <span class='ocrx_word' id='word_1_339' title='bbox 1468 699 1579 724; x_wconf 80' lang='lat' dir='ltr'>iudicari</span> <span class='ocrx_word' id='word_1_340' title='bbox 1605 700 1694 729; x_wconf 87' lang='lat' dir='ltr'>debet,</span> <span class='ocrx_word' id='word_1_341' title='bbox 1724 702 1795 732; x_wconf 87' lang='lat' dir='ltr'>quod</span> <span class='ocrx_word' id='word_1_342' title='bbox 1818 703 1916 726; x_wconf 86' lang='lat' dir='ltr'>utinam</span> <span class='ocrx_word' id='word_1_343' title='bbox 1941 703 2094 728; x_wconf 79' lang='lat' dir='ltr'>adhiberent</span> <span class='ocrx_word' id='word_1_344' title='bbox 2119 707 2146 730; x_wconf 90' lang='lat' dir='ltr'>in</span> 
     </span>
     <span class='ocr_line' id='line_1_44' title="bbox 1168 732 2146 768; baseline 0.009 -13"><span class='ocrx_word' id='word_1_345' title='bbox 1168 732 1304 756; x_wconf 82' lang='lat' dir='ltr'>consilium</span> <span class='ocrx_word' id='word_1_346' title='bbox 1324 739 1428 763; x_wconf 78' lang='lat' dir='ltr'>omnes,</span> <span class='ocrx_word' id='word_1_347' title='bbox 1451 735 1495 765; x_wconf 91' lang='lat' dir='ltr'>qui</span> <span class='ocrx_word' id='word_1_348' title='bbox 1516 734 1547 758; x_wconf 87' lang='lat' dir='ltr'>de</span> <span class='ocrx_word' id='word_1_349' title='bbox 1566 734 1605 759; x_wconf 87' lang='lat' dir='ltr'>his</span> <span class='ocrx_word' id='word_1_350' title='bbox 1624 736 1808 768; x_wconf 85' lang='lat' dir='ltr'>controuersijs</span> <span class='ocrx_word' id='word_1_351' title='bbox 1831 737 2014 768; x_wconf 79' lang='lat' dir='ltr'>pronunciant.</span> <span class='ocrx_word' id='word_1_352' title='bbox 2051 738 2146 764; x_wconf 85' lang='lat' dir='ltr'>Iterum</span> 
     </span>
     <span class='ocr_line' id='line_1_45' title="bbox 1167 766 2144 800; baseline 0.009 -11"><span class='ocrx_word' id='word_1_353' title='bbox 1167 770 1253 790; x_wconf 85' lang='lat' dir='ltr'>autem</span> <span class='ocrx_word' id='word_1_354' title='bbox 1271 766 1313 790; x_wconf 78' lang='lat' dir='ltr'>hie</span> <span class='ocrx_word' id='word_1_355' title='bbox 1333 766 1469 791; x_wconf 88' lang='lat' dir='ltr'>dicendum</span> <span class='ocrx_word' id='word_1_356' title='bbox 1489 772 1535 798; x_wconf 73' lang='lat' dir='ltr'>es⁵‚</span> <span class='ocrx_word' id='word_1_357' title='bbox 1555 769 1624 799; x_wconf 90' lang='lat' dir='ltr'>quod</span> <span class='ocrx_word' id='word_1_358' title='bbox 1642 776 1719 800; x_wconf 84' lang='lat' dir='ltr'>saepe</span> <span class='ocrx_word' id='word_1_359' title='bbox 1738 770 1790 793; x_wconf 90' lang='lat' dir='ltr'>iam</span> <span class='ocrx_word' id='word_1_360' title='bbox 1809 770 1929 795; x_wconf 70' lang='lat' dir='ltr'>diximus.</span> <span class='ocrx_word' id='word_1_361' title='bbox 1958 771 2014 796; x_wconf 86' lang='lat' dir='ltr'>Nos</span> <span class='ocrx_word' id='word_1_362' title='bbox 2031 774 2144 798; x_wconf 83' lang='lat' dir='ltr'>maxime</span> 
     </span>
     <span class='ocr_line' id='line_1_46' title="bbox 1168 800 2146 836; baseline 0.008 -12"><span class='ocrx_word' id='word_1_363' title='bbox 1168 800 1254 833; x_wconf 81' lang='lat' dir='ltr'>cupidi</span> <span class='ocrx_word' id='word_1_364' title='bbox 1273 808 1358 825; x_wconf 83' lang='lat' dir='ltr'>sumus</span> <span class='ocrx_word' id='word_1_365' title='bbox 1376 802 1494 833; x_wconf 84' lang='lat' dir='ltr'>publicae</span> <span class='ocrx_word' id='word_1_366' title='bbox 1513 803 1678 832; x_wconf 80' lang='lat' dir='ltr'>concordiae,</span> <span class='ocrx_word' id='word_1_367' title='bbox 1696 805 1826 835; x_wconf 80' lang='lat' dir='ltr'>pacisque,</span> <span class='ocrx_word' id='word_1_368' title='bbox 1845 812 1920 836; x_wconf 86' lang='lat' dir='ltr'>quam</span> <span class='ocrx_word' id='word_1_369' title='bbox 1939 810 2008 830; x_wconf 84' lang='lat' dir='ltr'>certe</span> <span class='ocrx_word' id='word_1_370' title='bbox 2023 806 2146 832; x_wconf 88' lang='lat' dir='ltr'>Christia-</span> 
     </span>
     <span class='ocr_line' id='line_1_47' title="bbox 1168 836 2145 867; baseline 0.009 -9"><span class='ocrx_word' id='word_1_371' title='bbox 1168 842 1216 859; x_wconf 89' lang='lat' dir='ltr'>nos</span> <span class='ocrx_word' id='word_1_372' title='bbox 1242 836 1355 859; x_wconf 85' lang='lat' dir='ltr'>maxime</span> <span class='ocrx_word' id='word_1_373' title='bbox 1384 836 1452 860; x_wconf 86' lang='lat' dir='ltr'>inter</span> <span class='ocrx_word' id='word_1_374' title='bbox 1478 843 1505 860; x_wconf 86' lang='lat' dir='ltr'>se</span> <span class='ocrx_word' id='word_1_375' title='bbox 1528 837 1613 861; x_wconf 85' lang='lat' dir='ltr'>colere</span> <span class='ocrx_word' id='word_1_376' title='bbox 1641 837 1722 862; x_wconf 86' lang='lat' dir='ltr'>decet.</span> <span class='ocrx_word' id='word_1_377' title='bbox 1758 837 1860 862; x_wconf 87' lang='lat' dir='ltr'>Deinde</span> <span class='ocrx_word' id='word_1_378' title='bbox 1883 840 1958 864; x_wconf 90' lang='lat' dir='ltr'>inuiti</span> <span class='ocrx_word' id='word_1_379' title='bbox 1981 841 2145 867; x_wconf 87' lang='lat' dir='ltr'>dissentimus</span> 
     </span>
     <span class='ocr_line' id='line_1_48' title="bbox 1169 870 2147 907; baseline 0.007 -14"><span class='ocrx_word' id='word_1_380' title='bbox 1169 870 1200 893; x_wconf 80' lang='lat' dir='ltr'>ab</span> <span class='ocrx_word' id='word_1_381' title='bbox 1218 870 1316 901; x_wconf 87' lang='lat' dir='ltr'>optimo</span> <span class='ocrx_word' id='word_1_382' title='bbox 1334 870 1501 901; x_wconf 82' lang='lat' dir='ltr'>Imperatore,</span> <span class='ocrx_word' id='word_1_383' title='bbox 1522 879 1597 903; x_wconf 87' lang='lat' dir='ltr'>quem</span> <span class='ocrx_word' id='word_1_384' title='bbox 1616 879 1668 895; x_wconf 87' lang='lat' dir='ltr'>non</span> <span class='ocrx_word' id='word_1_385' title='bbox 1685 873 1768 896; x_wconf 88' lang='lat' dir='ltr'>solum</span> <span class='ocrx_word' id='word_1_386' title='bbox 1779 877 1885 904; x_wconf 89' lang='lat' dir='ltr'>propter</span> <span class='ocrx_word' id='word_1_387' title='bbox 1895 873 1997 907; x_wconf 83' lang='lat' dir='ltr'>Imperij</span> <span class='ocrx_word' id='word_1_388' title='bbox 2008 874 2147 907; x_wconf 77' lang='lat' dir='ltr'>fastigium,</span> 
     </span>
     <span class='ocr_line' id='line_1_49' title="bbox 1168 904 2146 940; baseline 0.007 -13"><span class='ocrx_word' id='word_1_389' title='bbox 1168 904 1215 928; x_wconf 84' lang='lat' dir='ltr'>sed</span> <span class='ocrx_word' id='word_1_390' title='bbox 1245 905 1322 928; x_wconf 81' lang='lat' dir='ltr'>etiam</span> <span class='ocrx_word' id='word_1_391' title='bbox 1349 909 1454 936; x_wconf 87' lang='lat' dir='ltr'>propter</span> <span class='ocrx_word' id='word_1_392' title='bbox 1480 906 1589 930; x_wconf 89' lang='lat' dir='ltr'>uirtutes</span> <span class='ocrx_word' id='word_1_393' title='bbox 1619 913 1681 930; x_wconf 85' lang='lat' dir='ltr'>uere</span> <span class='ocrx_word' id='word_1_394' title='bbox 1706 906 1837 937; x_wconf 85' lang='lat' dir='ltr'>heroicas,</span> <span class='ocrx_word' id='word_1_395' title='bbox 1862 909 1954 940; x_wconf 82' lang='lat' dir='ltr'>quibus</span> <span class='ocrx_word' id='word_1_396' title='bbox 1978 911 2146 940; x_wconf 85' lang='lat' dir='ltr'>cognouimus</span> 
     </span>
     <span class='ocr_line' id='line_1_50' title="bbox 1169 938 2146 975; baseline 0.008 -14"><span class='ocrx_word' id='word_1_397' title='bbox 1169 945 1226 962; x_wconf 90' lang='lat' dir='ltr'>eum</span> <span class='ocrx_word' id='word_1_398' title='bbox 1251 938 1395 970; x_wconf 80' lang='lat' dir='ltr'>praeditum</span> <span class='ocrx_word' id='word_1_399' title='bbox 1422 946 1479 963; x_wconf 88' lang='lat' dir='ltr'>esse</span> <span class='ocrx_word' id='word_1_400' title='bbox 1502 947 1667 970; x_wconf 85' lang='lat' dir='ltr'>ueneramur,</span> <span class='ocrx_word' id='word_1_401' title='bbox 1693 941 1739 965; x_wconf 86' lang='lat' dir='ltr'>sed</span> <span class='ocrx_word' id='word_1_402' title='bbox 1765 941 1908 974; x_wconf 86' lang='lat' dir='ltr'>aduersarij</span> <span class='ocrx_word' id='word_1_403' title='bbox 1934 950 1986 966; x_wconf 81' lang='lat' dir='ltr'>uon</span> <span class='ocrx_word' id='word_1_404' title='bbox 2010 946 2146 975; x_wconf 77' lang='lat' dir='ltr'>paciuntur</span> 
     </span>
     <span class='ocr_line' id='line_1_51' title="bbox 1169 973 2144 1006; baseline 0.007 -10"><span class='ocrx_word' id='word_1_405' title='bbox 1169 973 1239 997; x_wconf 83' lang='lat' dir='ltr'>coire</span> <span class='ocrx_word' id='word_1_406' title='bbox 1258 973 1426 997; x_wconf 80' lang='lat' dir='ltr'>concordiam</span> <span class='ocrx_word' id='word_1_407' title='bbox 1444 974 1494 998; x_wconf 82' lang='lat' dir='ltr'>nisi</span> <span class='ocrx_word' id='word_1_408' title='bbox 1512 974 1561 998; x_wconf 86' lang='lat' dir='ltr'>hac</span> <span class='ocrx_word' id='word_1_409' title='bbox 1579 975 1646 1006; x_wconf 87' lang='lat' dir='ltr'>lege,</span> <span class='ocrx_word' id='word_1_410' title='bbox 1665 978 1693 998; x_wconf 90' lang='lat' dir='ltr'>ut</span> <span class='ocrx_word' id='word_1_411' title='bbox 1712 982 1759 1000; x_wconf 87' lang='lat' dir='ltr'>nos</span> <span class='ocrx_word' id='word_1_412' title='bbox 1778 977 1949 1001; x_wconf 80' lang='lat' dir='ltr'>assentiamur</span> <span class='ocrx_word' id='word_1_413' title='bbox 1969 978 2144 1003; x_wconf 86' lang='lat' dir='ltr'>condemnan-</span> 
     </span>
     <span class='ocr_line' id='line_1_52' title="bbox 1167 1006 2145 1041; baseline 0.008 -11"><span class='ocrx_word' id='word_1_414' title='bbox 1167 1007 1236 1031; x_wconf 86' lang='lat' dir='ltr'>tibus</span> <span class='ocrx_word' id='word_1_415' title='bbox 1254 1006 1418 1032; x_wconf 73' lang='lat' dir='ltr'>manifestam</span> <span class='ocrx_word' id='word_1_416' title='bbox 1437 1009 1575 1033; x_wconf 84' lang='lat' dir='ltr'>ueritatem</span> <span class='ocrx_word' id='word_1_417' title='bbox 1594 1008 1741 1041; x_wconf 77' lang='lat' dir='ltr'>Euangelij,</span> <span class='ocrx_word' id='word_1_418' title='bbox 1761 1014 1787 1033; x_wconf 92' lang='lat' dir='ltr'>et</span> <span class='ocrx_word' id='word_1_419' title='bbox 1804 1010 1939 1034; x_wconf 82' lang='lat' dir='ltr'>Ecclesiae</span> <span class='ocrx_word' id='word_1_420' title='bbox 1963 1014 2145 1039; x_wconf 83' lang='lat' dir='ltr'>necessariam.</span> 
     </span>
     <span class='ocr_line' id='line_1_53' title="bbox 1167 1041 2146 1079; baseline 0.007 -14"><span class='ocrx_word' id='word_1_421' title='bbox 1167 1041 1197 1065; x_wconf 91' lang='lat' dir='ltr'>Id</span> <span class='ocrx_word' id='word_1_422' title='bbox 1215 1041 1302 1066; x_wconf 78' lang='lat' dir='ltr'>facere</span> <span class='ocrx_word' id='word_1_423' title='bbox 1319 1049 1371 1066; x_wconf 90' lang='lat' dir='ltr'>non</span> <span class='ocrx_word' id='word_1_424' title='bbox 1390 1050 1533 1074; x_wconf 87' lang='lat' dir='ltr'>possumus.</span> <span class='ocrx_word' id='word_1_425' title='bbox 1560 1042 1669 1075; x_wconf 87' lang='lat' dir='ltr'>Oportet</span> <span class='ocrx_word' id='word_1_426' title='bbox 1687 1044 1756 1067; x_wconf 91' lang='lat' dir='ltr'>enim</span> <span class='ocrx_word' id='word_1_427' title='bbox 1768 1044 1826 1068; x_wconf 92' lang='lat' dir='ltr'>Deo</span> <span class='ocrx_word' id='word_1_428' title='bbox 1845 1046 1927 1076; x_wconf 78' lang='lat' dir='ltr'>magis</span> <span class='ocrx_word' id='word_1_429' title='bbox 1940 1045 2056 1077; x_wconf 80' lang='lat' dir='ltr'>obedire,</span> <span class='ocrx_word' id='word_1_430' title='bbox 2071 1055 2146 1079; x_wconf 81' lang='lat' dir='ltr'>quam</span> 
     </span>
     <span class='ocr_line' id='line_1_54' title="bbox 1166 1075 2147 1110; baseline 0.007 -11"><span class='ocrx_word' id='word_1_431' title='bbox 1166 1075 1323 1101; x_wconf 84' lang='lat' dir='ltr'>hominibus.</span> <span class='ocrx_word' id='word_1_432' title='bbox 1361 1076 1448 1106; x_wconf 84' lang='lat' dir='ltr'>Quare</span> <span class='ocrx_word' id='word_1_433' title='bbox 1466 1077 1607 1110; x_wconf 77' lang='lat' dir='ltr'>aduersarij</span> <span class='ocrx_word' id='word_1_434' title='bbox 1626 1079 1754 1102; x_wconf 84' lang='lat' dir='ltr'>rationem</span> <span class='ocrx_word' id='word_1_435' title='bbox 1772 1077 1925 1104; x_wconf 85' lang='lat' dir='ltr'>Schismatis</span> <span class='ocrx_word' id='word_1_436' title='bbox 1945 1081 2069 1105; x_wconf 82' lang='lat' dir='ltr'>reddituri</span> <span class='ocrx_word' id='word_1_437' title='bbox 2088 1086 2147 1106; x_wconf 87' lang='lat' dir='ltr'>sunt</span> 
     </span>
     <span class='ocr_line' id='line_1_55' title="bbox 1166 1109 2147 1147; baseline 0.007 -14"><span class='ocrx_word' id='word_1_438' title='bbox 1166 1109 1234 1140; x_wconf 89' lang='lat' dir='ltr'>Deo,</span> <span class='ocrx_word' id='word_1_439' title='bbox 1253 1112 1295 1142; x_wconf 87' lang='lat' dir='ltr'>qui</span> <span class='ocrx_word' id='word_1_440' title='bbox 1314 1112 1444 1135; x_wconf 82' lang='lat' dir='ltr'>Ecclesias</span> <span class='ocrx_word' id='word_1_441' title='bbox 1467 1119 1536 1136; x_wconf 81' lang='lat' dir='ltr'>noua</span> <span class='ocrx_word' id='word_1_442' title='bbox 1560 1116 1586 1136; x_wconf 94' lang='lat' dir='ltr'>et</span> <span class='ocrx_word' id='word_1_443' title='bbox 1612 1113 1736 1137; x_wconf 82' lang='lat' dir='ltr'>inusitata</span> <span class='ocrx_word' id='word_1_444' title='bbox 1759 1113 1858 1137; x_wconf 86' lang='lat' dir='ltr'>senicia</span> <span class='ocrx_word' id='word_1_445' title='bbox 1882 1114 2018 1145; x_wconf 80' lang='lat' dir='ltr'>dissipant.</span> <span class='ocrx_word' id='word_1_446' title='bbox 2055 1115 2147 1147; x_wconf 83' lang='lat' dir='ltr'>Neque</span> 
     </span>
     <span class='ocr_line' id='line_1_56' title="bbox 1167 1144 2147 1182; baseline 0.006 -14"><span class='ocrx_word' id='word_1_447' title='bbox 1167 1144 1271 1169; x_wconf 88' lang='lat' dir='ltr'>dubium</span> <span class='ocrx_word' id='word_1_448' title='bbox 1297 1149 1350 1176; x_wconf 78' lang='lat' dir='ltr'>est,</span> <span class='ocrx_word' id='word_1_449' title='bbox 1377 1146 1438 1178; x_wconf 86' lang='lat' dir='ltr'>quin</span> <span class='ocrx_word' id='word_1_450' title='bbox 1466 1145 1530 1170; x_wconf 81' lang='lat' dir='ltr'>beec</span> <span class='ocrx_word' id='word_1_451' title='bbox 1553 1147 1652 1171; x_wconf 87' lang='lat' dir='ltr'>seuicia</span> <span class='ocrx_word' id='word_1_452' title='bbox 1676 1148 1850 1172; x_wconf 83' lang='lat' dir='ltr'>mutacionem</span> <span class='ocrx_word' id='word_1_453' title='bbox 1868 1149 1980 1179; x_wconf 82' lang='lat' dir='ltr'>aliquam</span> <span class='ocrx_word' id='word_1_454' title='bbox 2005 1150 2080 1174; x_wconf 84' lang='lat' dir='ltr'>rebus</span> <span class='ocrx_word' id='word_1_455' title='bbox 2098 1158 2147 1182; x_wconf 87' lang='lat' dir='ltr'>pu-</span> 
     </span>
     <span class='ocr_line' id='line_1_57' title="bbox 1166 1178 2145 1213; baseline 0.005 -10"><span class='ocrx_word' id='word_1_456' title='bbox 1166 1178 1239 1203; x_wconf 84' lang='lat' dir='ltr'>blicis</span> <span class='ocrx_word' id='word_1_457' title='bbox 1263 1180 1374 1204; x_wconf 85' lang='lat' dir='ltr'>allatura</span> <span class='ocrx_word' id='word_1_458' title='bbox 1399 1180 1441 1203; x_wconf 87' lang='lat' dir='ltr'>sit.</span> <span class='ocrx_word' id='word_1_459' title='bbox 1482 1180 1554 1204; x_wconf 85' lang='lat' dir='ltr'>Haec</span> <span class='ocrx_word' id='word_1_460' title='bbox 1577 1188 1624 1212; x_wconf 87' lang='lat' dir='ltr'>pro</span> <span class='ocrx_word' id='word_1_461' title='bbox 1648 1184 1764 1213; x_wconf 84' lang='lat' dir='ltr'>tempore</span> <span class='ocrx_word' id='word_1_462' title='bbox 1787 1183 1969 1213; x_wconf 80' lang='lat' dir='ltr'>respondimus</span> <span class='ocrx_word' id='word_1_463' title='bbox 1999 1184 2034 1208; x_wconf 77' lang='lat' dir='ltr'>ad</span> <span class='ocrx_word' id='word_1_464' title='bbox 2056 1184 2145 1208; x_wconf 82' lang='lat' dir='ltr'>consu-</span> 
     </span>
     <span class='ocr_line' id='line_1_58' title="bbox 1166 1213 2146 1249; baseline 0.006 -12"><span class='ocrx_word' id='word_1_465' title='bbox 1166 1213 1305 1244; x_wconf 86' lang='lat' dir='ltr'>tacionem,</span> <span class='ocrx_word' id='word_1_466' title='bbox 1323 1222 1354 1238; x_wconf 87' lang='lat' dir='ltr'>ac</span> <span class='ocrx_word' id='word_1_467' title='bbox 1370 1214 1493 1238; x_wconf 85' lang='lat' dir='ltr'>indicium</span> <span class='ocrx_word' id='word_1_468' title='bbox 1512 1216 1560 1246; x_wconf 88' lang='lat' dir='ltr'>pijs</span> <span class='ocrx_word' id='word_1_469' title='bbox 1580 1215 1698 1240; x_wconf 85' lang='lat' dir='ltr'>omnibns</span> <span class='ocrx_word' id='word_1_470' title='bbox 1717 1217 1902 1247; x_wconf 86' lang='lat' dir='ltr'>permittimus,</span> <span class='ocrx_word' id='word_1_471' title='bbox 1921 1221 1980 1241; x_wconf 82' lang='lat' dir='ltr'>ntra</span> <span class='ocrx_word' id='word_1_472' title='bbox 1997 1225 2056 1249; x_wconf 86' lang='lat' dir='ltr'>pars</span> <span class='ocrx_word' id='word_1_473' title='bbox 2074 1223 2146 1243; x_wconf 77' lang='lat' dir='ltr'>recte</span> 
     </span>
     <span class='ocr_line' id='line_1_59' title="bbox 1165 1248 2145 1283; baseline 0.006 -12"><span class='ocrx_word' id='word_1_474' title='bbox 1165 1248 1267 1272; x_wconf 75' lang='lat' dir='ltr'>sentiat.</span> <span class='ocrx_word' id='word_1_475' title='bbox 1305 1248 1340 1272; x_wconf 83' lang='lat' dir='ltr'>Et</span> <span class='ocrx_word' id='word_1_476' title='bbox 1357 1248 1489 1273; x_wconf 77' lang='lat' dir='ltr'>offerimus</span> <span class='ocrx_word' id='word_1_477' title='bbox 1507 1256 1564 1279; x_wconf 91' lang='lat' dir='ltr'>nos,</span> <span class='ocrx_word' id='word_1_478' title='bbox 1582 1253 1699 1274; x_wconf 84' lang='lat' dir='ltr'>nostram</span> <span class='ocrx_word' id='word_1_479' title='bbox 1718 1251 1876 1275; x_wconf 77' lang='lat' dir='ltr'>sentenciam</span> <span class='ocrx_word' id='word_1_480' title='bbox 1895 1251 1928 1275; x_wconf 89' lang='lat' dir='ltr'>de</span> <span class='ocrx_word' id='word_1_481' title='bbox 1946 1252 2052 1283; x_wconf 80' lang='lat' dir='ltr'>singulis</span> <span class='ocrx_word' id='word_1_482' title='bbox 2071 1253 2145 1282; x_wconf 76' lang='lat' dir='ltr'>locis,</span> 
     </span>
    </p>
   </div>
   <div class='ocr_carea' id='block_1_9' title="bbox 1136 1280 2025 1319">
    <p class='ocr_par' dir='ltr' id='par_1_11' title="bbox 1136 1280 2025 1319">
     <span class='ocr_line' id='line_1_60' title="bbox 1136 1280 2025 1319; baseline 0.003 -12"><span class='ocrx_word' id='word_1_483' title='bbox 1136 1302 1140 1307; x_wconf 91' lang='lat'>.</span> <span class='ocrx_word' id='word_1_484' title='bbox 1164 1280 1257 1314; x_wconf 86' lang='lat' dir='ltr'>Siquid</span> <span class='ocrx_word' id='word_1_485' title='bbox 1275 1282 1369 1308; x_wconf 82' lang='lat' dir='ltr'>alicubi</span> <span class='ocrx_word' id='word_1_486' title='bbox 1390 1283 1588 1313; x_wconf 81' lang='lat' dir='ltr'>desiderabitur,</span> <span class='ocrx_word' id='word_1_487' title='bbox 1606 1284 1737 1315; x_wconf 85' lang='lat' dir='ltr'>copiosius</span> <span class='ocrx_word' id='word_1_488' title='bbox 1756 1285 1932 1309; x_wconf 83' lang='lat' dir='ltr'>declaraturos</span> <span class='ocrx_word' id='word_1_489' title='bbox 1950 1285 2025 1319; x_wconf 64' lang='lat' dir='ltr'>esse]</span> 
     </span>
    </p>
   </div>
   <div class='ocr_carea' id='block_1_10' title="bbox 1001 2583 1266 2624">
    <p class='ocr_par' dir='ltr' id='par_1_12' title="bbox 1001 2583 1266 2624">
     <span class='ocr_line' id='line_1_61' title="bbox 1001 2583 1266 2624; baseline 0.004 -11"><span class='ocrx_word' id='word_1_490' title='bbox 1001 2583 1266 2624; x_wconf 76' lang='lat' dir='ltr'>Brunsvigae,</span> 
     </span>
    </p>
   </div>
   <div class='ocr_carea' id='block_1_11' title="bbox 888 2643 1137 2676">
    <p class='ocr_par' dir='ltr' id='par_1_13' title="bbox 888 2643 1137 2676">
     <span class='ocr_line' id='line_1_62' title="bbox 888 2643 1137 2676; baseline 0.004 -8"><span class='ocrx_word' id='word_1_491' title='bbox 888 2643 966 2675; x_wconf 67' lang='grc' dir='ltr'>Τγρὴ</span> <span class='ocrx_word' id='word_1_492' title='bbox 990 2651 1137 2676; x_wconf 66' lang='lat' dir='ltr'>expressum</span> 
     </span>
    </p>
   </div>
   <div class='ocr_carea' id='block_1_12' title="bbox 1163 2644 1373 2669">
    <p class='ocr_par' dir='ltr' id='par_1_14' title="bbox 1163 2644 1373 2669">
     <span class='ocr_line' id='line_1_63' title="bbox 1163 2644 1373 2669; baseline 0 0"><span class='ocrx_word' id='word_1_493' title='bbox 1163 2645 1197 2669; x_wconf 75' lang='grc' dir='ltr'>Μ,</span> <span class='ocrx_word' id='word_1_494' title='bbox 1224 2644 1373 2669; x_wconf 68' lang='lat' dir='ltr'>Brennii.</span> 
     </span>
    </p>
   </div>
  </div>
 </body>
</html>
