2366 2958
118 152 185 186 57⁷

207 245 332 278 Paulus
355 246 397 277 ad
421 243 644 276 Colossenses
667 243 802 281 scribit,
826 242 1020 274 traditiones
1042 241 1100 273 ha-

120 290 202 322 bere
224 289 369 331 speciem
392 288 584 328 sapientiae.
619 286 661 317 Et
683 286 808 317 liabent
829 283 992 326 profecto,
1015 284 1098 315 Nam

119 332 239 371 εὐταξία
271 331 328 363 illa
362 329 459 362 valde
492 330 589 361 decet
619 330 650 360 in
678 327 848 366 Ecclesia,
884 336 1022 368 eamque
1055 327 1097 357 ob

120 385 260 407 causam
279 373 471 406 necessaria
483 378 547 410 est,
570 373 631 404 sed
654 372 796 403 humana
818 371 914 408 ratio,
938 371 1013 412 quia
1032 379 1097 400 non

119 417 273 459 intelligit
301 417 460 448 iusticiam
484 415 575 454 fidei,
605 413 800 446 naturaliter
826 412 973 455 affingit,
1008 412 1098 453 quod

120 459 201 492 talia
233 470 336 502 opera
368 458 546 490 iustificent
574 458 742 495 homines,
772 457 859 498 quod
884 455 1098 487 reconcilient

120 502 229 536 Deum
256 510 319 535 etc.
366 502 422 533 Sic
456 502 619 533 sentiebat
645 499 767 542 vulgus
807 500 890 530 inter
919 497 1126 534 israelitas,-

121 552 153 578 et
180 546 244 578 hac
273 545 427 587 opinione
455 545 622 585 augebant
651 542 736 574 tales
760 542 984 578 ceremonias,
1013 541 1099 571 sicut

121 590 209 630 apud
242 598 305 620 nos
339 588 371 618 in
404 587 616 628 monasterijs
650 590 836 617 creuerunt.
889 585 945 615 Sic
978 583 1118 615 iudicat·

120 631 264 663 humana
299 631 384 662 ratio
423 631 521 661 etiam
555 630 597 661 de
638 627 806 669 exercitijs
840 626 1015 668 corporis,
1056 626 1098 657 de

120 674 271 716 ieiunijs,
299 683 439 715 quorum
470 673 545 703 finis
569 682 644 703 cum
666 672 725 709 sit,
749 669 929 701 cohercere
952 679 1097 706 carnem,

120 718 204 749 ratio
238 716 366 758 affingit
400 715 510 753 finem,
544 715 631 756 quod
662 714 727 745 sint
757 711 886 750 cultus,
920 713 974 754 qui
1008 712 1098 743 iasti-

120 759 231 791 ficent.
277 759 370 792 Sicut
398 758 543 789 Thomas
572 757 704 793 scribit,
734 755 889 787 ieiunium
920 754 1034 786 valere
1055 754 1097 785 ad

122 802 317 835 deletionem
352 807 383 832 et
423 801 674 842 prohibitionem
714 797 842 839 culpae.
899 798 990 829 Haec
1023 803 1099 828 sunt

123 847 225 877 verba
247 845 405 876 Thomae.
449 844 496 874 ita
519 842 704 883 sapienciae
728 851 767 872 ac
791 841 940 872 iusticiae
966 843 1098 881 species

121 889 155 920 in
179 887 299 920 talibus
327 886 482 928 operibus
511 885 631 926 decipit
664 884 823 915 homines.
868 883 910 915 Et
937 885 1099 915 accedunt

123 930 274 972 exempla
292 931 506 962 Sanctorum,
537 938 622 969 quos
645 928 722 958 dum
745 927 879 958 student
903 927 1018 958 imitari
1042 926 1100 957 iio-

121 975 238 1011 mines,
260 973 426 1004 imitantur
447 969 663 1012 plaerumque
686 976 823 1001 externa
839 970 1009 1009 exercitia,
1032 979 1099 1001 non

121 1017 287 1048 imitantur
310 1014 408 1046 fldem
430 1024 556 1045 eorum.

208 1067 389 1107 Postquam
405 1063 526 1106 ,fefellit
547 1064 698 1095 homines
711 1063 795 1094 haec
818 1064 948 1104 species
972 1063 1101 1105 sapien-

122 1112 194 1143 ciae
217 1120 257 1141 ac
279 1109 447 1146 iusticiae,
476 1108 594 1138 deinde
617 1112 799 1148 sequuntur
826 1107 953 1137 infinita
980 1107 1102 1138 incom-

126 1153 241 1190 moda,
275 1153 473 1182 obscuratur
500 1148 715 1191 Euangelium
745 1150 785 1180 de
814 1149 943 1180 iusticia
970 1148 1046 1180 fidei
1070 1151 1101 1180 in

127 1195 314 1233 Christum,
339 1200 371 1225 et
394 1193 545 1225 succedit
567 1203 653 1223 vana
676 1192 796 1223 fiducia
819 1190 931 1223 talium
954 1202 1100 1232 operum.

125 1239 255 1271 Deinde
289 1238 511 1268 obscurantur
543 1240 724 1276 praecepta
757 1234 842 1273 Dei,
883 1234 967 1266 haec
1001 1245 1101 1276 opera

125 1286 284 1323 arrogant
319 1280 382 1311 sibi
415 1277 544 1310 titulum
577 1276 747 1319 perfectae
762 1279 816 1316 83)
857 1283 889 1308 et
922 1276 1102 1318 spiritualis

126 1325 224 1362 vitae,
248 1329 280 1354 et
302 1322 402 1364 longe
426 1319 656 1363 praeferuntur
675 1321 830 1361 operibus
852 1327 1102 1361 praeceptorum

125 1367 201 1404 Dei,
225 1372 261 1397 vt
279 1367 435 1407 operibus
459 1373 540 1395 suae
567 1364 728 1404 cuiusque
752 1364 947 1401 vocationis,
970 1363 1103 1394 admini-

125 1409 277 1441 strationi
300 1409 347 1439 rei
371 1406 539 1449 publicae,
567 1406 840 1437 administrationi
869 1405 1104 1443 Oeconomiae,

125 1453 214 1485 vitae
246 1449 435 1492 coniugali,
475 1449 730 1484 educationiffl)
766 1446 956 1479 liberorum.
1013 1448 1103 1479 Haec

125 1505 207 1538 prae
228 1493 293 1526 illis
317 1493 514 1533 ceremonijs
537 1491 723 1523 iudicantur
745 1500 822 1522 esse
844 1490 1035 1532 prophana,
1059 1491 1103 1522 ita

127 1545 162 1570 vt
185 1548 259 1569 cum
285 1536 427 1578 quadam
458 1534 668 1566 dubitacione
697 1534 922 1565 conscientiae
951 1544 971 1565 a
994 1532 1104 1564 multis

127 1586 356 1613 exerceantur.
400 1577 542 1609 Constat
569 1577 653 1608 enim
672 1575 791 1607 multos
814 1577 948 1607 deserta
969 1577 1105 1608 admini-

128 1623 288 1654 stratione
320 1619 539 1662 reipublicae,
573 1620 706 1651 deserto
742 1619 913 1660 coniugio,
947 1618 1023 1650 illas
1047 1620 1103 1650 ob-

129 1665 337 1697 seruationes
370 1662 542 1704 amplexos
580 1672 658 1694 esse
689 1668 845 1703 tanquam
885 1660 1039 1693 meliores
1072 1667 1105 1693 et

130 1709 326 1741 sanctiores.
381 1706 497 1747 Neque
531 1704 596 1736 hoc
630 1705 712 1735 satis
741 1710 811 1742 est,
846 1705 901 1735 vbi
929 1705 1105 1746 occupauit

129 1753 258 1784 animos
299 1750 494 1791 persuasio,
534 1748 623 1789 quod
656 1746 741 1778 tales
780 1747 1030 1778 obseruationes
1064 1748 1105 1778 ad

128 1793 395 1827 iustificationem
430 1791 641 1822 necessariae
674 1790 758 1827 sint,
791 1790 910 1821 misere
945 1797 1106 1821 vexantur
1132 1801 1133 1805 ¹

130 1835 370 1872 conscientiae,
394 1834 548 1875 quianon
563 1838 701 1874 possunt
724 1842 838 1863 omnes
851 1833 1105 1864 obseruationes
1131 1839 1134 1863 1

130 1886 247 1912 exacte
280 1883 461 1919 praestare.
506 1876 591 1907 Nam
619 1882 740 1917 quotus
772 1877 911 1917 quisque
934 1885 1107 1907 numerare

131 1932 245 1954 omnes
273 1919 398 1962 potuit?
441 1919 561 1950 Extant
591 1919 739 1949 immensi
764 1917 856 1956 libri,
890 1919 954 1949 imo
986 1917 1107 1949 Biblio-
1132 1936 1133 1939 =

129 1966 248 1997 thecae
270 1969 378 2000 totae,
408 1960 531 1993 nuliam
556 1960 720 2004 syllabam
749 1961 790 1992 de
813 1960 959 1999 Christo,
983 1962 1024 1992 de
1044 1960 1108 1992 fide
1132 1992 1135 2002 J

129 2009 162 2040 in
187 2007 370 2039 Christum,
395 2005 436 2035 de
460 2005 556 2035 honis
580 2005 736 2044 operibus
761 2014 842 2035 suae
865 2004 1026 2045 cuiusque
1050 2015 1107 2035 vo·
1131 2014 1135 2032 t

131 2051 271 2083 cationis
301 2048 530 2085 continentes,
561 2048 623 2078 sed
657 2052 783 2078 tantum
817 2045 1014 2089 colligentes
1043 2053 1108 2078 tra·
1133 2049 1136 2075 ί

200 2211 310 2243 populo,
339 2215 365 2234 et
386 2210 525 2239 illustrari,
549 2208 601 2233 Sed
625 2209 665 2232 his
689 2208 782 2232 finibus
806 2208 934 2241 affingunt
961 2211 1105 2242 aduersarij

199 2246 277 2269 alium
297 2246 406 2275 quadam
430 2244 580 2268 Pharisaira
604 2244 785 2274 persuasione,
802 2244 871 2275 quoti
895 2244 1018 2268 uidelicet
1041 2245 1106 2268 tales

200 2279 396 2303 obseruationes
414 2283 560 2302 mereantur
579 2278 758 2301 remissionem
777 2283 950 2308 peccatorum,
969 2279 1037 2310 qnod
1056 2280 1108 2302 sint
1131 2289 1132 2292 ¹

201 2315 282 2337 cultus
301 2314 438 2345 necessarij
458 2313 490 2336 ad
510 2312 729 2339 iustificationem,
749 2312 816 2341 quod
836 2317 939 2343 propter
963 2321 1007 2336 eos
1032 2321 1106 2344 repu-

201 2352 285 2371 tentur
303 2348 421 2371 homines
440 2348 497 2371 insti
517 2354 601 2369 coram
624 2346 687 2369 Deo.
724 2346 782 2369 Hoc
801 2346 875 2377 plane
894 2351 942 2377 est,
961 2347 1043 2371 Deum
1063 2355 1106 2371 co-

202 2383 255 2405 lere
274 2389 352 2411 auro,
376 2388 499 2412 argento,
526 2385 552 2404 et
577 2381 651 2404 rebus
674 2381 815 2411 pret-iosis,
839 2381 932 2404 sentire
950 2383 1017 2412 quod
1037 2382 1107 2405 Deus

200 2415 246 2439 fiat
263 2416 378 2446 placatus
397 2420 522 2439 uarietate
544 2416 666 2443 uestitus,
691 2418 916 2443 ornamentorum.
939 2420 964 2438 ct
982 2417 1106 2440 similibus
1129 2410 1133 2464 ¹

201 2451 292 2479 rebus,
320 2450 409 2480 quales
431 2454 489 2473 sunt
512 2449 627 2473 infinitae
652 2449 678 2472 in
702 2449 884 2472 traditionibus
904 2449 1035 2479 humanis,
1064 2455 1108 2473 aut

203 2485 270 2515 quod
290 2484 412 2507 eiusmodi
432 2491 482 2511 res.
500 2485 553 2507 sint
572 2484 652 2507 cultus
672 2483 730 2512 Dei,
750 2487 901 2514 temporum,
920 2483 1043 2514 ciborum,
1062 2493 1106 2508 uu·
1129 2465 1133 2509 i

203 2526 305 2547 sorum,
321 2519 431 2552 uestitus
451 2519 605 2541 discrimina.

134 2563 181 2594 ⁸8)
199 2561 339 2594 perfectae]
359 2560 406 2584 Ed.
427 2561 462 2583 2.:
484 2561 595 2592 perfecte

134 2605 181 2636 89)
201 2603 359 2635 educationi]
379 2603 427 2627 Ed.
447 2605 470 2628 3.
491 2604 566 2628 male:
586 2603 742 2626 educatione

340 2662 486 2682 ustura.
501 2661 583 2682 ΟΡΒΒ.
597 2661 660 2680 vot..
675 2660 766 2680 XXVU.

464 150 503 183 u.
547 147 774 182 APOLOGIA
799 147 1119 181 CONFESSIONIS
1142 146 1457 182 AUGUSTANAE.
1501 146 1540 179 B.
1590 145 1781 180 ALTERA.

2059 147 2127 182 5⁷8

1149 241 1309 279 ditiones,
1336 247 1368 273 et
1396 240 1514 273 harum
1536 241 1850 281 interpretaciones‚
1881 241 2001 282 quibus
2024 242 2126 273 inter-

1149 284 1225 314 dum
1247 285 1503 322 exacerbantur,
1527 284 1689 315 interdum
1713 282 1912 315 relaxantur.
1947 283 2122 318 Quomodo

1149 332 1201 357 tor
1227 334 1321 358 uetur
1344 328 1394 358 wir
1418 328 1559 368 optimus
1583 327 1726 364 Gerson,
1749 326 1825 356 dum
1848 327 1974 368 quaerit
1997 327 2123 368 gradus

1149 375 1181 400 et
1229 370 1406 400 atitudines
1446 375 1720 410 praeceptorum,
1759 368 1829 400 Nec
1871 375 1978 399 tamen
2014 375 2125 410 potest

1149 411 1352 442 constituere
1381 415 1539 442 ἐπιείκειαν
1567 413 1600 443 ἰη
1633 412 1739 453 gradu
1763 418 1872 449 certo,
1898 411 2027 443 interim
2051 422 2124 454 gra-

1148 455 1233 485 uiter
1257 453 1407 495 deplorat
1421 454 1568 495 pericula
1588 455 1713 495 piarum
1731 454 2020 492 conscientiarum,
2040 464 2126 496 qnae

1148 497 1231 538 parit
1254 495 1338 528 haec
1362 498 1484 529 acerba
1507 498 1740 538 interpretacio
1764 497 1982 529 traditionum.

1234 552 1305 583 Nos
1329 553 1428 594 igitur
1461 560 1578 584 contra
1601 552 1688 583 illam
1712 553 1856 593 speciem
1880 552 2067 593 sapienciae
2090 558 2126 583 et

1149 595 1298 626 iusticiae
1331 596 1364 626 in
1399 595 1549 626 humanis
1583 596 1717 633 ritibus,
1752 605 1836 636 quae
1860 593 1941 625 fallit
1966 593 2127 633 homines,

1149 639 1332 670 muniamus
1362 648 1424 669 nos
1446 639 1547 668 verbo
1574 637 1653 675 Dei,
1681 644 1712 668 et
1736 639 1873 679 primum
1897 638 2042 668 sciamus
2066 647 2125 668 eas

1149 691 1257 722 neque
1279 681 1507 712 remissionem
1530 687 1762 721 peccatorum,
1793 690 1901 721 neque
1923 680 2125 712 iustificatio-

1149 734 1224 755 nem
1253 724 1370 755 mereri
1403 734 1514 754 coram
1539 723 1627 760 Deo,
1662 733 1768 764 neque
1797 724 1838 754 ad
1862 723 2126 754 iustificationem

1149 767 1358 798 necessarias
1383 776 1469 798 esse.
1513 765 1714 797 Testimonia
1737 766 1896 807 quaedam
1920 775 2022 806 supra
2046 766 2126 797 cita-

1149 811 1266 841 uimus.
1312 809 1354 840 Et
1376 808 1494 850 plenus
1518 815 1569 840 est
1592 807 1730 846 Paulus,
1755 809 1796 839 ad
1820 808 1953 840 Coloss.
1975 808 2009 850 ij.
2035 807 2127 839 clare

1150 853 1236 883 dicit.
1284 852 1388 884 Nemo
1412 861 1473 883 vos
1497 852 1618 883 iudicet
1641 851 1673 882 in
1705 852 1796 888 cibo,
1829 858 1926 892 potu,
1959 857 2015 882 aut
2038 856 2125 882 stato

1150 895 1255 934 festo,
1286 902 1344 926 aut
1367 894 1553 932 nouilnnio,
1583 900 1638 925 aut
1661 894 1822 931 sabbatis,
1847 903 1932 934 quae
1954 899 2031 924 sunt
2054 904 2123 924 vrn-

1151 939 1231 970 brae
1254 937 1456 975 futurorum,
1482 947 1604 978 corpus
1628 942 1735 967 autem
1759 936 1892 967 Christi.
1938 936 2048 977 Atque
2070 935 2126 967 hic

1151 979 1247 1012 simul
1271 986 1304 1012 et
1326 980 1434 1022 legem
1447 980 1558 1018 Moisi,
1583 986 1615 1011 et
1640 979 1831 1010 traditiones
1854 978 2016 1009 humanas
2040 987 2128 1009 coin-

1151 1023 1315 1064 plectitur,
1340 1034 1381 1054 ne
1404 1023 1588 1062 aduersarij
1614 1021 1748 1053 eludant
1767 1020 1852 1053 haec
1871 1021 2070 1059 testimonia,
2093 1026 2128 1052 vt

1152 1065 1280 1104 solent,
1310 1067 1398 1107 qucd
1428 1064 1550 1097 Paulus
1582 1072 1706 1096 tantum
1731 1064 1771 1095 de
1794 1064 1869 1106 lege
1893 1063 1989 1095 Mnisi
2013 1063 2127 1105 loqua-

1152 1116 1214 1140 tur.
1260 1107 1320 1140 lile
1343 1119 1424 1140 vero
1448 1109 1502 1140 hic
1531 1107 1621 1139 clare
1651 1113 1791 1138 testatur
1814 1117 1850 1137 se
1878 1106 1970 1148 loqui
2000 1107 2041 1138 de
2063 1112 2129 1137 tra-

1153 1152 1331 1183 ditionibus
1350 1151 1512 1182 humanis.
1559 1150 1754 1191 Quanquam
1778 1150 1855 1191 quid
1878 1150 1989 1180 dicant
2012 1150 2129 1180 aduer-

1152 1196 1231 1234 sat-ij
1256 1205 1321 1225 non
1345 1195 1474 1231 vident,
1505 1195 1532 1225 si
1558 1192 1772 1234 Euangelium
1800 1198 1899 1235 negat
1922 1192 2130 1223 ceremonias

1153 1237 1251 1268 Moisi
1274 1247 1359 1279 quae
1381 1243 1474 1268 erant
1498 1237 1652 1267 diuinitus
1675 1236 1843 1266 institutae
1858 1237 1910 1268 ⁹⁰)
1936 1235 2129 1274 iustificare,

1154 1286 1278 1322 quanto
1299 1281 1406 1311 minus
1429 1279 1609 1311 iustificant
1633 1278 1825 1310 traditiones
1848 1277 2022 1309 humanae.

1240 1335 1311 1369 Nec
1350 1335 1473 1366 habent
1507 1334 1662 1375 Episcopi
1703 1339 1900 1374 potestatem
1941 1332 2132 1364 instituendi

1155 1377 1264 1410 cultus
1293 1385 1448 1419 tanquam
1482 1377 1719 1413 iustificantes,
1753 1383 1809 1407 aut
1842 1376 2055 1407 necessarios
2089 1375 2133 1407 ad

1154 1420 1428 1452 iustificationem.
1475 1420 1542 1452 imo
1573 1418 1725 1461 Apostoli
1749 1419 1910 1450 Actorum
1932 1420 2055 1455 >iv-⁹¹)
2086 1419 2132 1450 di·

1155 1470 1244 1495 cunt.
1290 1463 1376 1498 Quid
1399 1464 1531 1494 tentatis
1554 1462 1680 1499 Deum,
1703 1463 1910 1503 imponentes
1933 1461 2044 1502 iugum
2067 1467 2131 1493 etc.

1157 1507 1210 1537 vbi
1243 1505 1334 1538 velut
1367 1516 1521 1548 magnum
1556 1511 1727 1546 peccatum
1759 1505 1966 1539 accusa10'2)
2003 1503 2133 1542 Petrus,

1154 1549 1221 1581 hoc
1245 1548 1419 1581 consilium
1442 1549 1632 1580 onerandae
1655 1545 1835 1578 Ecclesiae.
1865 1546 1907 1577 Et
1928 1547 1971 1577 ad
1995 1545 2132 1577 Galatas

1156 1603 1186 1623 v.
1216 1598 1307 1623 vetat
1336 1590 1460 1623 Paulus
1494 1592 1611 1622 iterum
1642 1591 1792 1622 seruituti
1825 1590 1955 1631 subijci.
2007 1587 2135 1620 Volunt

1156 1635 1254 1677 igitur
1265 1632 1421 1675 Apostoli
1442 1635 1475 1666 in
1499 1633 1653 1665 Ecclesia
1675 1642 1808 1664 manere
1830 1632 1917 1664 hanc
1939 1631 2135 1670 libertatem,

1156 1688 1198 1709 ne
1226 1678 1410 1709 iudicentur
1436 1676 1494 1708 vlli
1523 1675 1630 1708 cultus
1655 1675 1740 1718 legis
1769 1681 1825 1706 aut
1847 1675 2055 1706 traditionum
2079 1684 2135 1705 ne-

1158 1721 1298 1761 cessarij
1332 1730 1430 1758 esse,
1462 1721 1548 1752 sicut
1570 1720 1602 1750 in
1630 1718 1724 1761 lege,
1757 1716 1889 1749 fuerunt
1921 1717 2135 1749 necessariae

1131 1783 1133 1792 1
1157 1763 1363 1794 ceremoniae
1386 1764 1428 1794 ad
1452 1769 1592 1803 tempuS,
1616 1772 1657 1792 ne
1682 1762 1878 1793 obscuretur
1896 1761 2026 1792 iusticia
2048 1760 2135 1798 fidei,

1132 1822 1133 1826 =
1157 1807 1186 1836 si
1209 1805 1352 1837 iudicent
1374 1806 1524 1837 homines
1549 1803 1658 1836 cultus
1685 1803 1762 1835 illos
1791 1804 1909 1835 meretri
1933 1802 2134 1834 iustificatio-

1157 1858 1243 1886 nern,
1266 1854 1322 1879 aut
1345 1848 1385 1879 ad
1410 1847 1673 1879 iustificationem
1697 1847 1908 1878 necessarios
1928 1855 2015 1877 esse.
2039 1845 2135 1876 Multi

1132 1909 1133 1912 =
1158 1892 1267 1922 vam'as
1290 1894 1450 1926 ἐπιεικείας
1478 1898 1639 1932 quaerunt
1668 1891 1700 1920 in
1724 1890 1971 1926 traditionibus,
1995 1894 2030 1919 vt
2054 1897 2134 1919 con-

1132 1934 1308 1975 Jscientijs
1340 1934 1550 1971 medeantur,
1585 1943 1692 1974 neque
1726 1939 1832 1964 tamen
1864 1938 1975 1963 certos
2010 1931 2134 1973 gradus

1157 1977 1342 2017 reperiunt,
1373 1987 1433 2017 per
1455 1987 1540 2018 quos
1571 1976 1734 2017 explicent
1766 1975 1988 2006 conscientias
2017 1984 2059 2004 ex
2082 1974 2134 2004 his

1158 2018 1309 2051 vinculis.
1364 2019 1486 2050 Verum
1514 2019 1601 2050 sicut
1630 2018 1821 2050 Alexander
1853 2016 1953 2049 soluit
1984 2016 2134 2059 gordium

1159 2062 1295 2099 nodum,
1317 2072 1413 2103 quem
1432 2073 1505 2093 cuni
1529 2060 1697 2103 explicare
1720 2071 1785 2092 non
1798 2066 1924 2102 posset,
1947 2059 2057 2101 gladio
2083 2069 2135 2090 se·

1157 2104 1223 2136 mel
1247 2105 1416 2142 dissecuit,
1438 2106 1483 2136 ita
1496 2105 1650 2145 Apostoli
1673 2104 1774 2135 semel
1798 2103 1935 2135 liberant
1961 2102 2133 2133 conscien-

1159 2149 1221 2179 tias
1244 2148 1489 2180 traditionibus,
1520 2148 1713 2188 praesertim
1743 2147 1771 2177 si
1797 2147 1969 2178 tradantur
1995 2145 2036 2175 ad
2059 2155 2135 2185 pro-

1158 2190 1346 2222 merendam
1377 2190 1653 2221 iustificationem.
1699 2190 1782 2222 Huic
1813 2189 1982 2220 doctrinae
2011 2192 2136 2229 cogunt

1131 2238 1136 2284 i
1159 2244 1221 2265 nos
1244 2232 1397 2274 Apostoli
1425 2234 1598 2265 aduersari
1627 2232 1792 2270 docendo,
1815 2238 1847 2263 et
1869 2228 2047 2271 exemplis,
2070 2229 2133 2261 Co-

1160 2282 1241 2319 gunt
1263 2286 1325 2308 nos
1349 2277 1490 2316 docere,
1522 2276 1609 2317 quod
1637 2276 1829 2307 traditiones
1858 2284 1923 2305 non
1947 2272 2134 2310 iustificent,

1159 2319 1247 2361 quod
1271 2329 1336 2350 non
1360 2320 1426 2350 sint
1447 2319 1659 2350 necessariae
1682 2319 1724 2349 ad
1746 2317 2021 2354 iustificationem,
2044 2315 2134 2356 quod

1159 2483 1206 2514 90)
1225 2490 1290 2514 quae
1309 2487 1382 2506 erant
1400 2483 1522 2506 diuinitus
1541 2479 1682 2512 institutae]
1707 2480 1756 2504 Ed.
1776 2479 1813 2503 3.:
1840 2480 1918 2510 (quae
1943 2481 2018 2502 erunt
2040 2477 2138 2502 diuini—

1228 2522 1267 2540 tus
1286 2518 1430 2546 institutae)

1159 2560 1205 2590 91)
1225 2559 1282 2591 xv]
1302 2560 1348 2583 Ed.
1369 2560 1408 2583 3.:
1429 2560 1527 2582 decimo
1547 2559 1634 2589 quinto

1160 2603 1207 2635 92)
1226 2602 1341 2634 accusat]
1362 2602 1408 2626 Ed.
1427 2602 1467 2625 3.:
1488 2604 1589 2624 accuset

1898 2650 1929 2673 37
