2366 2958
240 172 311 205 419

519 270 1211 378 APOL

689 173 802 206 PHlL.
824 171 930 204 MEL.
948 170 1137 204 SCRIPTA
1159 170 1432 205 DOGMA'rch
1452 171 1510 206 ΕΤ
1531 170 1801 206 SYMBoch.

2193 175 2259 206 420

1315 267 1982 379 OGIA

938 428 1570 482 ooNFEssmNIs.¹)

633 537 681 568 Ex

724 537 869 568 Editioue
913 539 1048 577 principe
1092 538 1363 576 Wittembergensi
1409 547 1434 567 a.

1485 539 1576 567 1531.
1624 540 1661 566 4⁰
1705 537 1774 576 (Ed.
1825 541 1866 577 ι.)

670 591 781 611 recusa
820 584 852 610 et
892 591 959 611 cum
999 581 1121 611 duobus
1163 580 1302 611 eiusdem
1337 580 1490 610 Editionis
1524 579 1674 619 exemplis
1711 579 1826 610 Norim-

697 624 900 663 bergensibus
912 628 1005 663 atque
1023 623 1219 654 Editionibus
1238 633 1265 652 a.
1282 626 1371 654 1531.
1393 625 1429 653 8⁰
1441 623 1510 662 (Ed.
1531 624 1586 661 2.)‚
1605 633 1632 652 a.
1655 625 1745 653 1540.
1765 625 1802 653 40

719 666 790 705 (Ed.
803 669 846 704 3.)
859 671 889 696 et
902 677 929 696 a.
947 667 1166 697 1541—154-2.
1183 668 1219 696 8n
1232 666 1302 703 (Ed.
1316 668 1359 703 4.)
1378 666 1496 700 collata,
1509 666 1639 696 adiectis
1651 665 1777 696 Lutberi

1122 709 1374 739 annotationibus.

684 818 905 849 PHlLlPPUS
929 817 1256 849 MELANGHTHON
1279 817 1465 849 LECTOR!
1497 817 1703 849 SALUTEM
1727 818 1765 847 D.
1782 820 1813 856 Ιἔ)

322 913 506 955 Postquam
529 909 706 944 Confessio
731 911 918 952 Principum
947 918 1138 943 nostrorum
1161 922 1219 952 pu-

235 955 323 988 blice
349 953 517 998 praelecta
545 962 614 993 est,
642 952 805 996 Theologi
833 954 964 995 quidam
992 964 1034 985 ac
1062 953 1219 986 Monachi

235 999 481 1031 adornauerunt
515 996 786 1029 Confutacionem
815 997 921 1028 nostri
950 997 1084 1037 scripti,
1119 1007 1218 1038 quam

236 1052 309 1074 cum
344 1042 441 1073 Caes.
477 1041 638 1072 Maiestas
674 1046 829 1072 curasset
863 1039 959 1071 etiarn
989 1040 1022 1070 in
1052 1049 1218 1071 consessu

234 1084 423 1126 Principum
452 1082 618 1125 praelegi,
647 1082 829 1124 postulauit
857 1093 877 1113 a
906 1082 1031 1113 nostris
1061 1081 1218 1123 Principi-

233 1128 316 1166 bus,
340 1133 374 1158 vt
394 1125 439 1157 illi
463 1124 695 1158 Confutacioni
724 1125 977 1157 assentirentur.
1022 1125 1138 1156 Nostri
1161 1135 1218 1156 au-

236 1176 301 1202 tem
338 1171 414 1211 quia
447 1170 620 1201 audierunt
654 1167 776 1200 multos
810 1166 971 1199 articulos
1010 1168 1217 1209 improbatos

235 1223 328 1251 esse,
362 1222 447 1253 quos
488 1212 634 1253 abijcere
666 1212 740 1243 sine
774 1210 957 1242 offensione
991 1210 1218 1242 eonscientiae

235 1267 301 1289 non
333 1261 503 1296 poterant,
527 1261 731 1296 rogauerunt
763 1254 827 1285 sibi
855 1252 1004 1285 exhiberi
1030 1251 1218 1295 exemplum

235 1298 506 1336 Confutacionis,
531 1302 563 1328 vt
587 1303 619 1329 et
642 1297 755 1329 videre
776 1296 855 1338 quid
878 1297 1073 1328 damnarent
1101 1296 1218 1327 aduer-

235 1342 332 1383 sarij,
363 1347 395 1371 et
426 1341 569 1372 rationes
599 1350 712 1372 eorum
739 1338 903 1371 reuellere
925 1345 1075 1380 possent.
1122 1338 1164 1370 Et
1187 1339 1218 1369 in

235 1383 293 1416 tali
328 1393 450 1422 causa,
479 1393 564 1425 quae
598 1383 641 1414 ad
670 1381 878 1425 Religionem
908 1388 941 1413 et
971 1383 1014 1414 ad
1047 1381 1219 1414 docendas

235 1427 461 1460 conscientias
492 1426 652 1468 pertinet,
685 1426 933 1458 arbitrabantur
961 1423 1054 1464 fore,
1086 1430 1123 1456 vt
1150 1434 1219 1456 non

235 1470 397 1513 grauatim
411 1469 603 1501 exhiberent
625 1479 722 1501 suum
744 1469 906 1510 scriptum
928 1467 1129 1509 aduersarij,
1152 1467 1219 1498 Sed

233 1523 302 1545 non
333 1518 513 1554 potuerunt
543 1513 577 1543 id
606 1513 782 1554 impetrare
808 1511 932 1550 nostri,
959 1510 1025 1542 nisi
1053 1509 1218 1552 periculo-

234 1557 377 1588 sissimis
412 1555 672 1589 conditionibus,
707 1564 791 1597 quas
827 1554 979 1596 recipere
1017 1563 1085 1585 non
1125 1559 1218 1595 pote—

235 1606 320 1631 rant.
337 1602 369 1637 8)
413 1598 565 1630 Instituta
593 1604 646 1630 est
673 1604 782 1630 autem
812 1598 930 1629 deinde
957 1596 1163 1638 pacificatio,
1185 1595 1218 1627 in

236 1653 302 1684 qua
334 1642 486 1685 apparuit
520 1648 657 1673 nostros
691 1639 816 1673 nullum
847 1650 932 1671 onus
964 1638 1143 1681 quamlibet
1171 1638 1218 1669 in-

236 1686 443 1718 commodum
473 1685 678 1722 detrectare,
707 1684 795 1726 quod
824 1684 898 1715 sine
928 1682 1112 1714 offensione
1141 1691 1218 1713 con-

236 1729 396 1760 scientiae
423 1727 548 1768 suscipi
572 1732 697 1769 posset.
743 1727 810 1758 Sed
837 1726 1021 1767 aduersarij
1052 1725 1218 1757 obstinate

236 1771 303 1803 hoc
330 1769 564 1812 postulabant,
599 1777 634 1801 vt
668 1770 833 1811 quosdam
861 1767 1058 1800 manifestos
1092 1768 1218 1800 abusus

238 1821 337 1856 atque
361 1823 493 1845 errores
517 1814 792 1854 approbaremus,
817 1812 905 1854 quod
931 1821 1004 1843 cum
1017 1821 1084 1842 non
1101 1820 1218 1852 posse·
1243 1835 1245 1851 γ

238 1867 311 1889 mus
330 1856 460 1894 facere,
483 1857 599 1887 iterum
627 1854 806 1897 postulauit
837 1855 934 1886 saes.
966 1853 1011 1885 Μ.
1036 1861 1069 1885 vt
1094 1853 1218 1885 Princi-
1244 1870 1245 1880 ι

237 1911 297 1942 pes
330 1899 436 1931 nostri
471 1900 712 1930 assentirentur
746 1896 987 1929 Confutacioni.
1040 1896 1075 1928 ld
1106 1895 1218 1928 facere
1244 1901 1245 1909 ¹

238 1944 409 1984 Principes
435 1942 537 1973 nostri
562 1948 810 1973 recusauerunt.
858 1940 1034 1976 Quomodo
1057 1940 1143 1971 enim
1166 1949 1217 1969 as·
1243 1947 1246 1982 fl

238 1987 440 2018 sentirentur
474 1986 505 2016 in
541 1995 642 2016 causa
677 1983 880 2026 Religionis,
915 1983 1040 2024 scripto
1075 1992 1141 2014 non
1171 1982 1246 2026 iri-1

238 2030 376 2071 specto?
417 2027 458 2059 Et
481 2029 651 2059 audierant
675 2025 834 2058 articulos
858 2026 1020 2067 quosdam
1043 2026 1217 2056 damnatos
1243 2031 1246 2044 ¹

238 2083 326 2109 esse,
350 2073 381 2102 in
406 2071 525 2112 quibus
550 2081 615 2101 non
636 2076 787 2111 poterant
810 2069 931 2100 iudicia
949 2069 1218 2100 aduersariorum

238 2116 311 2147 sine
339 2113 470 2146 scelere
499 2114 729 2153 comprobare.
777 2112 945 2144 iusserant
974 2117 1083 2143 autem
1111 2121 1162 2142 me
1186 2115 1218 2141 et

238 2157 322 2190 alios
346 2157 507 2199 quosdam
531 2166 650 2197 parare
678 2154 878 2197 Apologiam
908 2153 1158 2191 Confessionis‚
1186 2153 1218 2183 in

239 2243 443 2253 p—

261 2306 284 2333 Ι)
306 2304 436 2335 Apologia
455 2301 656 2333 consessionis]
678 2300 717 2324 hie
734 2300 868 2333 peculiaria
889 2301 1024 2332 :tpoloyiue
1041 2300 1129 2323 effectius
1145 2308 1218 2331 prae-

308 2342 345 2362 cer
366 2339 412 2361 Eu.
435 2339 455 2361 l.
477 2338 548 2361 esiam
567 2337 591 2360 t'n
611 2336 692 2360 Editt.
713 2336 737 2358 2.
758 2335 781 2358 3.
803 2335 936 2363 inrotatum
956 2335 1006 2358 Ed.
1026 2335 1050 2357 4.
1071 2332 1140 2358 habet
1159 2335 1218 2357 titu-

309 2373 367 2395 lum.
390 2373 522 2402 Apologia
541 2371 729 2394 Concessionis.
751 2369 899 2400 Diligenter
919 2369 1063 2399 recognita.

259 2418 287 2446 2)
306 2415 349 2438 Suc
378 2416 496 2447 imm'pm
520 2419 553 2439 eat
579 2413 709 2437 Praefatio
741 2412 772 2436 ab
803 2416 902 2436 ιιυαονε
932 2411 1068 2443 Apoloqine
1094 2410 1217 2442 praefixa.

309 2449 377 2473 Ilua
395 2450 490 2481 quidem
511 2449 640 2480 Praestri-'o
659 2449 708 2471 iam
728 2448 752 2470 in
770 2445 841 2470 liu-'m
859 2447 937 2477 Corp.
959 2446 1018 2469 Vol.
1039 2445 1071 2468 11.
1091 2453 1114 2476 p.
1134 2445 1217 2468 ⁴95—

311 2485 369 2507 4⁸7,
391 2491 477 2506 rerum
497 2487 547 2513 aul,-
568 2487 591 2506 u:
612 2485 690 2506 ‹mtem
710 2482 795 2505 lectori
815 2480 835 2505 h.
855 2482 870 2505 Ι,
891 2482 988 2511 ιἰιΙεφ-(ι
1008 2479 1140 2511 Apoloyr'n,
1159 2487 1217 2510 qun-

310 2519 340 2541 Iu
360 2518 389 2541 vib
409 2522 509 2541 nudare
528 2518 594 2542 editu
614 2521 661 2545 en,
678 2515 844 2549 praebmmr,
868 2523 919 2539 eam
945 2517 1032 2538 iterum
1057 2512 1219 2537 recudendum

310 2561 376 2576 (ἼΔΓΟ.

259 2597 289 2628 3)
308 2604 359 2619 non
380 2597 518 2627 poterunt]
538 2595 618 2618 Editt.
639 2595 727 2618 2—‡.:
748 2601 800 2617 non
820 2597 947 2624 poterunt,
967 2592 1015 2615 nisi
1033 2591 1130 2615 uellent
1149 2597 1175 2613 ιο
1195 2591 1219 2613 in

313 2631 448 2654 ‹li-crimen
469 2635 564 2654 certum
583 2631 719 2661 corijcere.

1272 923 1339 953 qua
1372 918 1617 954 exponerentur
1651 911 1750 944 Caes.
1779 909 1947 944 maiestati
1978 922 2120 951 causae,
2154 923 2257 955 quare

1271 965 1339 986 non
1363 955 1586 996 reciperemus
1615 952 1907 993 Confutacionem,
1939 962 1971 986 et
1995 965 2034 987 ea
2059 965 2146 997 quae
2168 957 2257 989 obie-

1271 1004 1387 1029 cerant
1420 997 1628 1038 aduersarij,
1662 996 1875 1029 diluerentur.
1928 997 2069 1033 Quidam
2097 999 2183 1030 enim
2213 1009 2256 1031 ex

1270 1040 1395 1071 nostris
1419 1040 1505 1071 inter
1526 1037 1788 1081 praelegendum
1801 1041 1910 1080 cap-ita
1928 1039 2079 1072 locorum
2103 1047 2135 1072 et
2158 1052 2256 1084 argu-

1269 1089 1454 1113 mentorum
1477 1088 1689 1124 exceperant.
1724 1083 1818 1113 Hanc
1843 1081 2039 1125 Apologiam
2063 1083 2256 1116 obtulerunt

1269 1125 1312 1156 ad
1338 1131 1522 1156 extremum
1545 1126 1733 1157 Caesareae
1757 1123 1876 1156 Maies.
1896 1131 1931 1156 vt
1952 1133 2175 1166 cognosceret
2191 1137 2256 1158 nos

1242 1157 1250 1195 l
1270 1168 1422 1199 maximis
1446 1173 1478 1198 et
1501 1168 1709 1209 grauissimis
1733 1168 1843 1199 causis
1867 1168 2034 1209 impediri,
2058 1179 2124 1210 que
2148 1169 2255 1200 minus

1271 1210 1547 1242 Confutacionem
1567 1211 1840 1252 approbaremus
1866 1210 1989 1242 Verum
2002 1210 2170 1243 Caesarea
2187 1211 2255 1243 Ma-

1271 1254 1373 1284 iestas
1395 1263 1462 1284 non
1490 1254 1616 1295 recepit
1647 1252 1792 1285 oblatum
1824 1254 1994 1294 scriptum.
2040 1254 2165 1286 Postea
2190 1255 2256 1286 edi-

1271 1302 1339 1328 tum
1364 1302 1416 1327 est
1440 1296 1611 1328 decretum
1634 1297 1819 1337 quoddam,
1843 1297 1959 1347 inuquo
1990 1296 2176 1340 gloriantur
2198 1297 2255 1328 ad·

1243 1327 1248 1379 l
1271 1339 1431 1379 uersarij,
1453 1339 1542 1380 quod
1565 1344 1715 1370 nostram
1741 1338 1989 1372 consessionem
2012 1350 2052 1371 ex
2080 1340 2256 1382 scripturis

1272 1381 1526 1414 consutauerint.
1562 1381 1675 1413 Habes
1699 1382 1799 1424 igitur
1811 1381 1935 1413 Lector
1953 1392 2042 1414 nunc
2054 1382 2255 1425 Apologiam

1269 1430 1433 1463 nostram,
1455 1434 1497 1456 ex
1519 1433 1585 1466 qua
1607 1423 1787 1467 intelliges,
1810 1431 1843 1456 et
1861 1425 1940 1467 quid
1963 1425 2149 1465 aduersarij
2172 1426 2255 1457 iudi-

1271 1466 1437 1505 cauerint,
1460 1466 1646 1499 Retulimus
1670 1469 1757 1499 enim
1781 1468 1870 1499 bona
1892 1467 1976 1505 fide,
2004 1474 2037 1499 et
2060 1469 2149 1510 quod
2177 1469 2256 1500 arti—

1271 1509 1368 1543 culos
1398 1509 1523 1552 aliquot
1552 1515 1669 1542 contra
1696 1509 1905 1542 manifestam
1934 1511 2132 1551 scripturam
2163 1511 2255 1553 spiri-

1269 1558 1324 1585 tus
1347 1555 1456 1584 sancti
1479 1553 1721 1592 damnauerint,
1742 1552 1883 1585 Tantum
1911 1553 2025 1591 abest,
2056 1560 2091 1585 vt
2118 1561 2256 1586 nostras

1270 1596 1461 1627 sentencias
1496 1605 1556 1637 per
1589 1597 1773 1637 scripturas
1814 1594 2098 1628 labefactauerint.
2145 1597 2256 1632 Quan-

1270 1649 1369 1680 quam
1391 1644 1501 1671 autem
1525 1638 1615 1670 initio
1633 1639 1663 1669 A
1689 1637 1834 1680 ologiam
1857 1638 2057 1670 instituimus
2078 1639 2256 1671 communi-

1270 1687 1346 1715 cato
1371 1691 1445 1713 cum
1469 1679 1547 1721 alijs
1570 1682 1665 1714 consi
1681 1682 1732 1720 io,
1755 1687 1865 1712 tamen
1889 1691 1954 1723 ego
1977 1681 2062 1713 inter
2090 1681 2254 1714 excuden-

1271 1725 1346 1756 dum
1369 1724 1533 1766 quaedam
1562 1724 1680 1756 adieci.
1727 1723 1841 1760 Quare
1871 1734 1979 1755 meum
2007 1734 2127 1756 nomen
2156 1724 2255 1766 profi·

1269 1774 1354 1805 teor,
1377 1777 1420 1799 ne
1444 1768 1519 1809 quis
1543 1767 1635 1809 queri
1659 1768 1767 1809 possit
1785 1767 1858 1798 sine
1883 1773 1975 1799 certo
1994 1774 2112 1799 autore
2135 1766 2254 1799 librum

1270 1811 1394 1842 editum
1428 1820 1514 1842 esse.
1561 1810 1699 1851 Semper
1733 1809 1786 1841 hic
1820 1819 1914 1841 meus
1948 1820 2021 1840 mos
2051 1807 2110 1841 suit
2140 1810 2173 1841 in
2203 1810 2254 1841 his

1271 1853 1531 1892 controuersijs,
1561 1860 1595 1883 vt
1622 1860 1780 1894 quantum
1807 1853 1940 1883 omnino
1970 1850 2083 1884 facere
2106 1862 2254 1893 possem,

1269 1896 1445 1927 retinerem
1464 1894 1604 1926 formam
1627 1896 1770 1927 vsitatae
1785 1897 1816 1931 ⁴)
1840 1895 2028 1931 doctrinae,
2057 1901 2091 1926 vt
2120 1893 2252 1927 facilius

1269 1937 1451 1980 aliquando
1481 1938 1570 1969 coire
1605 1937 1785 1969 concordia
1821 1944 1947 1978 posset.
2002 1937 2118 1978 Neque
2151 1936 2253 1969 inulto

1269 1991 1370 2013 secus
1394 1991 1481 2012 nunc
1505 1979 1604 2017 facio,
1627 1980 1697 2011 Etsi
1715 1984 1744 2017 ⁵)
1768 1986 1859 2011 recte
1878 1989 2012 2021 possem
2036 1978 2171 2023 longius
2194 1981 2252 2011 ab·

1270 2025 1392 2055 ducere
1426 2022 1521 2055 huius
1562 2023 1679 2054 aetatis
1721 2022 1872 2053 homines
1905 2024 1947 2054 ab
1983 2023 2252 2054 aduersariorum

1271 2067 1490 2109 opinionibus
1537 2066 1604 2098 Sed
1629 2065 1816 2105 aduersarij
1841 2066 1890 2097 sic
1915 2072 2017 2107 agunt
2042 2075 2197 2103 causam,
2218 2071 2253 2096 vt

1272 2110 1449 2142 ostendant
1475 2119 1513 2140 se
1542 2119 1650 2150 neque
1680 2109 1869 2146 veritatem,
1903 2118 2010 2149 neque
2040 2109 2253 2140 concordiam

1272 2162 1452 2189 quaerere,
1486 2151 1545 2183 sed
1578 2157 1614 2183 vt
1644 2152 1840 2193 sanguinem
1874 2157 2024 2182 nostrum
2059 2152 2251 2182 exorbeant.

1271 2190 1313 2226 Et
1337 2206 1424 2226 nunc
1446 2195 1585 2235 scripsi,
1615 2204 1714 2235 quum
1736 2194 2002 2225 moderatissime
2024 2194 2132 2235 potui,
2159 2203 2202 2225 ac
2224 2194 2252 2225 si

1273 2239 1350 2279 quid
1372 2237 1502 2269 videtur
1525 2238 1648 2269 dictum
1671 2237 1837 2277 asperius,
1861 2237 1914 2268 bic
1933 2235 2010 2267 mibi
2034 2235 2252 2277 praefandum

1273 2286 1335 2318 est,
1359 2290 1411 2311 me
1434 2290 1508 2311 cum
1531 2278 1659 2311 Theolo
1685 2280 1715 2310 is
1737 2290 1778 2311 ae
1802 2278 1995 2316 monachis,
2049 2279 2079 2310 ui
2108 2279 2252 2320 scripse-

1272 2330 1348 2355 runt
1372 2321 1646 2355 Confutacionem
1684 2323 1812 2364 itignre,
1835 2332 1900 2353 non
1925 2332 1999 2354 cum
2041 2331 2178 2359 nesure,
2195 2326 2253 2354 aut

1291 2479 1319 2507 ⁴)
1340 2478 1459 2508 vitatae]
1480 2478 1526 2501 Ed.
1547 2478 1586 2501 ³.:
1607 2478 1699 2500 uitato

1291 2521 1319 2551 ὁ)
1339 2527 1407 2544 nnnc
1426 2520 1508 2549 tucio,
1528 2518 1593 2551 Etsi]
1612 2518 1671 2542 haee
1689 2526 1734 2541 non
1752 2523 1844 2542 tamum
1864 2521 1890 2541 ι’νι
1909 2519 1988 2542 Editt.
2009 2520 2099 2547 2—⁴.,
2118 2518 2162 2543 ud
2178 2520 2253 2543 di«-

1343 2556 1368 2578 tn
1388 2555 1436 2578 Ed.
1461 2556 1481 2578 1.
1509 2554 1640 2585 {equ-new,-
1663 2553 1735 2583 snlno
1761 2555 1822 2577 em'm
1847 2554 1872 2576 t'n
1890 2552 1962 2577 tau-'m
1983 2554 2064 2585 (ἴση).
2084 2553 2143 2576 Vol.
2169 2552 2201 2577 Π,
2227 2561 2250 2584 p.

1344 2590 1402 2614 ⁴97.
1423 2588 1565 2612 adnotatum
1585 2591 1632 2611 eat:
1655 2594 1733 2615 ‚nne
1755 2588 1829 2611 abr-at
1853 2595 1869 2611 ι
1893 2589 1975 2618 prima
1998 2589 2058 2611 edit„
2085 2595 2148 2618 quae
2174 2588 2252 2611 eum

1345 2631 1390 2654 pro
1410 2631 1463 2653 neq.
1485 2623 1530 2647 eui
1549 2622 1625 2646 habet
1643 2622 1689 2645 m·
