2366 2958
158 189 222 222 587

156 293 229 322 nes,
252 284 302 315 sic
325 280 547 324 argumentari
569 285 621 311 est
643 289 683 310 ex
704 289 770 310 nou
791 288 904 313 causa,
928 288 1065 310 causam
1087 277 1135 310 fa-

158 337 246 359 cere.
290 325 375 356 Nam
406 324 525 355 Petrus
554 322 699 364 loquitur
730 322 771 352 de
805 322 961 363 operibus
996 331 1135 363 sequen-

158 370 246 401 tibus
269 368 497 400 remissionem
519 370 745 407 peccatorum,
768 370 800 396 et
823 365 920 396 docet
942 374 1045 406 quare
1068 365 1135 396 sint

157 411 322 449 facienda,
345 409 483 447 scilicet,
507 415 541 439 vt
565 409 606 439 sit
628 407 721 438 firma
744 407 894 445 vocatio,
919 406 985 439 hoc
1007 413 1071 445 est,
1093 417 1135 438 ne

156 455 334 486 vocatione
356 462 417 484 sua
440 452 612 489 excidant,
639 451 667 481 si
689 450 804 481 iterum
827 457 977 491 peccent.
1022 450 1134 482 Facite

157 498 245 529 bona
267 506 387 538 opera,
408 501 444 526 vt
465 494 687 536 perseueretis
708 494 739 524 in
762 494 958 531 vocatione,
981 503 1022 525 ne
1042 494 1134 524 amit-

156 541 234 571 tatis
257 540 344 571 dona
367 538 570 574 vocationis,
593 546 678 578 quae
699 536 791 577 prius
815 537 1042 578 contigerunt,
1067 546 1133 567 non

155 588 294 626 propter
315 581 484 623 sequentia
513 589 634 621 opera,
668 579 727 610 sed
758 579 820 610 iam
849 581 1029 611 retinentur
1058 578 1133 617 fide,

156 633 189 657 et
218 626 301 657 tides
335 634 402 655 non
430 629 541 654 manet
570 623 602 653 in
637 622 688 653 his
722 623 777 664 qui
805 623 956 654 amittunt
983 622 1133 663 spiritum

155 676 318 706 sanctum,
341 667 396 709 qui
420 666 579 708 abijciunt
593 667 632 701 ¹⁴)
657 665 902 706 poenitentiam,
925 666 1009 696 sicut
1032 674 1134 705 supra

155 712 315 749 diximus,
356 709 451 741 fidem
486 709 631 740 existere
664 709 695 739 in
728 708 943 749 poenitencia.
996 707 1134 738 Addunt

154 754 220 787 alia
251 753 438 785 testimonia
468 762 534 783 non
563 750 680 782 melius
711 751 910 782 coherentia.
958 749 1131 781 Postremo

155 798 267 829 dicunt
291 795 378 827 hanc
402 795 588 836 opinionem
610 800 687 825 ante
711 792 800 825 mille
823 803 929 825 annos
953 792 1132 834 Augustini

153 846 301 881 tempore
329 839 516 870 damnatam
549 847 636 868 esse.
688 836 723 868 ld
753 847 885 878 quoque
919 834 1132 866 salsissimum
1158 874 1159 877 Ἴ

155 890 215 915 est.
250 882 389 923 Semper
412 882 498 912 enim
518 879 672 912 Ecclesia
690 879 813 911 Christi
836 879 941 910 sensit
964 879 1132 909 remissio-
1158 881 1161 917 ;

154 936 229 958 nem
253 930 466 966 peccatorum
489 924 592 965 gratis
624 923 826 965 contingere.
872 921 940 952 lino
963 919 1133 962 Pelagiani

112 968 121 975 ’
156 968 299 1001 damnati
331 973 425 1002 sunt.
461 967 515 1009 qui
546 966 684 1008 gratiam
717 971 854 1006 propter
888 974 990 1005 opera
1018 970 1135 994 nostra

156 1012 227 1042 dari
250 1010 505 1043 contendebant.
552 1009 727 1041 Caeterum
757 1017 858 1049 supra
887 1007 969 1037 satis
992 1006 1134 1037 ostendi-

155 1064 239 1092 mus,
263 1053 352 1095 quod
373 1053 562 1085 senciamus
582 1052 669 1082 bona
693 1060 795 1092 opera
819 1049 1014 1081 necessario
1039 1049 1132 1090 sequi

156 1098 278 1129 debere
302 1096 410 1127 tidem.
455 1095 529 1126 Non
559 1095 644 1126 enim
673 1092 845 1125 abolemus
874 1091 998 1135 legem,
1031 1092 1134 1134 inquit
1160 1107 1164 1157 Ι

156 1138 293 1177 Paulus,
316 1138 376 1170 sed
389 1137 586 1176 stabilimus,
610 1136 686 1178 quia
709 1147 782 1168 cum
806 1135 872 1168 fide
889 1136 1079 1176 accepimus
1094 1137 1134 1172 ¹⁶)
1160 1161 1164 1178 ι

157 1183 305 1224 spiritum
329 1187 500 1219 sanctum,
523 1179 716 1212 necessario
739 1180 888 1220 sequitur
911 1177 997 1220 legis
1021 1176 1135 1219 imple·
1161 1180 1166 1243 1

157 1227 222 1264 cio,
246 1235 329 1267 quae
352 1224 492 1255 subinde
515 1223 648 1260 crescit,
671 1221 816 1261 dilectio,
839 1222 1012 1264 pacientia,
1037 1221 1136 1253 casti-

157 1275 210 1300 tas
233 1274 266 1300 et
287 1266 344 1308 alij
370 1266 498 1299 fructus
521 1266 670 1308 spiritus.

250 1386 312 1418 DE
337 1385 690 1417 lNVOCATlONE
713 1381 1041 1415 SANCTORVM.

244 1470 428 1504 Articulum
452 1471 543 1503 xxt.
567 1469 761 1512 simpliciter
784 1470 960 1508 damnant,
983 1469 1072 1512 quod
1096 1470 1140 1500 in-

156 1517 365 1549 uocationem
394 1523 588 1547 sanctorum
615 1525 682 1545 non
711 1514 918 1556 requirimus.
970 1513 1041 1544 Nec
1071 1510 1139 1543 vllo

156 1561 189 1592 in
213 1559 289 1591 loco
312 1557 474 1601 prolixius
497 1558 750 1589 rhetoricantur.
784 1556 901 1598 Neque
924 1562 1033 1587 tamen
1052 1554 1141 1586 aliud

180 1603 332 1645 uicquam
356 1600 516 1640 efficiunt,
540 1611 638 1643 quam
661 1606 798 1632 sanctos
816 1599 1033 1631 honorandos
1051 1607 1140 1635 esse,

157 1614 238 1678 aem
261 1651 397 1676 sanctos
422 1645 477 1686 qui
501 1645 616 1676 viuunt
636 1653 734 1675 orare
751 1653 813 1685 pro
832 1641 918 1684 alijs,
943 1642 1039 1684 quasi
1059 1651 1140 1673 vero

157 1694 336 1732 propterea
364 1688 555 1719 necessaria
578 1688 622 1718 sit
650 1687 816 1718 inuocatio
839 1691 1042 1717 mortuorum
1065 1694 1141 1715 san-

159 1738 299 1764 ctorum.
345 1729 505 1772 Allegant
528 1730 748 1771 Cyprianum,
773 1729 862 1771 quod
884 1729 994 1760 viuum
1017 1727 1142 1759 Corne—

157 1774 237 1807 lium
270 1774 452 1815 rogauerit,
491 1779 525 1804 vt
565 1773 742 1804 discedens
775 1782 838 1813 pro
870 1770 1029 1802 fratribus
1059 1777 1141 1801 oret.

158 1817 232 1850 Hoc
272 1815 425 1857 exemplo
465 1817 608 1856 probant
647 1822 850 1847 mortuorum
885 1814 1140 1845 inuocationem.

159 1859 270 1892 Citant
297 1866 330 1891 et
354 1860 586 1901 Hieronymum
617 1864 732 1889 contra
759 1857 989 1899 Vigilanfiuru,
1020 1856 1055 1887 ln
1079 1856 1142 1887 bac

158 1913 278 1941 arena,
307 1904 474 1944 inquiunt,
501 1908 578 1933 ante
606 1900 692 1933 mille
723 1907 755 1932 et
778 1907 910 1932 centum
933 1910 1039 1931 annos
1064 1899 1142 1930 vicit

158 1946 378 1987 Hieronymus
412 1944 635 1987 N'igilantium.
693 1945 750 1976 Sic
790 1942 993 1984 triumphant
1023 1943 1142 1974 aduer-

159 1989 257 2031 sarij,
293 1989 386 2030 quasi
420 1989 483 2019 iam
514 1989 557 2019 sit
585 1986 797 2019 debellatum.
850 1986 920 2018 Nec
952 1986 1061 2017 vident
1089 1986 1142 2016 isti

160 2033 243 2064 asini
266 2032 352 2073 apud
374 2031 607 2072 Hieronymum
632 2037 749 2061 contra
768 2028 994 2071 Vigilantium,
1018 2027 1141 2060 nullam

161 2082 274 2107 extare
303 2073 465 2116 syllabam
496 2075 536 2105 de
565 2074 785 2105 inuocatione.
832 2072 993 2114 Loquitur
1021 2073 1061 2102 de
1086 2071 1143 2102 ho-

160 2119 296 2150 noribus
319 2123 510 2148 sanctorum
534 2127 599 2148 non
624 2117 664 2148 de
694 2117 910 2148 inuocatione.
957 2115 1073 2156 Neque
1096 2125 1144 2145 re-

162 2161 240 2203 liqui
268 2167 401 2192 veteres
425 2161 614 2200 Scriptores
644 2166 721 2191 ante
745 2159 963 2201 Gregorium‚
993 2157 1144 2189 fecerunt

161 2205 359 2236 mentionem
383 2203 612 2234 inuocationis.
650 2202 748 2234 Certe
771 2201 853 2233 haec
878 2202 1044 2233 inuocatio
1069 2212 1144 2232 cum

162 2248 213 2279 his
242 2247 470 2288 opinionibus,
506 2257 589 2288 quas
620 2257 707 2277 nunc
736 2247 857 2277 docent
886 2244 1069 2285 aduersarij
1102 2245 1144 2274 de

163 2289 382 2333 applicatione
404 2290 612 2327 meritorum,
635 2300 699 2320 non
722 2288 822 2319 habet
846 2288 1033 2319 testimonia
1056 2293 1143 2318 vete-

163 2345 233 2366 rum
257 2334 471 2374 Scriptorum.

249 2376 425 2407 Confessio
455 2382 570 2407 nostra
600 2376 718 2417 probat
757 2375 903 2405 honores
939 2379 1144 2410 sanctorum,

163 2419 247 2450 Nam
270 2420 323 2450 hic
347 2418 463 2459 triplex
487 2419 595 2450 honos
618 2418 810 2459 probandus
835 2422 894 2448 est.
942 2416 1070 2447 l‘rirnns
1093 2421 1144 2447 est

163 2463 342 2504 gratiarum
363 2463 459 2494 actio.
497 2461 665 2493 Debemus
687 2461 771 2492 enim
793 2459 865 2491 Deo
885 2461 1009 2502 gratias
1030 2469 1142 2501 agere,

167 2611 211 2638 14)
230 2608 363 2640 abijciunt)
385 2609 432 2632 Ed.
457 2612 474 2632 1.
495 2613 543 2640 [γρ.
565 2616 626 2631 m.
648 2608 772 2639 &luriunt

168 2653 211 2683 15)
231 2651 385 2683 areepimm}
408 2652 454 2675 m.
476 2654 514 2675 §.2
536 2659 675 2682 accipimus

608 184 721 217 PmL.
743 183 846 216 MEL.
869 183 1057 216 SCRIPTA
1078 183 1348 218 DOGMATtCA
1369 184 1426 216 ET
1447 184 1720 219 SYMBOLtcA.

2105 190 2170 223 588

1185 279 1274 321 quod
1297 278 1480 310 ostenderit.
1501 288 1594 311 exem
1619 278 1653 311 la
1675 280 1935 321 misericordiae,
1957 283 2046 325 quod
2064 285 2168 327 signi-

1185 323 1335 353 ficauerit
1368 331 1408 352 se
1441 320 1529 353 velle
1563 332 1601 353 sa
1617 332 1695 354 nare
1723 323 1892 364 homines,
1923 327 2012 367 quod
2039 327 2168 360 dederit

1185 365 1360 402 doctores,
1388 370 1444 395 aut
1472 363 1538 396 alia
1567 364 1656 396 dona
1678 365 1864 399 Ecclesiae.
1908 367 1950 400 Et
1971 369 2057 400 haec
2080 371 2169 402 dona

1185 414 1219 452 γε
1253 414 1329 438 sunt
1364 407 1522 438 maxima.
1551 407 1784 449 amplificanda
1814 416 1909 448 sunt,
1945 418 1979 443 et
2013 411 2168 445 laudandi

1185 451 1249 491 ipsi
1277 451 1404 487 sancti,
1434 450 1488 491 qui
1514 449 1566 481 his
1589 451 1685 482 donis
1709 451 1848 485 fideliter
1878 454 1929 485 vsi
1959 461 2054 493 sunt,
2082 456 2169 488 sicut

1185 493 1338 524 Christus
1376 491 1490 524 laudat
1531 492 1648 525 fideles
1688 496 1931 537 negociatores.
1988 498 2167 531 Secundus

1186 535 1295 568 cultus
1319 541 1389 573 est,
1413 535 1620 568 confirmatio
1645 536 1720 569 fidei
1744 545 1897 577 nostrae,
1922 549 1996 572 cum
2017 541 2169 574 videmus

1187 579 1284 610 l’etro
1313 578 1493 610 condonari
1528 580 1758 621 negacionem,
1787 582 1943 624 erigimur
1965 589 1998 614 et
2021 593 2104 622 noS,
2134 591 2169 616 vt

1186 622 1292 664 magis
1317 622 1511 660 credamus,
1536 623 1625 664 quod
1650 632 1728 655 vere
1753 626 1860 666 gratia
1883 627 2043 658 exuberet
2066 637 2169 668 supra

1186 670 1369 706 peccatum.
1420 663 1552 696 Tertius
1580 665 1688 697 honos
1711 673 1763 698 est
1785 667 1942 707 imitacio,
1968 670 2107 710 primum
2134 669 2169 702 fi-

1186 708 1248 742 dei,
1283 708 1401 738 deinde
1431 715 1640 740 caeterarum
1663 710 1819 741 virtutum
1850 721 1933 752 quas
1964 712 2081 743 imitari
2105 723 2169 754 pro

1185 760 1246 781 sua
1270 751 1410 792 quisque
1440 752 1617 783 vocatione
1647 752 1756 784 debet.
1803 752 1873 784 Hos
1900 763 2001 785 veros
2023 755 2169 787 honores

1185 803 1250 824 non
1274 794 1444 834 requirunt
1475 794 1672 835 aduersarij.
1718 795 1858 827 Tantum
1882 796 1924 828 de
1946 798 2168 836 inuocatione,

1185 845 1272 876 quae
1294 836 1391 886 etiam
1411 837 1440 886 si
1463 836 1541 867 nibil
1565 836 1702 870 haberet
1726 837 1876 880 periculi,
1898 846 2008 872 tamen
2031 851 2096 873 non
2119 847 2171 874 est

1186 887 1390 916 necessaria,
1415 886 1574 911 rlxantur.

1274 936 1451 969 Praeterea
1473 945 1506 969 et
1529 937 1594 970 hoc
1616 938 1786 982 largimur,
1810 942 1899 983 quod
1921 941 2044 984 Angeli
2076 950 2171 975 orent

1186 990 1248 1022 pro
1284 981 1392 1011 nobis.
1450 980 1547 1012 Extat
1589 984 1674 1014 enim
1710 984 1931 1016 testimonium
1950 988 2001 1023 ¹0)
2043 985 2171 1018 Zacha-

1189 1024 1258 1054 riae
1277 1023 1320 1054 .1.
1339 1025 1389 1061 ¹7)
1412 1024 1468 1055 vbi
1491 1022 1644 1066 Angelus
1667 1032 1750 1057 orat.
1802 1026 1945 1059 Domine
1968 1029 2173 1061 exercituum

1189 1075 1296 1108 vsque
1319 1076 1385 1107 quo
1415 1072 1450 1098 tu
1473 1077 1539 1098 non
1569 1068 1779 1100 misereberis
1803 1069 1984 1102 lerusalern
2015 1079 2080 1103 etc.
2120 1071 2173 1104 De

1190 1109 1323 1142 Sanctis
1346 1109 1410 1140 etsi
1434 1110 1659 1149 concedimus,
1683 1111 1772 1152 quod
1795 1112 1882 1143 sicut
1905 1113 1971 1144 viui
1991 1119 2088 1145 orant
2110 1124 2171 1155 pro

1191 1150 1346 1184 Ecclesia
1368 1152 1524 1184 vniuersa
1544 1154 1594 1189 ¹⁸)
1619 1155 1651 1185 in
1675 1164 1810 1196 genere,
1834 1156 1880 1186 ita
1904 1156 1936 1186 in
1957 1155 2060 1187 coelis
2081 1164 2177 1188 orent

1190 1206 1251 1236 pro
1264 1193 1420 1226 Ecclesia
1443 1196 1475 1226 in
1498 1206 1632 1238 genere,
1656 1198 1786 1228 tametsi
1809 1199 2035 1230 testimonium
2048 1197 2174 1231 nullum

1191 1238 1232 1269 de
1267 1239 1404 1269 mortuis
1438 1240 1609 1271 orantibus
1644 1246 1733 1272 extat
1762 1241 1794 1271 in
1818 1240 2019 1282 Scripturis,
2043 1248 2178 1283 praeter

1191 1279 1271 1355 iltlud
1295 1281 1458 1313 somnium
1480 1288 1646 1324 sumptum
1666 1293 1707 1314 ex
1730 1282 1816 1315 libro
1835 1283 2096 1317 Machabeorutn
2119 1295 2177 1326 po·

1192 1334 1208 1355 s
1225 1334 1345 1356 errore.

1281 1383 1386 1414 Porro
1416 1389 1451 1415 vt
1478 1385 1619 1416 maxime
1650 1396 1709 1426 pro
1737 1384 1890 1418 Ecclesia
1918 1392 2013 1418 orent
2040 1387 2169 1426 Sancti,

1192 1432 1303 1458 tamen
1330 1437 1397 1458 non
1428 1428 1577 1468 sequitur
1605 1429 1695 1470 quod
1725 1430 1791 1460 sint
1824 1429 2011 1461 inuocandi.
2065 1429 2177 1465 Quan-

1216 1479 1291 1501 uam
1317 1467 1487 1501 confessio
1515 1477 1632 1502 nostra
1655 1471 1720 1502 hoc
1745 1478 1869 1503 tantum
1892 1471 2052 1510 affirmat,
2087 1474 2179 1515 quod

1206 1513 1366 1554 ‘criptura
1405 1523 1472 1543 non
1523 1513 1642 1545 doceat
1682 1514 1883 1546 Sanctorum
1922 1515 2180 1555 inuocationeru,

1193 1565 1254 1586 seu
1277 1562 1391 1596 petere
1421 1565 1441 1586 a
1463 1557 1588 1587 sanctis
1618 1556 1785 1588 auxilium.
1830 1556 1914 1588 Cum
1936 1565 2044 1589 autem
2070 1568 2178 1600 neque

1194 1604 1426 1639 praeceptum,
1448 1608 1554 1640 neque
1577 1600 1774 1640 promissio,
1797 1609 1904 1642 noque
1928 1598 2114 1641 exemplum
2136 1611 2179 1633 ex

1195 1641 1375 1682 Scripturis
1399 1641 1439 1672 de
1462 1641 1659 1674 inuocandis
1682 1643 1817 1674 Sanctis
1840 1643 1948 1675 afferri
1972 1644 2097 1685 possit,
2119 1644 2179 1676 Se-

1195 1685 1305 1726 quitur
1328 1684 1566 1716 conscientiam
1596 1684 1676 1716 nihil
1703 1696 1805 1727 posse
1836 1687 1916 1717 certi
1939 1686 1980 1718 de
2004 1685 2061 1718 illa
2085 1687 2178 1719 inuo-

1196 1728 1328 1759 catione
1361 1726 1496 1759 habere.
1558 1727 1599 1760 Et
1633 1739 1708 1760 cum
1742 1730 1848 1760 oratio
1882 1729 2002 1761 debeat
2036 1740 2077 1761 ex
2113 1729 2179 1763 fido

1196 1770 1287 1809 fieri,
1311 1771 1478 1812 quomodo
1506 1771 1648 1810 scimus,
1677 1773 1765 1813 quod
1788 1771 1882 1803 Deus
1905 1773 2066 1814 approbet
2089 1771 2178 1806 illam

1196 1813 1463 1845 inuocationem?
1519 1813 1614 1845 Vnde
1652 1816 1776 1846 scimus
1815 1816 1886 1846 sine
1921 1816 2177 1851 testimonium)

1196 1856 1400 1897 Scripturae,
1425 1857 1513 1898 quod
1535 1860 1642 1889 sancti
1666 1856 1852 1900 intelligant
1874 1857 2080 1900 singulorum
2103 1868 2176 1899 pre-

1196 1899 1276 1931 ces?
1321 1899 1460 1935 Quidam
1495 1898 1592 1941 plane
1622 1901 1766 1932 tribuunt
1801 1901 1999 1932 diuinitatem
2035 1902 2175 1940 sanctis,

1197 1941 1366 1979 videlicet,
1412 1944 1501 1984 quod
1536 1944 1654 1974 tacitas
1689 1944 1917 1985 cogitaciones
1958 1945 2111 1975 mentium
2142 1945 2175 1976 in

1196 1987 1293 2017 nobis
1323 1992 1470 2017 cernant-
1522 1985 1700 2027 Disputant
1730 1988 1770 2017 de
1799 1988 1956 2018 matutina
1984 1994 2014 2018 et
2044 1997 2178 2028 vesper·

1196 2030 1263 2060 tina
1298 2029 1503 2070 cognitione,
1538 2027 1708 2062 fortassis,
1743 2030 1817 2071 quia
1854 2030 2017 2069 dubitant,
2059 2029 2176 2062 Vtrum

1197 2082 1304 2109 manc,
1328 2082 1369 2103 an
1386 2073 1438 2106 ²⁰)
1462 2073 1591 2112 vesperi
1615 2073 1758 2103 audiant.
1812 2072 1902 2105 Haec
1925 2074 2176 2105 comminiscun-

1196 2121 1267 2152 tur,
1292 2126 1357 2146 non
1383 2121 1416 2144 vt
1439 2122 1575 2145 sanmos
1600 2114 1728 2146 honore
1750 2113 1915 2154 afficiant,
1937 2117 1996 2147 sed
2021 2124 2053 2147 vt
2077 2127 2175 2157 quae-

1196 2164 1334 2189 stuosos
1363 2156 1471 2189 cultus
1500 2157 1690 2189 defendant.
1742 2157 1828 2189 Nihil
1858 2159 1966 2190 aflerri
1996 2166 2104 2199 potest
2133 2160 2176 2191 ab

1196 2201 1401 2240 aduersarijs
1425 2208 1541 2232 contra
1567 2202 1650 2233 lianc
1676 2202 1851 2236 rationem,
1875 2203 1963 2243 quod
1987 2212 2060 2233 cum
2083 2203 2175 2234 inuo-

1198 2245 1283 2275 catio
1319 2254 1384 2274 non
1419 2243 1606 2279 ltalieut'J')
1641 2246 1860 2276 testimonium
1892 2255 1932 2276 ex
1962 2246 2063 2276 verbo
2101 2245 2174 2282 Dei,

1197 2297 1262 2318 non
1292 2287 1399 2328 possit
1428 2285 1602 2325 affirmari,
1631 2289 1719 2329 quod
1751 2289 1857 2319 sancti
1881 2287 2064 2330 intelligant
2088 2289 2175 2319 inuo-

1200 2433 1242 2461 16)
1262 2433 1341 2456 Euat
1360 2436 1426 2457 onim
1447 2433 1632 2465 testimonium!
1654 2433 1700 2458 td.
1721 2436 1758 2457 ιι
1780 2434 1873 2457 Extant
1893 2435 1960 2457 enin
1981 2437 2130 2458 toni-ont·

1201 2477 1243 2505 17)
1268 2479 1274 2499 1
1293 2477 1300 2507 l
1324 2477 1367 2501 1⁶:1¹.
1388 2477 1426 2500 3.:
1447 2478 1537 2508 primo,

1200 2521 1243 2549 1³)
1264 2520 1396 2551 vuluersnl
1415 2522 1439 2542 ι’νΙ
1460 2520 1507 2543 ΕΛΑ
1528 2521 1552 2543 3.
1571 2519 1646 2544 decu.

1200 2564 1241 2591 19)
1262 2562 1421 2594 vwnmonwl
1443 2563 1488 2587 Ed.
1509 2563 1533 2587 3.
1553 2567 1604 2594 typ.
1623 2571 1685 2586 ern:
1706 2564 1854 2586 mumoni-

1197 2607 1242 2634 20)
1262 2605 1304 2637 nn}
1327 2606 1372 2628 Ed.
1394 2607 1430 2628 t:
1452 2611 1496 2628 aut

1197 2650 1242 2679 ¹11)
1263 2648 1366 2680 habt-nt]
1387 2648 1457 2672 Edntt
1485 2649 1574 2671 2-⁴.:
1594 2648 1671 2672 huben
