2366 2958
64 148 131 182 485
415 146 454 178 11.

498 145 727 179 APOLoGiA
749 144 1068 178 CONFESSIONlS
1089 143 1406 178 AUGUSTANAE.
1450 144 1492 177 B.

1535 142 1726 176 ALTERA.
2014 146 2082 179 486

66 242 116 273 eis
130 243 184 278 30)
205 240 414 273 sententiam.
466 239 553 275 Quid
575 240 660 271 enim
681 239 782 272 habet
803 239 860 272 hic
881 237 977 270 locus
999 238 1049 269 in·
1072 233 1078 275 Ι
1102 237 1278 277 iustificat,
1300 239 1346 270 ita
1367 248 1431 270 nec
1452 238 1593 270 maxima
1607 239 1659 275 ⁴¹)
1689 237 1794 268 virtus
1817 236 1914 280 legis,
1952 239 2079 276 ⁴²)Sed

66 284 251 322 commodi,
281 284 311 314 si
339 282 580 315 detraxerimus
608 283 928 323 interpretationem,
950 291 1049 322 quam

65 326 249 367 aduersarij
268 326 309 357 de
320 335 382 357 suo
399 330 552 362 assuunt,
573 334 640 356 non
660 324 895 366 intelligentes,
917 323 995 364 quid
1007 324 1050 354 sit

65 368 274 406 iustificatio‚
303 374 360 399 aut
382 367 549 409 quomodo
580 367 647 399 fiat.
692 366 855 408 Corinthij
879 372 978 397 antea
993 368 1046 402 ³¹)

64 411 246 449 iustificati,
270 410 373 442 multa
405 416 605 451 acceperant
627 408 825 441 excellentia
847 409 944 440 dona.
969 407 1047 439 Fer-

64 454 190 485 uebant
205 455 258 490 ³2¹)
291 453 400 490 initia,
423 457 458 484 vt
491 452 539 484 fit.
592 452 723 484 Deinde
750 456 930 492 coeperunt
962 451 1047 481 inter

66 505 127 527 eos
151 496 294 527 existere
322 493 530 532 simultates,
559 501 594 525 vt
616 494 783 537 significat
802 492 946 531 Paulus,
970 501 1046 524 coe-

64 543 184 579 perunt
205 536 355 569 fastidire
376 538 484 569 bonos
509 537 686 575 doctores,
708 537 786 568 ldeo
809 537 963 578 obiurgat
985 544 1045 566 eos

65 579 209 616 Paulus,
243 590 410 611 reuocans
439 580 483 611 ad
514 577 625 612 officia
661 582 714 617 ³³)
727 577 924 616 dilectioniS,
959 587 1046 619 quae

64 622 192 655 etiamsi
215 628 293 654 sunt.
327 622 538 660 necessaria,
570 628 678 654 tamen
701 619 836 653 stultum
869 620 968 652 suerit
991 629 1046 651 so-

66 665 211 701 mniare,
234 666 322 706 quod
345 674 449 706 opera
472 665 641 696 secundae
667 662 800 695 tabulae
828 673 943 695 coram
971 662 1045 694 Deo

63 707 260 745 iustificent,
289 717 348 748 per
380 717 478 749 quam
507 707 636 748 agimus
664 716 739 738 cum
768 705 956 737 hominibus
979 715 1045 736 non

64 750 194 792 agimus
235 751 369 791 proprie
402 760 477 782 cum
510 749 596 780 Deo.
662 748 708 779 At
746 749 780 779 in
813 748 1046 780 iustificatione

64 793 230 834 agendum
253 799 304 823 est
324 802 399 823 cum
422 792 507 829 Deo,
529 790 693 832 placanda
715 796 768 822 est
790 791 839 822 ira
862 792 945 828 eius,
968 800 1047 821 con·

65 835 203 866 scientia
237 845 318 876 erga
336 833 445 866 Deum
473 833 682 875 pacificanda
711 839 770 866 est.
815 832 905 865 Nihil
927 833 1045 865 horum

68 877 105 908 fit
126 887 187 919 per
209 887 312 918 opera
335 877 502 908 secundae
524 875 668 907 tabulae.
685 878 737 912 33)

152 920 220 951 Sed
241 919 462 960 obijciunt³⁴)
497 918 659 960 praeferri
691 917 900 950 dilectionem
919 917 996 949 fidei
1015 924 1047 949 et

69 962 152 1002 spei.
198 960 322 993 Paulus
351 962 436 993 enim
465 961 587 999 ain-³³⁵)
628 961 736 992 Maior
764 961 883 992 horum
914 961 1046 995 caritas,

64 1003 172 1036 Porro
191 1010 450 1036 consentaneum
464 1010 517 1035 est
531 1006 584 1042 ³⁶)
607 1004 780 1035 maximam
793 1009 825 1035 et
836 1004 1047 1044 praecipuam

65 1048 220 1078 virtutem
240 1046 436 1079 iustificare.
462 1046 658 1087 Quanquam
672 1046 736 1078 hoc
749 1045 825 1078 loco
838 1045 963 1078 Paulus
975 1056 1048 1087 pro-

63 1090 135 1130 prie
157 1088 304 1130 loquitur
327 1090 368 1120 de
392 1087 567 1120 dilectione
590 1089 743 1130 proximi,
762 1095 795 1120 et
817 1088 983 1131 significat
1001 1089 1048 1120 di-

63 1131 241 1163 lectionem
275 1132 450 1163 maximam
481 1141 581 1169 esse,
615 1132 692 1173 quia
725 1130 885 1173 plurimos
919 1130 1048 1163 fructus

65 1174 178 1206 habet.
227 1173 326 1205 Fides
355 1179 388 1205 et
409 1183 490 1215 spes
511 1180 637 1205 tantum
662 1180 766 1215 agunt
790 1184 865 1205 cum
888 1173 979 1212 Deo,
1003 1174 1050 1205 At

67 1215 200 1248 dilectio
229 1215 312 1247 soris
348 1226 428 1259 erga
459 1217 609 1248 homines
637 1217 765 1248 infinita
791 1217 891 1248 habet
921 1215 1047 1255 officia,

66 1264 177 1291 tamen
198 1257 378 1300 largiamur
400 1269 482 1290 sane
504 1260 728 1301 aduersarijs,
751 1258 963 1291 dilectionem
986 1258 1050 1291 Dei

65 1307 99 1333 et
120 1302 274 1341 proximi,
298 1301 470 1332 maximam
490 1302 644 1333 virtutem
667 1311 755 1339 esse,
779 1302 856 1343 quia
879 1301 945 1333 hoc
963 1311 1050 1333 sum-

63 1353 153 1374 mum
175 1349 389 1384 praeceptum
413 1350 481 1378 est,
514 1343 646 1385 Diliges
667 1343 845 1376 Dominum
863 1344 983 1376 Deum.
996 1345 1050 1382 ³⁷)

64 1384 190 1418 Verum
212 1386 378 1427 quomodo
409 1386 485 1418 inde
511 1387 815 1424 ratiocinabuntur,
851 1387 942 1428 quod
971 1386 1051 1418 dile-

66 1428 133 1461 ctio
149 1427 326 1460 iustificet?
357 1427 503 1460 Maxima
513 1429 631 1467 virtus,
643 1429 803 1471 inquiunt,
821 1429 987 1461 iustificat.
998 1430 1051 1467 38)

64 1470 133 1503 imo
154 1471 241 1503 sicut
268 1469 324 1502 lex
346 1471 444 1503 etiam
459 1474 512 1509 39)
542 1472 684 1504 maxima
705 1481 766 1505 seu
787 1472 892 1514 prima
912 1473 1050 1510 non40)

65 1613 113 1647 30)
131 1621 185 1639 non
211 1619 314 1639 sumunt
343 1622 376 1639 ex
403 1616 466 1647 ipsis
493 1615 569 1648 locis]
592 1616 672 1641 Editt.
696 1616 782 1640 2-4,:
816 1623 863 1640 nec
889 1620 992 1640 sumunt
1016 1623 1049 1641 ex

133 1649 196 1680 ipsis
215 1650 349 1680 scripturis

64 1691 112 1723 ³1)
132 1692 220 1722 autea]
238 1691 288 1717 Ed.
308 1692 348 1717 4.:
368 1696 428 1716 aute

64 1733 113 1765 32)
131 1733 288 1768 Fax-nebant]
307 1735 389 1760 Editt.
409 1735 502 1759 2—4.:
520 1735 555 1758 Et
571 1734 708 1759 {eruebant

63 1775 111 1808 33)
131 1776 287 1806 dilectionis,
306 1784 371 1808 quae
390 1777 490 1801 etiamsi
509 1781 569 1801 sunt
593 1778 739 1802 necessaria
759 1791 791 1795 —
804 1791 837 1796 -
853 1791 885 1796 —
904 1785 950 1809 per
967 1785 1048 1809 opera

134 1811 265 1835 secundae
290 1811 414 1842 tabulae-J
436 1811 518 1835 Editt.
543 1813 632 1836 2—4.:
658 1812 813 1836 dilectionis.
850 1811 906 1836 Nec
935 1813 1049 1844 disputat

133 1843 176 1868 hic
195 1845 227 1869 de
245 1846 396 1869 remissione
416 1850 595 1876 peccatorum,
619 1846 650 1869 de
673 1846 751 1870 modo
775 1846 978 1876 iustificationis,
1001 1847 1048 1870 sed

134 1879 166 1902 de
184 1879 308 1903 fructibus
326 1880 449 1911 loquitur.
485 1880 519 1903 Et
538 1880 706 1903 dilectionem
732 1881 854 1911 intellig-it
877 1888 939 1912 erga
960 1881 1047 1912 proxi-

133 1919 210 1936 mum.
247 1914 359 1938 Stultum
379 1917 418 1937 est
435 1917 519 1938 autem
537 1915 680 1943 somniare,
699 1915 769 1945 quod
788 1915 892 1938 dilectio
917 1922 967 1946 qna
991 1915 1046 1945 agi-

132 1954 188 1970 mus
207 1954 263 1971 cum
281 1947 439 1978 hominibus,
457 1947 580 1972 instificet
597 1956 684 1972 coram
702 1948 775 1978 Deo,
795 1956 853 1972 cum
871 1950 898 1973 in
921 1949 1045 1973 iustifica-

133 1981 203 2005 tione
220 1982 350 2012 agendum
368 1983 401 2005 si‘.
420 1989 477 2006 cum
494 1982 562 2013 Deo,
579 1982 709 2014 placanda
726 1984 767 2006 ira
785 1983 848 2013 eius,
866 1987 892 2006 et
910 1984 1045 2008 conscien-

133 2016 171 2039 tia
190 2022 254 2047 erga
271 2016 355 2040 Deum
374 2015 544 2047 pacificanda.
581 2017 682 2041 Horum
706 2017 769 2041 nihil
793 2017 822 2041 fit
844 2025 890 2049 per
911 2018 983 2042 illam
1006 2018 1044 2042 di-

132 2049 287 2080 lectionem,
315 2049 368 2074 Sed
395 2053 493 2074 tantum
516 2051 553 2074 ita
577 2051 599 2074 si
620 2051 830 2083 apprehendatur
855 2052 1042 2076 misericordia.

131 2083 214 2115 quue
242 2083 270 2106 fit
295 2091 342 2115 per
367 2084 453 2108 fidem.
489 2084 557 2109 Illud
581 2088 665 2109 autem
690 2093 780 2109 uerum
805 2089 856 2116 est,
885 2088 979 2111 amissa
1003 2087 1042 2110 di-

133 2118 259 2146 lectione,
281 2119 365 2142 amitti
391 2119 509 2150 spiritum
535 2123 664 2149 sanctum,
689 2127 739 2150 quo
762 2121 857 2144 amisso
873 2124 899 2144 et
915 2121 979 2145 fides
999 2128 1042 2145 ex-

132 2152 237 2176 cutitur.
273 2152 337 2176 Ideo
357 2152 401 2181 ait,
419 2152 448 2177 Si
467 2153 633 2177 dilectionem
660 2161 713 2178 non
736 2154 861 2184 habeam,
886 2155 953 2180 nihil
977 2163 1042 2185 sum,

133 2193 187 2210 non
205 2186 279 2209 addit
297 2186 488 2217 affirmatiuam,
507 2188 577 2218 quod
597 2188 703 2213 dilectio
723 2188 852 2213 iustificet.

63 2227 111 2261 34)
131 2228 270 2261 obijciunt]
289 2229 369 2253 Editt.
390 2230 482 2253 2-4.:
503 2230 634 2262 disputant

63 2269 110 2303 35)
129 2270 193 2303 ait,]
212 2271 294 2296 Editt.
314 2271 407 2295 2-4.:
426 2273 518 2304 inquit,

64 2311 111 2344 36)
130 2313 234 2344 caritas,
253 2313 335 2338 Porro
354 2319 557 2339 consentaneum
567 2315 616 2347 est]
635 2314 715 2340 Editt.
728 2316 816 2340 2—4.:
836 2317 949 2343 dilectio.
974 2317 1042 2343 Con-

133 2351 284 2371 sentaneum
302 2352 341 2372 est
359 2352 445 2372 autem

64 2388 111 2420 ³7)
129 2389 231 2420 Diliges
254 2388 394 2414 Dominum
420 2391 523 2424 Deum]
550 2392 632 2416 Editt.
660 2393 750 2417 2-4.:
774 2392 877 2424 Diligas
901 2393 1041 2420 Dominum

131 2423 217 2447 Deum
235 2427 305 2447 tuum
324 2428 374 2449 etc.

62 2465 110 2497 38)
128 2466 266 2490 iustificet?
302 2467 416 2491 Maxima
434 2469 523 2498 virtus,
542 2469 672 2500 inquiunt,
690 2469 828 2503 iustificat-J
846 2470 929 2496 Editt.
948 2472 1040 2497 2—4.=

133 2500 266 2530 iustificet,
285 2502 345 2533 quia
362 2502 488 2534 inquiunt,
507 2504 621 2527 maxima
638 2504 719 2528 uirtus
738 2503 868 2529 iustificat.

62 2541 110 2574 39)
129 2542 217 2575 etiam]
235 2543 262 2567 in
278 2542 360 2568 Editt.
380 2544 456 2569 2—4.
475 2544 549 2571 deut.

62 2583 111 2616 40)
130 2584 193 2617 nou]
213 2585 293 2610 Editt.
315 2587 405 2611 2-4.:
425 2588 529 2612 minime

1067 704 1123 1267 Ι,

1101 1279 1123 1309 ,

1101 279 1159 312 illa
1191 282 1296 312 virtus
1330 281 1500 319 iustificat,
1534 290 1620 323 quae
1653 279 1869 321 apprehendit
1902 279 2081 319 Christum,

1102 332 1187 364 quae
1211 324 1430 355 communicat
1451 324 1548 355 nobis
1569 323 1693 355 Christi
1722 324 1855 360 merita,
1878 333 1941 364 qua
1963 324 2081 364 aecipi-

1101 374 1173 397 mus
1203 366 1343 406 gratiam
1374 372 1406 397 et
1435 376 1552 407 pacem
1581 376 1601 397 a
1629 365 1713 397 Deo.
1770 365 1860 396 Haec
1889 371 1998 396 autem
2020 366 2082 396 vir-

1101 413 1166 445 tus,
1190 407 1273 439 fides
1297 413 1359 445 est,
1383 408 1466 439 Nam
1490 415 1523 440 vt
1546 417 1648 449 saepe
1671 408 1792 439 dictum
1815 414 1885 446 est,
1910 407 1993 439 fides
2014 419 2080 439 non

1100 455 1224 481 tautum
1247 451 1369 481 noticia
1391 458 1454 489 est,
1477 452 1538 482 sed
1560 450 1660 482 multo
1683 451 1788 492 magis
1807 449 1893 481 velle
1914 451 2080 488 accipere,

1100 502 1160 524 seu
1183 492 1435 533 apprehendere
1457 503 1496 524 ea
1519 503 1604 535 quae
1628 494 1660 523 in
1684 493 1904 534 promissione
1929 492 1969 523 de
1990 492 2081 523 Chri-

1099 541 1153 566 sto
1174 534 1367 566 offeruntur.
1412 535 1472 566 Est
1495 542 1602 567 autem
1627 542 1660 567 et.
1683 535 1765 567 haec
1790 535 1981 567 obedientia
2000 545 2082 577 erga

1099 577 1225 616 Deum,
1259 575 1347 608 velle
1369 579 1524 618 accipere
1554 578 1697 609 oblatam
1722 579 1992 619 promissionem,
2015 588 2081 609 non

1098 621 1206 652 minus
1229 622 1360 661 λατρεία,
1384 630 1482 661 quam
1506 620 1657 658 dilectio,
1681 620 1748 651 vult
1775 621 1837 652 sibi
1861 621 1951 652 credi
1974 620 2081 658 Deus,

1098 662 1168 694 vult
1197 672 1260 693 nos
1289 664 1332 694 ab
1361 663 1434 703 ipso
1465 664 1553 695 bona
1575 663 1743 703 accipere,
1774 670 1805 694 et
1831 664 1863 694 id
1886 663 2084 704 pronunciat

1099 715 1189 744 esse,
1211 716 1326 737 verum
1350 704 1485 737 cultum.
1503 707 1557 741 ⁴²)

1187 758 1239 794 ⁴³)
1252 755 1428 788 Caeterum
1457 755 1641 796 aduersarij
1671 757 1818 787 tribuunt.
1846 755 2016 787 dilectioni
2039 757 2082 787 iu·

1097 798 1340 837 stificationem,
1375 799 1451 840 quia
1482 799 1605 839 vbique
1638 797 1724 840 legis
1749 799 1911 830 iusticiam
1940 799 2073 835 docent,

1098 847 1131 873 et
1162 842 1343 883 requirunt.
1398 841 1473 872 Non
1507 842 1593 872 enim
1621 851 1799 881 possumus
1830 851 1971 883 negare,
2002 842 2082 882 quin

1100 883 1232 916 dilectio
1266 885 1308 915 sit
1341 894 1504 916 summum
1538 893 1624 925 opus
1654 882 1749 925 legis.
1795 883 1835 914 Et
1862 884 2005 914 humana
2029 893 2082 915 sa-

1099 927 1220 967 pientia
1249 926 1358 968 legem
1386 927 1543 965 intuetur,
1575 931 1607 957 et
1629 927 1757 967 quaerit
1780 926 1814 957 in
1838 936 1878 956 ea
1908 926 2081 957 iusticiam.

1099 969 1177 1001 ideo
1211 975 1244 1000 et
1278 968 1470 1001 scholastici
1506 970 1684 1006 doctores,
1719 969 1828 1010 magni
1861 974 1893 999 et
1921 968 2084 1009 ingeniosi

1099 1012 1262 1050 homines,
1286 1022 1447 1043 summum
1466 1022 1549 1052 opus
1568 1011 1652 1053 legis
1670 1012 1873 1052 praedicant,
1896 1011 1973 1042 huic
1992 1011 2085 1051 operi

1099 1055 1246 1086 tribuunt
1272 1054 1544 1087 iustificationem.
1602 1054 1669 1085 Sed
1698 1055 1828 1095 decepti
1863 1052 2005 1085 humana
2032 1063 2085 1084 sa·

1099 1097 1238 1138 pientia,
1269 1107 1336 1129 non
1365 1098 1521 1128 viderunt
1547 1096 1665 1129 faciem
1696 1095 1794 1128 Moisi
1823 1101 2000 1134 retectam,
2024 1097 2085 1127 sed

1101 1139 1257 1178 velatam,
1279 1140 1365 1171 sicut
1387 1139 1555 1179 Pharisei,
1581 1138 1794 1179 Philosophi,
1817 1138 2083 1170 Mahometistae.

1102 1181 1226 1214 Verum
1260 1192 1324 1214 nos
1356 1181 1533 1214 stulticiam
1566 1181 1740 1225 Euangelij
1769 1181 2018 1223 praedicamus,
2052 1183 2085 1212 in

1125 1235 1167 1256 uo
1190 1223 1256 1256 alia
1278 1225 1409 1256 iusticia
1430 1226 1579 1257 reuelata
1601 1230 1670 1262 est,
1699 1223 1871 1257 videlicet,
1895 1224 1986 1265 quod
2008 1234 2084 1265 pro-

1125 1273 1177 1298 ter
1200 1267 1371 1299 Christum
1399 1268 1652 1309 propiciatorem
1677 1268 1753 1298 iusti
1777 1272 1979 1307 reputemur,
2009 1277 2084 1298 cum

1103 1310 1268 1342 credimus
1299 1310 1396 1342 nobis
1419 1309 1527 1342 Deum
1558 1315 1694 1352 propter
1723 1309 1891 1341 Christum
1919 1307 2085 1350 placatum

1103 1362 1189 1385 esse.
1239 1353 1310 1385 Nec
1341 1353 1533 1395 ignoramus
1558 1359 1715 1395 quantum
1744 1352 1828 1384 haec
1851 1352 2005 1384 doctrina
2028 1352 2085 1384 ab·

1102 1515 1149 1547 41)
1168 1515 1292 1546 maxima]
1310 1515 1363 1540 Ed.
1381 1516 1419 1540 4.:
1438 1515 1552 1539 maxime

1104 1558 1152 1590 42)
1171 1556 1225 1582 Sed
1245 1558 1292 1582 illa
1311 1559 1391 1582 virtus
1410 1558 1541 1587 iustificat,
1560 1571 1592 1576 —
1611 1571 1644 1575 —
1662 1557 1818 1588 pronunciat
1837 1563 1906 1585 esse,
1925 1563 2014 1580 verum
2033 1556 2086 1581 cul-

1173 1590 1248 1626 tum.]
1267 1593 1348 1616 Editt.
1370 1593 1460 1616 2—4.:
1480 1591 1561 1616 Nulla
1579 1592 1646 1615 enim
1665 1591 1709 1615 lex
1728 1594 1766 1614 est
1784 1597 1848 1621 quae
1872 1591 1954 1622 magis
1979 1594 2085 1615 accuset

1169 1626 1231 1658 [Ed.
1251 1628 1290 1651 4.:
1310 1626 1427 1658 accusat]
1451 1634 1512 1656 noS‚
1540 1633 1607 1657 quae
1631 1627 1713 1656 magis
1743 1625 1836 1655 faciat,
1863 1629 1892 1648 ut
1924 1626 2085 1650 conscientia

1169 1664 1261 1685 nostra
1278 1662 1405 1685 irascatur
1422 1661 1519 1685 iudicio
1539 1660 1605 1690 Dei,
1625 1667 1701 1692 quam
1725 1659 1790 1684 haec
1807 1666 1907 1683 summa
1930 1660 1982 1683 lex.
2018 1659 2085 1684 Dili-

1169 1702 1216 1726 gas
1234 1695 1376 1719 Dominum
1394 1695 1479 1720 Deum
1497 1699 1569 1719 tuum
1588 1702 1620 1718 ex
1640 1698 1695 1718 toto
1722 1694 1809 1718 corde.
1847 1693 1911 1722 Quis
1936 1695 2004 1717 enim
2026 1701 2084 1718 san-

1169 1732 1270 1753 ctorum
1289 1733 1391 1760 praeter
1409 1729 1540 1754 Christum
1559 1729 1668 1760 gloriari
1693 1729 1760 1752 ausit
1779 1736 1806 1752 se
1827 1728 1887 1752 huie
1911 1728 1963 1759 legi
1987 1728 2084 1752 satisfe-

1168 1763 1253 1787 cisse?
1289 1763 1351 1787 Non
1374 1764 1454 1794 igitur
1476 1763 1598 1787 iustificat
1622 1763 1706 1786 uirtus
1734 1763 1808 1794 legis.
1845 1762 1899 1786 Sed
1924 1763 1971 1786 illa
1999 1763 2083 1786 uirtus

1168 1797 1304 1827 iustificat,
1333 1804 1399 1827 quae
1429 1798 1522 1829 accipit
1553 1797 1792 1821 reconciliationem
1826 1797 1949 1820 donatam
1976 1800 2083 1827 propter

1167 1830 1308 1856 Christum.
1336 1832 1410 1855 Haec
1428 1832 1509 1855 uirtus
1527 1831 1591 1855 fides
1610 1835 1658 1861 est,
1676 1839 1724 1855 uec
1743 1831 1865 1855 iustificat
1883 1834 1989 1861 propter
2007 1838 2081 1854 suam

1167 1865 1337 1896 dignitatem,
1370 1865 1417 1889 sed
1446 1869 1545 1889 tantum
1575 1866 1636 1896 quia
1665 1865 1759 1896 accipit
1786 1865 2003 1894 misericordiam,
2030 1872 2081 1896 qua

1166 1903 1272 1931 propter
1290 1899 1421 1923 Christum
1439 1901 1500 1924 iusti
1524 1904 1680 1931 reputamur.
1717 1900 1810 1923 Sumus
1837 1899 1905 1922 enim
1929 1899 2003 1929 iusti,
2029 1899 2080 1923 hoc

1166 1938 1213 1964 est,
1231 1935 1331 1965 accepti
1350 1941 1437 1958 coram
1456 1934 1528 1963 Deo,
1547 1941 1599 1958 uon
1619 1937 1724 1965 propter
1745 1937 1860 1957 nostram
1883 1933 2078 1964 perfectionem,

1166 1969 1211 1992 sed
1238 1975 1284 1999 per
1306 1968 1511 1991 misericordiam
1535 1972 1642 1999 propter
1666 1968 1813 1997 Christum,
1844 1966 1872 1991 Si
1899 1971 1985 1991 tamen
2010 1967 2077 1991 hauc

1164 2002 1382 2034 apprehendimus
1402 2006 1428 2026 et
1445 2004 1597 2033 opponimus
1614 2003 1668 2026 irae
1685 2003 1745 2027 Dei.

1094 2045 1141 2078 43)
1160 2044 1297 2069 Caeterum
1314 2045 1456 2077 aduersarij
1474 2045 1590 2069 tribuunt
1603 2059 1636 2064 —
1647 2059 1679 2063 —
1691 2058 1722 2062 —
1738 2045 1867 2068 illustrare
1883 2051 1913 2068 ac
1932 2044 2076 2075 patefacere

1163 2081 1298 2111 possimus.
1311 2080 1351 2112 (p.
1363 2079 1450 2111 487.)]
1466 2079 1546 2103 Editt.
1568 2080 1657 2103 2—4.:
1677 2079 1729 2104 Sed
1739 2079 1881 2110 aduersarij
1892 2078 1951 2102 ideo
1962 2078 2077 2102 tribuunt

1164 2114 1297 2138 dilectioni
1315 2114 1453 2142 iusticiam,
1473 2114 1533 2145 quia
1551 2114 1633 2144 legem
1653 2114 1755 2142 docent,
1775 2117 1799 2136 et
1811 2113 1929 2143 cogitant
1947 2113 2076 2136 iusticiam

1163 2155 1220 2172 esse
1238 2148 1414 2173 obedientiam
1439 2155 1502 2178 erga
1525 2148 1617 2178 legem.
1655 2147 1721 2171 Nam
1746 2147 1859 2170 humana
1882 2147 1949 2170 ratio
1974 2150 2074 2170 tantum

1162 2183 1276 2206 intuetur
1294 2183 1321 2206 in
1348 2183 1446 2213 legem,
1469 2189 1517 2205 uec
1541 2182 1662 2213 intelligit
1686 2182 1762 2205 aliam
1786 2181 1912 2204 iusticiam
1937 2181 1986 2204 nisi
2010 2181 2074 2211 legis

1163 2217 1346 2241 obedientiam.
1382 2217 1416 2240 Et
1433 2216 1599 2245 scholastici,
1617 2216 1735 2239 homines
1753 2215 1895 2245 ingeniosi,
1921 2219 2074 2245 quaerentes

1162 2251 1324 2281 Methodum,
1342 2255 1533 2283 proposuerunt
1555 2251 1603 2274 sibi
1628 2250 1724 2281 legem,
1748 2249 1858 2273 Perinde
1883 2252 1960 2280 atque
1983 2248 2073 2274 Philo-

1163 2285 1238 2316 sophi
1256 2286 1282 2309 iu
1301 2286 1400 2310 Ethicis
1419 2287 1569 2317 proponunt
1586 2285 1635 2308 sibi
1655 2288 1791 2315 praccepta
1811 2284 1842 2307 de
1860 2283 1984 2307 moribus.
2019 2282 2072 2307 Sed

1162 2319 1259 2344 Paulus
1289 2320 1425 2349 reclamat,
1453 2324 1479 2343 et
1505 2320 1582 2343 docet
1607 2319 1678 2342 aliud
1704 2318 1827 2349 quiddam
1855 2323 1910 2340 esse
1934 2318 2071 2347 iusticiam,

1161 2354 1262 2378 scilicet
1279 2354 1452 2378 obedientiam
1472 2361 1535 2385 erga
1560 2353 1753 2385 promissionem
1779 2351 1999 2376 reconciliationis
2025 2352 2070 2376 do-

1161 2391 1238 2412 natae
1263 2395 1369 2420 propter
1397 2388 1544 2418 Christum,
1571 2388 1621 2412 hoc
1645 2391 1696 2416 est,
1723 2386 1841 2417 accipere
1868 2386 2072 2410 misericordirm

1162 2423 1286 2447 donatam
1309 2427 1414 2454 propter
1438 2422 1575 2447 Christum.
1610 2421 1654 2446 Sic
1679 2421 1747 2445 enim
1768 2427 1855 2444 sumus
1880 2421 1979 2452 accepti
2002 2420 2070 2449 Deo,

1161 2457 1197 2480 sic
1216 2457 1281 2481 fiunt
1299 2461 1406 2488 pacatae
1424 2457 1606 2485 eonscientiae,
1626 2456 1730 2487 quando
1754 2456 1876 2479 sentimus
1894 2454 1978 2478 Deum
1995 2455 2070 2478 nobis

1161 2495 1267 2523 propter
1285 2490 1416 2515 Christum
1435 2491 1575 2522 propicium
1594 2497 1659 2518 esse,
1679 2489 1765 2518 Quare
1783 2489 1840 2520 piae
1858 2493 1956 2513 mentes
1975 2496 1991 2513 a
2009 2490 2067 2520 lege

1159 2526 1193 2549 ad
1215 2526 1413 2556 promissionem
1442 2525 1604 2549 renouandae
1627 2528 1699 2553 sunt,
1721 2527 1750 2546 ut
1772 2530 1849 2554 saepe
1872 2524 1922 2547 iam
1945 2523 2066 2552 diximus,

1160 2564 1187 2583 et
1204 2560 1282 2590 paulo
1300 2564 1359 2591 post
1376 2561 1451 2584 latins
1471 2565 1638 2591 exponemu8‚
1657 2566 1715 2582 cum
1738 2557 1892 2589 agitabimus
1911 2561 2066 2589 argumenta

1158 2592 1320 2618 Scholastica
1338 2594 1370 2617 de
1387 2593 1514 2618 uocabulo
1533 2593 1663 2617 iusticiam

1807 2641 1861 2667 ³1·
