2366 2958
197 164 259 196 291
645 163 757 197 PfflL.
780 161 885 196 MEL.
908 160 1096 196 SCRIPTA
1116 161 1387 197 DOGMATwA
1407 162 1465 196 ET
1486 162 1756 197 SYMBOLICA.
2137 168 2202 202 292

201 266 316 289 sumus
339 266 411 289 eam
433 258 656 296 mutationem,
679 264 714 289 vt
737 255 921 289 catholicos
949 257 1030 288 ritus
1058 267 1178 300 magna
1203 262 1205 273 ‘
1227 257 1279 288 nis
1313 266 1354 288 ex
1385 256 1478 288 Luca
1507 263 1539 288 et
1566 257 1678 297 Actis,
1706 268 1772 290 non
1806 260 1947 300 probant
1973 261 2008 292 in
2029 260 2094 293 illis
2116 261 2201 295 locis

201 309 243 331 ex
266 306 360 341 parte
383 301 622 333 retinuerimus.
668 300 722 331 Ad
750 299 836 332 haec
865 309 970 340 nuper
997 300 1092 331 etiam
1123 301 1177 332 hic
1202 303 1205 341 ζ
1227 300 1431 331 mencionem
1455 301 1652 331 sacramenti
1674 300 1762 340 ficri,
1784 301 1825 333 Et.
1848 308 1883 333 vt
1906 301 2129 338 con‘cedamus
2159 306 2200 338 de

198 341 378 374 obtulimus
401 353 462 374 nos
487 344 528 374 ad
549 342 754 374 vniuersales
773 342 980 375 ceremonias
998 343 1177 375 obseruan-
1202 355 1203 371 ι
1227 349 1436 374 sacramento
1455 343 1504 380 70)
1532 342 1615 381 dici,
1649 353 1716 376 non
1750 345 1910 386 probant,
1943 352 2068 378 tantum
2102 358 2200 381 vnam

198 385 259 417 das
286 393 421 426 propter
456 386 643 422 raritatem,
676 394 761 426 quae
794 386 867 417 sine
899 391 1040 426 peccato
1075 386 1176 427 recipi
1226 392 1354 427 partem
1377 385 1577 416 sacramenti
1600 385 1708 417 datam
1731 396 1819 419 esse.

196 435 347 469 possent.
367 430 417 466 τ·’)
463 427 586 459 Verum
608 427 692 459 haec
715 428 914 466 moderatio,
944 438 1041 469 quam
1065 437 1176 470 spera·
1201 438 1203 449 ¹
1312 427 1373 458 Est
1397 427 1493 458 etiam
1519 428 1619 460 citata
1638 428 1778 461 historia
1800 430 1841 461 de
1863 431 2008 472 posteris
2027 430 2112 472 Heli,
2131 433 2199 474 qui-

199 480 274 502 mus
298 472 394 502 nobis
415 471 502 511 apud
524 469 632 501 Deum
654 469 860 511 profuturam
883 481 973 510 esse,
994 470 1076 502 nihil
1101 481 1175 512 pro·
1200 501 1201 506 ,
1226 471 1288 502 bus
1312 469 1405 502 Deus
1427 470 1583 509 minatur,
1606 471 1908 512 quod-deiecturus
1938 474 1980 504 sit
2008 483 2068 506 eos
2098 485 2118 507 a
2147 485 2200 508 sa-

198 511 258 545 fuit
292 514 388 545 nobis
406 515 457 550 ⁷³)
491 513 578 554 apud
611 513 841 552 aduersarios,
882 515 937 555 qui
972 516 1174 546 contendunt
1226 513 1394 550 cerdotio,
1418 520 1454 543 vt
1483 519 1645 555 cogantur
1672 515 1861 547 mendicare
1891 526 2011 557 panem
2040 527 2060 548 a
2089 528 2198 549 sacer-

194 565 216 587 a
238 557 347 593 nobis,
367 563 400 587 vt
425 561 540 587 contra
565 557 803 588 conscientiam
826 566 942 588 omnes
965 563 1095 588 veteres
1118 559 1175 588 ab·
1200 558 1202 580 ¹
1225 555 1368 587 dotibus.
1414 555 1520 590 Quam
1549 563 1626 597 apte
1654 562 1686 588 et
1714 557 1747 588 in
1775 556 1851 590 loco
1881 559 1980 590 citata
2010 565 2062 590 est
2078 561 2129 600 Π)
2153 561 2199 592 hi-

196 609 279 631 usus
303 599 518 640 recipiamus,
547 598 662 640 ltaque
692 609 766 631 cum
790 600 945 631 assentiri
973 609 1040 631 non
1069 601 1173 641 possi·
1200 608 1202 633 1
1224 599 1338 633 storia,
1361 597 1459 630 facile
1482 606 1531 630 est
1556 599 1710 631 iudicare.
1753 599 1846 632 Prius
1870 603 2053 633 vocabatur
2073 603 2199 635 abusus

194 653 282 675 mus,
305 641 580 682 respondebimus
607 643 723 683 paucis
758 643 798 674 ad
830 652 886 680 ea,
918 652 1003 683 quae
1032 643 1172 674 memini-

195 694 269 716 mus
294 685 389 715 nobis
414 682 583 725 praelecta
612 694 688 716 esse
710 686 742 716 in
773 683 1008 717 Confutatione
1036 692 1172 717 noztrae

194 726 437 765 Confessionis,
459 726 500 758 Et
516 737 674 769 rogamus
698 727 821 759 Caes³⁸¹¹¹
844 727 944 759 llla‘Pul
969 738 1044 760 cum
1063 729 1171 760 debita

192 770 402 808 reuerencia,
431 779 474 801 ne
505 776 664 812 granctur
685 771 800 803 audire
824 780 944 802 causas
953 793 962 809 ,
993 779 1079 811 quae
1106 781 1169 802 nos

194 819 320 854 cogunt
345 822 479 844 manere
501 814 533 844 in
557 813 730 849 sententia,
755 814 928 855 Nunquam
957 815 1043 844 enim
1072 814 1169 845 nobis

191 856 295 888 defuit
318 855 474 887 voluntas
499 857 746 897 obtemperandi
771 856 884 888 Caesnn
907 855 981 887 Man
1013 856 1045 886 in
1068 857 1170 888 omni-

192 900 252 931 bus
277 898 352 936 (fol.
376 898 445 936 30³)
465 899 576 936 rebus,
597 909 682 941 quae
700 901 772 931 sine
791 898 976 931 offensione
995 899 1169 930 conscien-

189 942 254 974 tiae
278 942 439 982 praestari
462 948 612 983 possent.

276 984 373 1016 Nunc
398 991 507 1016 autem
542 986 614 1017 sine
647 983 845 1016 contumelia
879 983 1004 1015 Christi
1038 990 1168 1016 veteres

188 1028 314 1060 abusus
337 1029 527 1068 approbare
557 1038 623 1059 non
652 1037 840 1070 pessumus.
887 1027 922 1059 Si
953 1027 1031 1068 quid
1059 1033 1168 1059 autem

189 1071 353 1102 videbitur
387 1071 502 1102 durius
531 1070 654 1102 dictum
686 1080 781 1108 esse,
810 1070 843 1101 id
871 1068 963 1102 nullo
997 1070 1096 1101 modo
1125 1070 1168 1101 ad

191 1113 314 1146 Caesam
334 1112 434 1144 Mam
458 1114 616 1154 pertinet,
640 1114 733 1146 cuius
756 1113 862 1145 virtus
891 1119 923 1144 et
949 1113 1078 1145 bonitas
1108 1113 1168 1144 toti

188 1158 262 1189 orbi
286 1163 446 1188 terrarum
468 1162 548 1188 nota
578 1163 646 1195 est,
673 1163 705 1188 et.
734 1165 832 1197 quam
859 1165 987 1187 summa
1015 1165 1168 1188 reueren-

188 1200 245 1238 tia,
279 1206 435 1240 tanquam
461 1199 639 1230 Dominum
678 1205 829 1231 nostrum
868 1197 1167 1230 clementissimum

187 1243 430 1285 prosequimur,
453 1242 521 1274 Sed
544 1242 686 1283 pertinet
707 1241 791 1273 haec
819 1241 996 1282 disputatio
1025 1242 1068 1273 ad
1091 1241 1167 1280 hos,

188 1287 242 1327 qui
272 1295 334 1316 nos
369 1283 456 1316 salso
479 1292 641 1317 accusant
664 1285 752 1326 apud
783 1282 907 1316 Caes*m
935 1283 1049 1323 Mam,
1079 1285 1167 1327 quod

188 1329 405 1361 aduersemur
428 1328 599 1360 doctrinae
622 1327 841 1360 Christianae.

450 1437 510 1471 De
537 1445 718 1481 vtraque
739 1438 896 1480 specie.

271 1516 373 1548 lnicio
407 1515 655 1558 reprehendunt
687 1525 770 1554 nos,
799 1515 889 1558 quod
922 1515 1007 1548 inter
1040 1516 1166 1548 abusus

183 1561 444 1598 numerauimus,
467 1560 558 1601 quod
580 1569 647 1591 non
669 1558 850 1601 porrigitur
872 1563 1012 1600 vtraque
1034 1559 1166 1600 species

182 1603 382 1636 sacramenti
414 1601 520 1634 laicis.
571 1602 614 1634 Et
646 1602 848 1635 contendunt
877 1602 995 1643 pocius
1025 1603 1166 1634 abusum

185 1645 270 1686 fore,
293 1646 322 1678 si
345 1646 536 1688 porrigatur
555 1643 649 1677 laicis
668 1651 808 1687 Vtraque
832 1645 975 1687 species.
1014 1643 1166 1677 Postula-

184 1695 253 1722 tum
276 1695 329 1721 est
344 1691 396 1727 ⁷⁴)
419 1699 440 1721 a
462 1689 578 1728 nobis,
596 1694 631 1720 vt
654 1687 732 1720 huic
761 1687 887 1730 scripto
916 1689 1166 1727 assentiremur,

184 1732 283 1769 Quod
316 1733 345 1764 si
379 1730 458 1764 nihil
497 1732 634 1764 haberet
670 1731 869 1764 incommodi
909 1738 1043 1773 praeter
1077 1730 1166 1764 hunc

183 1786 285 1809 vnum
307 1774 430 1813 locum,
455 1775 655 1817 grauiss=ma
677 1783 783 1806 causa
806 1780 915 1813 esset,
937 1784 980 1806 ne
1002 1775 1164 1816 recipere-

182 1829 266 1851 muS.
313 1818 396 1850 Nam
415 1828 481 1860 quo
505 1818 584 1850 ore?
607 1827 671 1860 qua
693 1815 803 1849 fronte
825 1827 1006 1858 possumus
1036 1818 1164 1850 institu-

181 1868 249 1894 tum
283 1860 406 1893 Christi
442 1862 583 1893 abusum
617 1861 761 1892 vocare?
811 1859 933 1892 Notum
967 1866 1019 1892 est
1052 1870 1165 1893 sacra-

182 1910 327 1937 mentum
350 1915 371 1936 a
395 1903 529 1936 Christo
554 1904 631 1943 (fol.
655 1903 726 1942 30h)
757 1913 818 1945 pro
841 1909 912 1935 tota
934 1902 1090 1936 Ecclesia
1116 1904 1165 1935 in-

183 1948 330 1980 stitutum
353 1956 442 1979 esse.
489 1947 664 1983 Quomodo
687 1953 797 1979 autem
815 1945 896 1978 licet
913 1946 1011 1978 nobis
1039 1947 1164 1979 rescin-

181 1991 262 2024 dere
296 1991 536 2022 ordinationem
565 1990 711 2022 Christi?
744 1988 869 2022 Paulus
898 1989 1022 2032 inquit,
1049 1989 1165 2021 Testa-

180 2040 326 2068 mentum
361 2033 501 2065 hominis
535 2043 602 2065 non
636 2032 739 2065 licere
756 2033 808 2070 ⁷⁵)
837 2033 992 2075 cuiquam
1025 2038 1164 2071 mutare,

181 2087 242 2109 cur
265 2077 365 2120 igitur
389 2082 621 2108 testamentum
651 2075 774 2108 Christi
803 2086 870 2108 non
898 2073 1007 2107 solum
1037 2081 1164 2108 mutant

180 2121 247 2159 isti,
268 2120 328 2152 sed
352 2119 449 2151 etiam
473 2120 614 2152 abusum
636 2119 782 2151 vocant'3
815 2119 942 2161 Accepi
964 2129 985 2151 a
1007 2116 1164 2157 Domino,

180 2164 286 2206 inquit
304 2161 439 2202 Paulus,
458 2163 547 2205 quod
571 2162 689 2194 tradidi
708 2163 816 2202 vobis,
838 2161 1035 2195 Tradiderat
1053 2167 1163 2195 autem

181 2207 242 2239 toti
266 2204 440 2239 Ecclesiae
463 2215 560 2238 vsum
583 2206 754 2247 vti-iusque
777 2206 915 2247 speciei.
961 2205 1074 2241 Quare
1104 2204 1163 2236 du·

181 2251 271 2282 bium
294 2259 361 2281 uon
383 2254 449 2288 eat,
472 2249 550 2292 quin
578 2255 717 2291 vti-aque
747 2249 886 2291 Species
912 2259 975 2291 pro
999 2254 1071 2281 tota
1098 2246 1161 2280 Ec-

183 2291 288 2326 clesia
311 2292 466 2324 ordinata
486 2292 540 2323 eit.

269 2336 337 2367 Sed
361 2336 450 2378 quod
471 2335 655 2378 aduersarij
678 2332 827 2379 allegant
851 2336 892 2368 de
921 2333 1083 2369 fractione
1105 2346 1162 2379 pa-

184 2497 232 2529 ⁷2)
250 2497 376 2531 ponent.)
394 2499 527 2523 Onold.:
546 2503 663 2532 ponam.

183 2541 230 2573 7³)
249 2541 345 2573 profuit
363 2540 448 2575 noim]
468 2542 593 2574 Chytr.:
614 2541 715 2575 proficit
733 2542 834 2575 (muno
848 2543 1004 2576 prono-tine:
1025 2543 1113 2575 nobis)

184 2584 231 2616 74)
251 2584 301 2615 est]
319 2586 345 2608 tn
363 2584 476 2616 Chytr.
497 2585 571 2611 dud.

184 2627 232 2659 ⁷5)
251 2627 341 2659 licor-1
360 2627 484 2658 (Ἀκμῆς
504 2629 562 2653 licet

1200 649 1201 675 2
1225 641 1435 672 conseruatio
1459 642 1596 673 instituti
1620 641 1754 674 Christi.
1799 643 1898 682 Nunc
1922 644 1966 676 ita
1995 645 2198 678 raeiocinan-

1200 680 1201 710 ἶ
1224 691 1277 716 tur
1300 690 1456 725 tanquam
1474 684 1702 727 significaturi,
1725 685 1813 727 quod
1832 685 1975 727 populus
1994 687 2039 719 ita
2057 687 2198 728 plecten-

1223 726 1284 758 dus
1298 725 1406 765 suerit,
1430 733 1465 758 vt
1484 738 1503 758 a
1523 728 1755 759 sacerdotibus
1773 730 1939 769 acciperet
1959 735 2083 762 tanturn
2102 741 2199 763 vnam

1222 775 1350 810 partem
1369 771 1581 808 sacramenti,
1603 771 1691 802 sicut
1714 769 1771 813 filij
1802 771 1875 803 Heli
1905 772 1982 810 (fol.
2005 773 2076 810 31⁸)
2102 783 2197 816 coge-

1221 813 1340 843 bantur
1360 822 1478 853 panem
1497 813 1696 852 mendicare,
1713 816 1763 851 ⁷⁸)
1787 815 1889 855 puniti
1913 825 1933 846 a
1955 813 2040 847 Deo.
2073 815 2197 848 Nostro

1220 855 1341 886 iudicio
1367 865 1432 886 non
1461 856 1544 887 satis
1573 863 1764 888 reuerenter
1795 856 1975 898 loquuntur
2009 859 2051 889 ‹le
2084 867 2197 890 sacra-

1220 903 1349 936 mento,
1377 898 1431 939 qui
1452 900 1738 931 conseruationem
1760 900 1898 932 instituti
1921 900 2046 932 Christi
2075 907 2197 933 vocant

1220 940 1372 971 abusum.
1417 939 1495 972 Item
1518 941 1573 982 qui
1596 949 1840 974 sacramentum
1863 943 2045 975 institutum
2067 943 2108 975 ad
2121 953 2199 976 con·

1220 980 1417 1014 solationem
1458 985 1732 1015 conscientiarum
1766 986 2023 1027 interpretantur
2058 996 2199 1027 poenam

1220 1034 1308 1059 esse,
1332 1025 1487 1066 adempta
1509 1025 1614 1058 altera
1637 1033 1742 1066 parte.

1306 1066 1395 1099 Nihil
1418 1073 1527 1100 autem
1549 1077 1634 1110 opus
1657 1075 1709 1099 est
1731 1071 1935 1111 respondere
1962 1072 2005 1103 ad
2037 1070 2123 1103 hanc
2151 1071 2199 1102 hi-

1219 1110 1356 1142 storiam
1379 1110 1420 1142 de
1443 1112 1588 1152 posteris
1612 1110 1699 1149 Heli,
1723 1123 1797 1144 cum
1820 1122 1916 1144 nemo
1939 1123 2005 1145 non
2022 1114 2131 1146 videat
2150 1114 2197 1145 in·

1220 1153 1415 1195 tempestiue
1435 1154 1478 1185 ad
1500 1153 1587 1185 hanc
1611 1164 1746 1185 causam
1769 1155 1930 1187 detortam
1953 1165 2041 1187 esse.

1306 1194 1476 1238 Colligunt
1494 1203 1527 1228 et
1545 1195 1629 1228 alias
1649 1197 1807 1236 rationes,
1826 1207 1930 1239 quare
1948 1197 2109 1239 profuerit
2129 1204 2199 1230 tan-

1219 1245 1286 1271 tum
1316 1249 1414 1270 vnam
1444 1246 1572 1280 partem
1605 1240 1780 1282 porrigere
1809 1239 1951 1282 populo,
1986 1240 2123 1274 Scilicet
2156 1251 2200 1273 ne

1217 1281 1355 1324 sanguis
1376 1281 1572 1333 effundatur.
1619 1282 1698 1314 ltem
1723 1284 1800 1325 quia
1823 1283 1856 1315 in
1879 1284 1971 1316 vasis
1994 1293 2060 1316 non
2092 1284 2200 1326 possit

1217 1334 1395 1356 asseman-

1304 1366 1446 1409 Propter
1485 1367 1547 1399 has
1587 1368 1735 1400 rationes
1752 1370 1804 1405 ⁷⁹)
1842 1378 1910 1400 non
1945 1375 1997 1401 est
2037 1358 2208 1402 ordinatio¹

1218 1408 1341 1442 Christi
1363 1410 1596 1442 rescindenda.
1642 1411 1759 1453 ltaque
1786 1421 1849 1443 nos
1875 1411 1908 1443 in
1938 1411 2004 1444 hac
2030 1413 2201 1445 sentencia

1217 1462 1401 1491 manemus,
1425 1453 1514 1495 quod
1536 1463 1603 1485 non
1627 1454 1671 1486 sit
1693 1455 1832 1492 abusus,
1855 1460 1995 1497 vtraque
2025 1460 2120 1497 parte
2146 1464 2201 1487 sar

1218 1495 1378 1528 eramenti
1398 1497 1456 1535 vti,
1478 1496 1553 1528 Non
1575 1496 1662 1528 enim
1684 1498 1845 1529 audemus
1868 1497 2051 1530 institutum
2075 1496 2200 1530 Christi

1217 1548 1344 1571 vocare
1377 1539 1531 1571 abusum.
1577 1538 1675 1575 Quod
1705 1546 1814 1572 autem
1842 1540 1987 1572 citantur
2013 1540 2200 1573 testimonia

1217 1591 1260 1613 ex
1283 1581 1421 1624 Synodo
1440 1581 1698 1614 constanciensi
1720 1588 1753 1614 et
1770 1581 1964 1622 Basiliensi‚
1982 1589 2100 1616 neutra
2112 1583 2136 1613 S
2184 1592 2197 1608 ι

1218 1624 1304 1657 odas
1326 1630 1426 1656 vocat
1446 1625 1604 1664 abusum,
1629 1625 1675 1657 vti
1699 1631 1840 1668 Vtraque
1861 1626 1993 1668 specie,
2022 1625 2064 1658 Et
2081 1626 2116 1658 in
2168 1635 2199 1658 e-

1218 1673 1311 1700 creto
1340 1667 1470 1710 Syuodi
1495 1667 1695 1700 Basiliensis
1723 1667 1817 1701 clare
1843 1669 2004 1711 scriptum
2025 1675 2095 1707 est,
2123 1668 2200 1708 hoa,

1217 1711 1271 1752 qui
1295 1716 1433 1752 vtraque
1456 1716 1552 1753 parte
1580 1716 1733 1750 vtuntur,
1757 1710 1838 1752 (sol.
1868 1711 1939 1749 31¹²)
1970 1712 2134 1750 beueffl’)
2153 1712 2199 1744 vti

1216 1759 1437 1786 sacramento.
1483 1753 1581 1789 Quod
1605 1764 1679 1786 cum
1702 1755 1748 1786 ita
1773 1754 1830 1788 sit,
1850 1753 1905 1785 hic
1930 1755 2041 1796 potius
2069 1755 2197 1787 abusus

1215 1796 1388 1828 vocandus
1411 1802 1482 1835 est,
1506 1806 1651 1839 grauare
1677 1797 1899 1829 conscientias
1928 1797 2095 1830 hominum
2122 1807 2198 1839 pro-

1215 1839 1374 1872 hibitione
1395 1838 1533 1872 alterius
1557 1840 1660 1881 partis
1683 1839 1893 1872 sacramenti.

1408 1948 1467 1982 De
1495 1948 1698 1994 Coniugio
1723 1950 2003 1984 Sacerdotum.

1302 2028 1421 2060 Mirum
1444 2033 1496 2059 est
1518 2027 1551 2059 in
1575 2026 1639 2060 hac
1662 2037 1728 2059 vna
1747 2037 1851 2060 causa
1873 2033 1940 2059 tam
1966 2027 2088 2060 acerbe
2110 2027 2197 2071 exigi

1216 2069 1390 2110 Canones,
1420 2070 1452 2102 in
1480 2080 1545 2112 qua
1568 2070 1746 2103 manifesta
1776 2071 1962 2103 necessitas
1992 2069 2197 2113 postulabat,

1214 2216 1260 2248 ’16)
1279 2216 1451 2249 sacramento}
1472 2216 1604 2242 Ouold.:
1624 2218 1792 2242 sacramentis

1214 2259 1261 2292 ⁷⁷)
1280 2258 1330 2291 est}
1359 2260 1396 2283 sic
1419 2259 1587 2293 arpoyrnplmm
1614 2259 1802 2292 Spu-tint,
1831 2258 1896 2291 qnod
1917 2262 1996 2283 «mm
2021 2258 2108 2284 dui-do
2131 2257 2197 2282 Ιο-

1282 2293 1421 2318 lauthon
1441 2295 1530 2319 delm't
1549 2298 1571 2320 d
1591 2301 1668 2327 upra
1688 2294 1804 2327 ιον-ἐμίν
1823 2294 1858 2318 sit
1876 2293 1938 2322 hec,
1963 2301 2033 2325 qua-
2051 2292 2082 2317 00
2098 2299 2197 2317 mum·

1283 2328 1402 2353 Onold.
1435 2333 1458 2354 ee
1482 2329 1592 2360 Chytr.
1619 2329 1646 2352 ia
1673 2332 1746 2354 rath
1776 2326 1878 2353 haum
1909 2328 1989 2352 ott-t·
2007 2328 2047 2353 „ait
2070 2327 2135 2352 haec
2158 2327 2196 2352 hl-

1281 2364 1371 2393 storia,

1213 2405 1260 2437 n)
1279 2413 1370 2438 punem
1389 2405 1560 2439 mendicum}
1579 2405 1705 2437 Clinia:
1724 2404 1871 2430 nundin-r·
1890 2412 1992 2438 ptum.

1213 2449 1261 2481 79)
1280 2449 1404 2482 rationes]
1486 2448 1533 2474 hac
1551 2456 1622 2478 voce,
1641 2456 1712 2482 qim-t
1732 2449 1805 2473 dina
1830 2447 1948 2474 Onold.
1974 2451 1996 2473 d
2020 2446 2129 2478 Chytt.
2154 2454 2196 2473 “-

1282 2483 1377 2513 Waem,
1405 2458 1605 2516 sni-tinne
1633 2483 1739 2515 ρκ’-ιυ-
1764 2483 1912 2515 naisum:
1937 2483 2131 2511 ordinativum.
2153 2480 2199 2506 nd

1282 2518 1325 2543 ho(-
1343 2518 1410 2542 {Il-'eo
1429 2518 1516 2544 dela-de
1536 2521 1558 2543 ct
1576 2518 1689 2550 deincep·
1707 2518 1734 2541 t*-
1751 2517 1833 2542 «πᾶσι
1852 2518 1917 2542 Ιὶιιοιι
1943 2518 2057 2551 mm:
2082 2517 2196 2557 naono?

1214 2561 1260 2593 ⁸0)
1280 2561 1358 2593 bene]
1382 2560 1445 2586 lune
1467 2568 1549 2586 “om
1572 2559 1775 2584 uel-neiron
1802 2562 1827 2584 ιἰι
1853 2558 1996 2594 φογιρδο
2022 2559 2041 2585 8
2072 2558 2194 2584 nlutnt

1282 2595 1370 2655 ἔρξω-ἰ
1389 2599 1474 2655 uffo
1491 2602 1521 2620 on
1539 2594 1686 2628 adempsit:
1706 2599 1791 2625 rute,
1809 2596 1883 2619 oie-m·
1901 2596 1974 2620 ικα-
1991 2595 2018 2619 u·-
2035 2567 2151 2620 3ιοΙά
2171 2595 2193 2618 α

1334 2635 1392 2662 ytr.
1439 2634 1517 2662 quur.
