2366 2958
72 133 141 166 469
429 131 466 165 11.

73 226 247 258 Euangelium
276 227 359 250 iustos
386 233 455 255 esse,
482 225 504 248 si
532 226 687 257 accipiamus
711 226 909 257 promissionem
932 225 997 255 Dei,
1027 226 1049 249 si

73 265 216 286 statuamus
240 260 310 292 quod
337 264 442 292 propter
469 259 602 284 Christum
633 259 773 284 habeamus
797 260 927 291 placatum
957 258 1050 288 Deum,

73 296 144 327 quod
171 299 279 327 propter
305 294 435 319 Christum
460 294 606 324 placeamus
634 294 708 324 Deo,
730 301 782 318 non
805 297 912 325 propter
934 297 1050 317 nostram

73 330 238 354 mundiciem.
274 328 317 353 Sic
335 329 415 359 igitur
433 332 626 358 argumentatur
649 328 743 352 Paulus
768 335 801 352 ex
825 333 918 352 natura
942 328 1049 358 promis-

73 364 162 388 sionis.
197 363 304 387 Iusticia
321 367 359 386 est
376 369 416 386 res
434 362 515 393 gratis
534 363 661 393 promissa
678 366 783 394 propter
807 361 950 391 Christum,
969 361 1051 391 Igitur

74 401 174 422 tantum
198 398 249 422 fide
276 397 408 428 accipitur.
453 395 544 420 Omnis
571 397 639 420 euim
663 397 802 428 promissio
828 395 938 428 requirit
963 394 1048 419 fidem.

72 431 114 457 Ita
131 431 224 463 probat
241 431 335 455 Paulus
352 438 424 454 suum
447 428 620 463 παράδοξον,
644 431 713 461 quod
731 430 794 454 fides
819 429 948 454 iustificet.
984 429 1047 453 Ideo

73 466 157 498 inquit
174 473 206 489 ex
224 465 289 495 fide,
307 469 336 488 vt
353 465 386 488 sit
404 464 479 488 firma
504 465 640 496 promissio
663 465 802 488 secundum
828 464 948 494 gratiam.
983 462 1050 486 Pan-

72 500 112 524 lus
131 499 202 524 videt
218 499 279 523 inde
297 499 329 523 ab
348 499 422 522 initio
442 506 522 530 vsque
542 499 693 530 promissum
712 505 768 522 esse
786 505 881 526 semen,
899 497 969 528 quod
977 493 1049 520 ’abo-

72 534 139 558 leret
156 537 297 565 peccatum,
317 536 342 556 et
361 537 479 556 mortem.
516 532 595 562 Item,
621 534 646 556 iu
669 539 720 563 quo
745 531 941 556 benediceretur
965 531 1048 554 omui-

73 568 120 592 bus
139 568 236 592 electis.
272 567 338 591 Cum
357 567 436 598 igitur
453 567 541 590 videat
558 567 735 590 remissionem
759 569 938 598 peccatorum,
962 568 987 588 et
1011 565 1050 587 iu-

72 603 187 631 sticiam,
205 608 246 624 res
265 608 323 625 esse
341 605 446 632 propter
464 601 595 625 Christum
619 601 698 631 gratis
722 599 876 631 promissas,
901 599 1050 623 necessario

72 637 144 668 sequi
163 635 262 660 iudicat
279 635 349 666 quod
367 639 474 666 propter
491 634 622 658 Christum
641 635 701 658 iusti
719 638 868 665 reputemur
887 640 917 656 ac
936 639 1050 663 pronun-

71 671 176 700 ciemur,
195 677 246 693 non
264 674 369 701 propter
387 673 477 693 nostra
495 676 583 700 opera,
602 673 646 692 aut
663 672 776 692 nostram
795 668 987 706 perfectionem.
1017 667 1052 691 Et

71 705 133 736 quia
161 705 298 736 promissio
321 711 372 727 non
397 707 483 735 potest
510 703 604 734 accipi,
630 703 678 726 nisi
700 702 765 731 fide,
788 702 848 725 ideo
880 701 1051 725 ratiocinatur

71 738 220 762 necessan'o
239 738 324 769 sequi,
349 738 418 769 qnod
435 737 540 776 proprie
563 737 626 760 fides
649 736 784 766 iustificet,
811 743 875 767 quae
897 736 975 759 sentit
1003 742 1050 758 nos

71 776 178 804 propter
201 771 330 796 Christum
354 772 467 803 reputari
490 771 579 794 iustos.
617 769 681 801 (sol
704 778 729 793 m
751 769 797 801 lb)
820 770 861 794 Ita
886 776 987 800 semper
1012 769 1050 792 in-

71 810 158 830 tuetur
175 805 269 830 Paulus
287 806 312 829 in
331 805 544 845 promissionem,
569 811 676 834 eamque
701 804 808 836 opponit
833 804 952 835 propriae
977 803 1050 827 iusti-

72 840 129 864 ciae
149 840 289 864 hominum.
326 840 355 864 Si
373 841 440 863 enim
458 843 564 877 propter
584 839 713 870 propriam
732 838 861 862 iusticiam
881 842 996 861 nostram
1015 837 1049 861 et-

72 874 172 898 ficimur
189 873 236 898 filii
254 873 318 903 Dei,
338 880 384 896 sen
401 873 500 904 accepti
518 872 586 902 Deo,
606 880 727 904 quorsum
746 879 809 903 opus
826 872 877 896 fuit
891 872 1050 903 promittere,

71 912 98 932 et
115 909 266 940 promittere
284 908 364 938 gratis
382 911 487 938 propter
506 906 655 931 Christum?

139 951 182 975 Ad
200 950 264 974 haec
282 950 455 973 existimamus
473 950 544 981 ipsos
563 949 729 972 aduersarios
747 948 832 978 fateri,
850 948 919 979 quod
943 947 1050 972 dilectio

70 989 98 1009 et
115 992 194 1016 opera
210 984 361 1008 'dilectionis
380 985 430 1008 sint
449 984 608 1014 imperfecta,
627 991 652 1006 et
669 983 815 1012 immunda,
841 983 918 1006 etiam
943 990 970 1007 ιιι
993 989 1051 1006 san—

71 1019 128 1049 ctis,
147 1020 221 1043 iuxta
238 1018 302 1042 illud
321 1019 418 1042 dictum
436 1018 492 1042 Iob.
513 1017 629 1041 Verebar
647 1017 735 1041 omnia
759 1023 839 1048 opera
863 1023 935 1046 mea,
961 1016 1002 1039 vbi
1021 1015 1049 1040 S.

70 1052 214 1084 Gregorius
241 1053 338 1083 inquit,
367 1052 437 1076 Ecce
462 1053 501 1076 vir
523 1056 626 1076 sanctus
654 1053 680 1075 in
710 1051 830 1082 operibus
853 1051 972 1074 omnibus
998 1057 1050 1073 non

70 1087 160 1116 malis,
190 1087 263 1112 timet
290 1091 316 1109 et
340 1086 480 1117 deliquisse
504 1093 532 1109 se
556 1087 646 1115 sentit,
671 1093 700 1109 ac
719 1086 802 1108 minus
820 1085 921 1108 fecisse.
958 1084 1049 1114 Itaque

71 1128 128 1145 cum
147 1121 204 1152 ipsa
221 1120 325 1144 dilectio
344 1121 370 1144 in
388 1120 439 1143 hac
458 1120 608 1143 infirmitate
626 1123 729 1149 nostra,
748 1119 843 1143 habeat
861 1126 924 1150 opus
949 1118 1049 1142 miseri-

73 1155 172 1183 cordia,
190 1161 295 1178 necesse
314 1157 352 1178 est
370 1161 479 1184 querere
498 1154 638 1182 Christum,
658 1158 683 1177 et
701 1157 828 1181 statuere,
855 1153 926 1183 quod
945 1156 1050 1183 propter

71 1190 156 1221 ipsum
179 1189 258 1212 simus
287 1189 387 1219 accepti
416 1188 482 1213 Deo.
522 1188 564 1212 Ita
589 1188 690 1211 demum
712 1187 854 1219 acquiescit
876 1186 1048 1211 consciencia.

71 1224 126 1248 Aut
143 1223 223 1254 igitur
241 1223 333 1246 tollant
350 1223 494 1246 aduersarii
513 1223 711 1253 promissionem
730 1222 762 1245 de
782 1221 902 1251 Christo,
925 1226 970 1244 aut
987 1227 1048 1244 cou-

70 1257 165 1282 cedant
183 1256 274 1286 Panlo,
293 1257 362 1288 quod
383 1257 486 1288 proprie
505 1256 672 1280 iustifiecmur
690 1255 749 1279 fide.
787 1256 858 1279 Haec
882 1255 950 1279 ratio
974 1255 1050 1286 plane

71 1296 111 1315 est
127 1287 274 1320 ἀπόδειξις,
294 1294 320 1314 et
337 1291 385 1321 piis
404 1291 567 1314 conscientiis
585 1290 669 1314 facilis
689 1290 830 1319 intellectu,
843 1297 908 1320 quae
927 1289 1050 1312 videlicet

71 1329 218 1356 agnoscunt
235 1331 262 1347 se
282 1331 335 1348 non
358 1331 434 1355 posse
452 1325 582 1356 propriam
601 1324 728 1348 iusticiam
755 1325 810 1347 irae
834 1323 884 1347 Dei
907 1330 1048 1354 opponere.

70 1359 167 1383 Verum
184 1358 352 1390 acquiescunt
369 1361 468 1387 tamen,
487 1359 549 1389 qnia
566 1359 651 1382 sciunt
668 1365 696 1381 se
720 1357 815 1381 debere
839 1357 955 1386 credere,
980 1357 1050 1388 quod

46 1411 50 1414 .
68 1397 176 1425 propter
193 1391 323 1416 Christum
341 1391 480 1416 babeamus
503 1392 588 1416 Deum
612 1392 757 1423 placatum,
780 1391 920 1415 Intuentur.
940 1393 966 1415 in
991 1398 1050 1422 pro-

67 1427 218 1452 missionem
235 1426 268 1450 de
295 1426 415 1456 Christo,
438 1426 486 1450 hac
508 1434 536 1450 se
559 1430 722 1456 sustentant,
747 1430 773 1449 et
798 1425 978 1454 consolantur,
997 1431 1050 1448 non

68 1461 164 1486 fiducia
181 1461 304 1492 propriae
327 1460 461 1491 iusticiae,
479 1461 526 1484 sed
550 1460 666 1484 tribuunt
695 1460 799 1485 Christo
825 1459 938 1483 debitum
965 1458 1050 1482 hono-

68 1502 123 1520 rem
139 1495 299 1520 mediatoris.
328 1494 397 1518 Vere
415 1498 500 1524 orant,
520 1494 703 1520 Sanctificetur
720 1501 813 1518 nomen
833 1497 912 1523 tuum,
930 1500 984 1517 non
1002 1500 1049 1516 no-

68 1533 163 1560 strum,
190 1529 310 1554 senciunt
335 1535 362 1553 se
389 1528 486 1553 habere
513 1528 597 1554 Deum
627 1529 770 1560 placatum,
804 1532 909 1559 propter
939 1527 1050 1558 gloriam

69 1563 175 1594 Christi,
193 1571 246 1587 ιιοιι
264 1567 370 1595 propter
393 1563 504 1594 gloriam
530 1564 650 1594 propriae
673 1562 850 1594 perfectionis.
886 1561 959 1586 Sicut
981 1561 1049 1586 Pan-

68 1598 109 1622 lus
127 1599 217 1629 inquit.
244 1598 267 1620 1.
287 1596 408 1622 Corinth.
430 1599 451 1621 1.
487 1595 528 1620 Ex
552 1598 608 1628 ipso
632 1601 718 1621 autem
741 1604 788 1621 vos
811 1596 871 1620 estis
894 1597 920 1619 in
940 1595 1048 1620 Christo

67 1630 136 1662 Iesu,
154 1632 196 1663 qui
215 1631 297 1655 sactus
316 1635 354 1654 est
371 1631 447 1654 nobis
464 1631 596 1662 sapiencia.
613 1638 629 1654 a
646 1631 714 1660 Deo,
733 1634 759 1654 et
777 1631 893 1660 iusticia,
913 1633 939 1654 et
955 1631 1049 1654 sancti-

68 1665 170 1695 ficucio,
189 1669 215 1690 et
233 1665 386 1697 redemptio.

138 1708 194 1733 Nec
211 1709 332 1732 miramur
350 1708 512 1731 aduersarios
531 1707 595 1731 haec
613 1714 666 1731 non
684 1707 846 1738 intelligere,
871 1705 936 1738 (fol.
956 1713 982 1730 m
1000 1706 1047 1738 2⁵)

68 1742 188 1767 homines
206 1742 358 1773 Epicureos,
377 1748 487 1772 qnorum
505 1749 561 1765 cum
579 1742 683 1773 plurimi
707 1742 822 1766 nondum
845 1741 995 1771 intelligant
1013 1741 1048 1764 ci-

69 1777 147 1801 uilem
165 1777 303 1806 iusticiam,
321 1776 451 1807 quomodo
470 1776 644 1806 intelligerent
662 1777 790 1800 iusticiam
807 1775 874 1800 Dei?
902 1775 960 1798 Huc
969 1775 1048 1806 perti-

69 1815 134 1835 nent
150 1810 265 1835 infinitae
284 1810 433 1834 sentenciae
452 1811 477 1833 in
487 1811 630 1841 scripturis,
648 1811 710 1841 quia
722 1814 827 1842 propter
841 1809 970 1834 Christum
990 1816 1048 1840 pro-

69 1846 148 1870 missa
166 1848 205 1869 est
221 1845 314 1875 gratia.
349 1844 414 1868 Ideo
435 1844 523 1868 dicunt
540 1845 671 1875 Apostoli.
708 1845 769 1868 Nou
787 1848 825 1868 est
847 1843 918 1867 aliud
944 1850 1048 1872 nomen,

69 1880 97 1904 in
115 1886 166 1911 quo
185 1882 304 1910 oporteat
321 1879 406 1902 saluos
425 1878 491 1908 fieri,
510 1879 559 1902 uisi
576 1879 603 1902 in
621 1880 724 1903 nomine
744 1878 848 1902 Christi.
884 1877 945 1902 Non
969 1878 1048 1908 igitur

69 1912 239 1938 iustificamur
266 1913 370 1936 nomine
404 1920 510 1944 operum
537 1917 701 1942 nostrorum,
729 1913 774 1937 sed
807 1912 912 1936 nomine
945 1911 1047 1940 Christi,

64 1947 141 1980 'quod
158 1947 209 1970 fide
227 1946 437 1978 apprehenditur.
473 1946 508 1970 Et
526 1947 618 1971 Esaias
637 1947 728 1978 inquit.
764 1946 871 1971 Noticia
895 1946 948 1969 eius
974 1946 1047 1970 iusti-

70 1981 157 2006 ficabit
180 1980 282 2005 multos.
319 1981 356 2004 At
379 1987 456 2004 nosse
479 1980 621 2011 Christum,
645 1986 684 2005 est
701 1981 819 2010 credere,
847 1981 917 2012 quod
944 1983 1048 2011 propter

69 2017 153 2048 ipsum
176 2015 275 2039 donata
297 2015 331 2038 sit
354 2015 470 2038 remissio
489 2020 666 2046 peccatorum,
691 2019 716 2039 et
740 2017 832 2046 gratia.
870 2015 905 2038 Et
928 2014 1047 2040 Christus

69 2051 141 2082 ipse,
160 2049 286 2073 iusticirm
303 2048 434 2072 Phariseis
451 2049 594 2073 inauditam
612 2051 741 2081 proponit,
759 2058 817 2074 cum
835 2049 880 2079 nit,
899 2049 990 2073 Iohun.
1009 2049 1046 2080 iij.

69 2084 145 2110 Sicut
163 2083 260 2107 Moises
279 2083 404 2107 exultauit
421 2087 564 2114 serpentem
582 2084 608 2107 in
634 2084 750 2114 deserto,
775 2085 812 2108 ita
835 2084 946 2107 exaltari
971 2090 1047 2115 opor-

71 2122 108 2143 tet
125 2118 205 2142 filium
226 2117 347 2146 hominis,
366 2121 394 2141 vt
411 2118 494 2141 omnis
513 2118 556 2148 qui
577 2118 659 2142 credit
677 2119 703 2142 in
713 2119 804 2150 ipsum,
818 2126 871 2142 non
889 2122 977 2149 pereat
996 2122 1045 2141 etc.

138 2160 200 2184 Non
219 2160 290 2184 misit
307 2159 378 2183 Deus
397 2159 477 2184 filium
497 2167 569 2184 suum
595 2161 621 2184 in
644 2161 780 2190 mundum,
803 2165 831 2185 vt
854 2162 952 2186 iudicet
975 2169 1047 2185 mun-

70 2196 145 2224 dum,
165 2195 210 2218 sed
230 2200 257 2218 vt
279 2194 394 2218 saluetur
417 2194 526 2224 mun-dus
554 2202 600 2225 per
627 2195 718 2226 ipsum.
756 2195 807 2224 Qui
829 2197 912 2220 credit
935 2197 960 2219 in
989 2203 1047 2219 eum

71 2237 124 2254 nun
141 2229 278 2257 iudicatur.
315 2227 359 2252 Sic
380 2232 405 2251 et
423 2229 455 2252 de
473 2235 520 2252 suo
539 2229 625 2252 osticio
650 2234 675 2252 et
693 2229 725 2252 de
749 2229 800 2253 fide
826 2231 902 2254 docet
921 2230 1046 2260 Christus,

71 2264 141 2295 quod
159 2263 283 2293 videlicet
307 2262 416 2286 donatus
441 2263 475 2286 sit
499 2262 586 2293 nobis,
611 2267 638 2287 vt
659 2267 763 2294 propter
786 2265 869 2295 ipsum
894 2265 1046 2289 reconcilie-

71 2304 128 2321 mur
150 2297 218 2321 Deo.
259 2297 327 2322 Cum
350 2301 436 2320 autem
461 2297 598 2328 promissio
621 2298 735 2328 requirat
759 2297 848 2329 fidem,
872 2306 925 2323 non
951 2299 1047 2330 poterit

71 2331 230 2362 apprehendi
252 2331 380 2362 promissa
409 2331 605 2360 reconciliatio,
627 2332 676 2355 nisi
702 2331 761 2356 fide.
798 2333 832 2356 Et
851 2333 961 2357 Actuum
979 2333 1045 2365 xiij.

71 2365 168 2390 Notum
187 2366 266 2396 igitur
283 2365 316 2388 sit
334 2365 407 2389 vobis
426 2366 473 2389 viri
492 2365 593 2395 fratres,
611 2366 680 2396 quod
700 2373 744 2397 per
763 2365 830 2390 huuc
839 2368 914 2391 vobis
927 2368 1045 2391 remissio

71 2404 236 2439 peccatorum
255 2399 434 2429 annunciatur,
454 2404 479 2423 et
497 2400 529 2424 ab
549 2401 666 2423 omnibus
689 2401 781 2430 quibus
800 2408 852 2425 non
876 2402 995 2433 potuistis
1020 2402 1045 2426 in

70 2434 130 2465 lege
148 2427 289 2464 iustificari,
306 2434 332 2458 in
351 2433 401 2457 hoc
418 2441 478 2457 οιιιι.
481 2435 502 2458 is
521 2435 565 2465 qui
584 2435 667 2458 credit
685 2434 848 2460 iustificatur.

141 2475 280 2505 Quomodo
299 2477 384 2506 potuit
403 2477 435 2500 de
453 2476 541 2501 officio
561 2475 672 2507 Christi,
692 2480 717 2500 et
735 2477 767 2501 de
789 2477 971 2502 iustificatione
995 2479 1046 2502 dici

71 2511 184 2535 clarius?
219 2510 274 2534 Lex
299 2511 382 2541 inquit
405 2518 455 2534 non
479 2511 649 2541 iustificabat,
673 2511 735 2535 Ideo
759 2511 875 2536 Christus
900 2513 975 2537 datus
1000 2517 1046 2542 est,

72 2549 102 2568 vt
119 2545 252 2568 credamus
273 2551 321 2568 nos
340 2549 445 2576 propter
463 2545 546 2576 ipsum
571 2546 713 2569 iustificari.
749 2545 778 2570 Si
802 2546 866 2570 fides
890 2554 942 2570 nou
967 2547 1046 2578 perti—

72 2583 118 2603 net
135 2579 168 2603 ad
186 2578 409 2609 iustificationum,
427 2583 456 2603 vt
472 2579 616 2604 aduersarii
640 2581 743 2609 dicunt.
762 2587 882 2612 quorsum
905 2585 960 2605 eret
982 2588 1046 2613 opus

510 130 742 164 APOLOGIA
765 118 1084 164 com-’Essloms
1103 130 1416 163 AUGUSTANAE.
1443 130 1501 185 .B'
1544 129 1736 162 ALTERA.

2015 131 2083 164 4⁷0

1100 225 1199 256 spiritui
1225 229 1315 249 sancto
1343 225 1409 257 (fol.
1437 232 1462 248 m
1487 225 1535 257 ‘le
1563 226 1644 249 tocies
1674 224 1740 248 hanc
1770 225 1922 248 sententiam
1950 229 2078 256 repetere.

1100 259 1231 287 Quorsum
1249 267 1314 291 opus
1334 265 1390 283 erat
1407 258 1490 283 Paulo
1509 258 1558 283 hoc
1582 260 1664 290 ipsum
1683 259 1778 289 dogma
1796 262 1846 282 tam
1866 259 1968 290 copiose
1987 259 2080 283 confir-

1101 299 1180 321 mare,
1199 297 1224 316 et
1242 294 1349 317 munire.
1385 293 1455 318 Satis
1475 294 1542 318 enim
1565 298 1684 325 apparet,
1709 300 1760 316 non
1784 292 1912 316 excidisse
1937 293 1962 316 ei
1985 293 2079 323 obiter,

1100 331 1146 350 aut
1163 327 1235 350 aliud
1254 328 1341 357 agenti
1361 327 1428 351 hanc
1447 328 1479 351 de
1497 328 1547 351 fide
1566 328 1737 356 sentenciam,
1762 327 1824 356 quia
1847 327 1925 357 longa
1944 327 2078 351 confirma-

1100 361 1175 384 cione
1193 360 1284 385 Roma.
1303 362 1348 393 iiij.
1368 363 1464 391 munit,
1482 363 1542 386 citat
1559 363 1701 393 scripturae
1719 361 1882 390 testimonia,
1901 360 1976 384 affert
1999 362 2079 385 ratio-

1101 402 1146 418 nes
1166 399 1279 425 sumptas
1300 403 1332 419 ex
1351 400 1443 419 natura
1461 397 1652 427 promissionis,
1672 400 1760 427 aperte
1780 394 1894 418 detrahit
1913 394 2035 418 Abrahae
2054 400 2080 419 et

1100 429 1198 453 Dauidi
1217 429 1425 453 iustificatiouem
1444 437 1476 453 ex
1495 431 1624 461 operibus,
1645 434 1669 453 et
1687 430 1841 461 pronunciat
1865 436 1908 452 eos
1933 428 1984 452 fide
2008 430 2079 452 iusti-

1101 463 1191 486 licatos
1211 469 1274 486 esse.
1312 463 1366 494 Nec
1391 464 1486 487 liberat
1513 464 1677 488 aduersarios
1702 464 1834 487 cauillatio
1859 463 1890 486 de
1915 463 2078 492 ceremoniis,

1102 497 1170 527 quod
1189 496 1284 520 Paulus
1304 501 1402 520 tantum
1422 498 1519 521 adimat
1538 499 1689 522 ceremoniis
1714 497 1934 525 iustificationum,
1959 497 2020 529 quia
2038 504 2078 520 ce-

1101 531 1231 554 remoniae
1256 531 1318 555 illae
1344 531 1474 555 habebant
1497 533 1644 556 mandatum
1669 532 1735 561 Dei,
1763 536 1879 562 tempore
1909 531 2030 555 Abrahae
2055 535 2080 554 et

1102 564 1201 594 Dauid,
1225 572 1305 596 quare
1331 569 1391 588 tuuc
1410 567 1556 589 necessaria
1574 574 1652 597 opera
1671 571 1757 595 erant,
1780 566 1848 589 sicut
1866 573 1944 596 opera
1963 565 2079 593 moralia,

1101 598 1155 623 Sed
1180 599 1212 622 de
1240 599 1288 622 hac
1314 600 1479 623 cauillatione
1503 601 1580 630 paulo
1605 604 1665 631 post
1689 601 1812 624 dicemus.
1855 600 1931 623 Nunc
1956 600 2079 623 addemus

1102 634 1205 657 tertiam
1223 634 1365 663 rationem,
1391 641 1470 665 quare
1496 634 1609 658 dicamus
1633 634 1762 658 hominem
1788 634 1891 665 proprie
1915 633 1966 656 fide
1991 633 2079 657 iustifi-

1103 668 1163 700 cari,
1182 674 1246 698 quae
1266 673 1291 690 et
1309 668 1365 699 ipsa
1385 668 1492 691 ducetur
1511 676 1542 691 ex
1562 674 1654 692 natura
1672 669 1859 698 promissionis,
1879 671 1903 691 et
1922 668 2080 698 superiorem

1102 702 1227 725 rationem
1255 699 1346 724 reddet
1375 702 1549 725 illustriorem.
1593 702 1675 726 Porro
1706 706 1811 733 vtraque
1838 702 1911 726 Pauli
1941 706 1986 726 est.
2023 701 2080 725 Nos

1102 736 1169 759 enim
1193 742 1246 759 non
1271 736 1399 766 gignimus
1422 735 1468 759 has
1492 737 1615 760 rationes.
1653 737 1712 767 Ipsa
1734 736 1808 760 Pauli
1834 736 1910 760 verba
1934 736 2079 765 recitamus,

1102 776 1167 800 quae
1186 769 1290 800 quidem
1308 769 1372 793 nihil
1390 770 1516 793 haherent
1535 771 1709 799 obscuritatis,
1729 770 1778 794 nisi
1797 770 1873 794 fatuis
1893 770 2079 801 disputacioni-

1103 803 1148 827 bns
1168 808 1193 826 et
1211 804 1375 835 opinionibus
1394 804 1552 828 scholasticis
1571 803 1664 827 obruta
1682 809 1773 827 essent.

1170 846 1219 869 Est
1243 846 1324 877 igitur
1342 846 1406 870 haec
1433 847 1510 870 tertia
1533 847 1614 870 racio.
1658 846 1808 870 Iustiticatio
1839 850 1878 870 est
1903 847 2078 877 regeneracio,

1101 884 1129 903 vt
1147 879 1266 904 Christus
1286 881 1362 905 docet
1378 881 1471 904 Iohan.
1491 881 1529 912 iij.
1565 880 1622 904 Nisi
1641 882 1697 910 quis
1717 885 1818 904 renatus
1838 881 1914 904 suerit
1933 885 1981 904 etc.
2017 880 2078 904 Non

1102 914 1168 938 enim
1186 914 1294 938 facimus
1321 915 1419 946 legem,
1438 916 1488 939 nisi
1506 914 1633 938 iustificati
1657 922 1687 938 ac
1711 915 1802 938 renati.
1838 913 2010 944 Regeneratio
2035 922 2079 938 au-

1102 952 1153 971 tem
1178 949 1280 980 proprie
1307 954 1332 972 et
1357 949 1502 973 formaliter
1526 949 1555 972 fit
1579 949 1644 977 fide,
1674 948 1728 972 Nec
1756 952 1841 979 potest
1870 949 1950 979 accipi
1975 949 2079 980 spiritus

1101 986 1215 1011 sanctus,
1234 983 1285 1006 nisi
1303 982 1362 1007 fide.
1400 983 1485 1007 Datur
1504 984 1573 1007 enini
1592 983 1697 1013 spiritus
1716 986 1819 1006 sanctus
1839 989 1884 1013 per
1903 983 2021 1012 verbum,
2041 983 2080 1006 vi-

1102 1016 1195 1040 delicet
1214 1024 1259 1047 per
1283 1017 1455 1047 Euangelium
1481 1017 1512 1040 de
1536 1017 1656 1046 Christo,
1681 1017 1708 1040 in
1736 1024 1787 1048 quo
1814 1017 1971 1048 promittitur
1995 1018 2080 1047 gratia

1102 1054 1127 1073 et
1145 1050 1248 1081 spiritus
1267 1055 1382 1081 sanctus,
1401 1056 1429 1074 vt
1446 1051 1594 1075 iustitie-atio
1613 1052 1694 1082 legis,
1714 1051 1929 1082 quemadmodum
1953 1051 1990 1074 ait
2013 1050 2078 1074 Pau-

1101 1085 1149 1114 lus,
1169 1085 1196 1107 iu
1214 1084 1289 1108 nobis
1308 1086 1452 1116 impleatur.
1489 1086 1561 1109 Ilaec
1579 1085 1715 1116 promissio
1734 1092 1787 1108 nou
1805 1089 1890 1116 potest
1913 1085 2010 1116 accipi,
2029 1085 2080 1108 nisi

1103 1118 1167 1148 fide,
1186 1117 1258 1143 Sicut
1283 1123 1390 1143 testatur
1409 1120 1474 1151 (fol.
1500 1127 1524 1142 m
1548 1120 1595 1150 3³)
1622 1119 1716 1143 Paulus
1741 1127 1798 1142 cum
1821 1120 1905 1150 inquit
1929 1118 2016 1143 Galat.
2040 1120 2078 1150 iij.

1101 1157 1128 1175 vt
1146 1153 1343 1183 promissionem
1361 1154 1466 1184 spiritus
1486 1154 1641 1184 accipiamus
1666 1161 1711 1184 per
1735 1153 1820 1178 fidem.
1858 1154 1890 1176 Et
1913 1154 1989 1184 paulo
2014 1157 2080 1184 post,

1101 1190 1128 1210 vt
1146 1187 1282 1218 promissio
1309 1195 1342 1210 ex
1365 1187 1416 1211 fide
1440 1188 1497 1211 Iesu
1522 1188 1618 1211 Christi
1638 1188 1711 1211 detur
1739 1188 1910 1211 credentibus.
1946 1187 1986 1211 Itu
2009 1188 2080 1218 prius

1102 1220 1233 1245 iustificati
1252 1225 1278 1244 et
1296 1221 1380 1244 renati
1399 1229 1445 1253 pei·
1464 1221 1549 1251 fldem,
1567 1226 1593 1245 et
1610 1221 1773 1245 reconciliati
1792 1222 1849 1245 Deo
1874 1226 1981 1252 propter
2005 1221 2081 1245 Chri-

1101 1259 1177 1283 stum,
1196 1255 1290 1279 deinde
1308 1256 1391 1286 legem
1410 1255 1520 1279 facimus
1539 1263 1570 1279 ac
1589 1256 1727 1286 diligimus.
1765 1255 1851 1284 Quare
1871 1259 1895 1278 et
1914 1256 2035 1287 Apostoli
2054 1256 2080 1279 in

1102 1290 1174 1313 Actis
1193 1289 1322 1320 inquiunt,
1340 1289 1391 1312 fide
1410 1289 1549 1321 purificans
1569 1290 1658 1313 corda.
1696 1290 1728 1312 Et
1750 1289 1846 1314 Paulus
1866 1291 1914 1319 ait,
1940 1289 2016 1313 fidem
2035 1297 2081 1321 per

1102 1323 1265 1347 dilectionem
1284 1323 1415 1347 efficacem
1434 1331 1500 1353 csse,
1520 1324 1582 1354 quia
1601 1325 1670 1347 enim
1688 1324 1839 1347 reconciliat
1857 1331 1904 1347 nos
1923 1324 1996 1354 Deo,
2020 1324 2080 1348 ideo

1101 1364 1206 1381 necesse
1225 1361 1265 1381 est
1282 1358 1354 1389 sequi
1373 1358 1538 1382 dilectionem
1558 1358 1617 1382 Dei.
1646 1359 1680 1382 Et
1698 1359 1723 1382 in
1742 1358 1809 1382 hanc
1828 1358 1982 1382 sentenciam
2001 1358 2082 1382 multa

1101 1392 1191 1415 scribit
1208 1392 1368 1422 Augustinus
1388 1392 1421 1415 de
1439 1392 1530 1424 spiritu
1549 1396 1573 1415 et
1592 1393 1674 1422 litera,
1694 1392 1747 1416 Vbi
1767 1394 1833 1416 inter
1852 1396 1955 1416 caetera
1978 1393 2015 1416 sic
2034 1393 2081 1417 ait.

1101 1425 1172 1456 Opus
1190 1425 1260 1456 quod
1279 1426 1322 1456 qui
1340 1426 1444 1456 fecerit,
1462 1427 1533 1450 viuet
1556 1427 1583 1450 in
1602 1433 1650 1456 eo,
1668 1433 1721 1450 non
1745 1426 1786 1456 fit,
1810 1425 1858 1450 nisi
1882 1426 1909 1450 in
1930 1426 2080 1451 iustificato.

1100 1459 1251 1483 Iustificatio
1270 1464 1355 1483 autem
1373 1467 1406 1483 ex
1424 1460 1476 1484 fide
1493 1461 1650 1491 impetratur.

1170 1506 1303 1530 Hactenus
1323 1506 1436 1530 breuiter
1454 1508 1619 1538 exposuimus
1639 1514 1744 1537 causas,
1769 1514 1848 1539 quare
1867 1514 1974 1531 necesse
1991 1509 2025 1532 sit
2043 1508 2080 1532 di-

1102 1547 1174 1570 cere,
1199 1541 1270 1572 quod
1288 1540 1353 1564 fides
1372 1541 1507 1570 iustificet,
1526 1542 1589 1572 quia
1606 1549 1659 1565 non
1678 1545 1763 1572 potest
1779 1541 1894 1566 officium
1913 1541 2013 1566 Christi
2038 1549 2080 1566 co-

1101 1575 1209 1606 gnosci,
1235 1582 1292 1598 cum
1316 1575 1460 1599 detrahitur
1486 1575 1635 1599 iustificatio
1653 1575 1722 1600 fidei.
1760 1575 1887 1600 Remissio
1906 1580 2080 1608 peccatorum,

1101 1609 1273 1640 regeneratio,
1292 1609 1396 1633 vincere
1415 1614 1527 1633 terrores
1547 1610 1719 1634 eonscientiae
1739 1614 1764 1633 et
1782 1614 1905 1640 mortem,
1924 1610 2021 1634 habere
2039 1618 2081 1634 ac-

1103 1650 1203 1667 cessum
1220 1643 1254 1667 ud
1273 1643 1372 1673 Deum,
1391 1643 1457 1667 haec
1476 1651 1527 1667 non
1547 1646 1701 1676 contingunt
1725 1644 1775 1668 nisi
1799 1644 1959 1676 apprehenso
1985 1645 2080 1669 media-

1102 1681 1159 1701 tore
1178 1677 1294 1702 christo.
1332 1677 1418 1706 Quare
1436 1678 1532 1702 Paulus
1551 1679 1627 1709 dixit,
1646 1686 1692 1711 per
1710 1678 1787 1702 fidem
1806 1679 1928 1702 habemus
1947 1686 2081 1703 accessum

1102 1711 1136 1735 ad
1153 1712 1246 1737 Deum.
1281 1711 1364 1742 Igitur
1388 1713 1492 1744 proprie
1515 1713 1637 1737 iustificat
1658 1713 1732 1739 fides.
1774 1713 1846 1737 Haec
1869 1720 1926 1736 cum
1947 1713 1999 1736 sint
2022 1720 2079 1744 per-

1101 1746 1192 1777 spicua
1217 1749 1242 1769 et
1267 1746 1294 1769 in
1319 1747 1455 1777 scripturis
1479 1754 1601 1778 expresso
1626 1748 1735 1776 tradita,
1761 1755 1893 1778 speramus
1917 1747 1993 1771 bonis
2016 1747 2079 1772 viris

1101 1779 1265 1803 satisfactura
1283 1786 1348 1809 esse,
1367 1782 1410 1812 qui
1430 1781 1578 1812 intelligent
1596 1781 1646 1805 hoc
1665 1781 1801 1805 doctrinae
1820 1789 1924 1812 genere,
1935 1786 1961 1805 et
1969 1782 2079 1812 gloriam

1101 1813 1200 1839 Christi
1218 1814 1351 1843 illustrari,
1371 1818 1396 1837 et
1413 1815 1461 1846 piis
1481 1816 1648 1839 conscientiis
1666 1815 1765 1839 firmam
1790 1821 1816 1839 et
1841 1820 1936 1839 certam
1961 1817 2079 1840 consola-

1100 1849 1196 1872 tionem
1222 1850 1346 1879 proponi‚
1374 1849 1456 1879 qualis
1486 1856 1513 1872 se
1540 1850 1611 1873 nulla
1637 1856 1742 1881 vsquam
1765 1850 1841 1873 offert
1868 1850 1893 1873 in
1922 1849 2079 1881 Sophisticis

1101 1882 1163 1906 rixis
1182 1882 1396 1906 scholasticorum
1421 1883 1563 1908 doctorum.
1601 1886 1640 1908 Ac
1665 1884 1780 1915 profecto
1804 1885 1895 1907 mirum
1919 1888 1957 1908 est
1981 1888 2078 1909 tautam

1101 1924 1156 1940 esse
1175 1917 1351 1947 ignorantiam
1369 1917 1509 1948 Euangelii
1527 1918 1594 1949 apud
1620 1919 1698 1948 istos,
1724 1919 1767 1949 qui
1793 1918 1959 1942 dominantur
1981 1919 2007 1942 in
2030 1918 2079 1942 Ec—

1101 1951 1196 1981 clesia,
1225 1955 1252 1974 vt
1273 1951 1323 1974 hoc
1348 1952 1374 1975 in
1398 1953 1559 1983 questionem
1583 1956 1690 1982 vocent,
1715 1953 1804 1975 Vtrum
1830 1952 1880 1976 fide
1903 1953 1929 1976 in
1949 1952 2079 1976 Christum

1101 1985 1233 2009 vincamus
1256 1990 1389 2016 peccatum
1413 1989 1439 2009 et
1462 1991 1584 2017 mortem,
1609 1988 1651 2010 An
1675 1988 1709 2011 vti
1734 1987 1878 2010 mediatore
1904 1986 2010 2011 Christo
2036 1987 2079 2012 de-

1100 2020 1212 2043 beamus.
1249 2019 1378 2043 Fortassis
1399 2024 1484 2043 autem
1507 2021 1702 2052 respondebunt
1725 2020 1766 2045 hie
1789 2021 1944 2050 aduersarii,
1971 2021 2036 2052 (fol.
2054 2029 2078 2045 ιιι

1101 2054 1148 2085 3¹³)
1168 2054 1237 2085 quod
1256 2058 1282 2078 et
1299 2054 1347 2085 ipsi
1366 2054 1479 2078 doceant
1496 2054 1560 2079 haec
1577 2054 1632 2079 fieri
1652 2062 1696 2086 per
1714 2055 1832 2086 gratiam.
1869 2055 1902 2078 Et
1927 2056 1962 2079 ita
1986 2063 2078 2087 posue-

1100 2092 1161 2112 runt
1179 2089 1204 2112 in
1224 2087 1416 2118 confutacione,
1440 2089 1510 2120 quod
1534 2090 1684 2113 iustificatio
1707 2090 1835 2121 pertineat
1858 2089 1891 2113 ad
1914 2090 2024 2120 gratiam
2051 2094 2077 2113 et

1101 2123 1242 2147 caritatem.

1168 2169 1224 2193 Nos
1242 2169 1352 2194 libenter
1370 2172 1524 2195 assentimur
1543 2171 1686 2194 Caesareae
1703 2170 1850 2201 Maiestam,
1869 2171 1938 2202 quod
1957 2178 2002 2202 per
2020 2179 2078 2202 gra·

1100 2204 1161 2228 tiam
1179 2204 1349 2228 iustificentur
1368 2204 1493 2229 homines.
1531 2205 1567 2228 At
1585 2205 1713 2236 scriptura
1731 2206 1842 2236 gratiam
1865 2209 1956 2235 vocat,
1981 2206 2077 2236 gratui-

1100 2242 1152 2262 tam
1170 2238 1219 2262 Dei
1238 2239 1441 2263 misericordiam
1459 2247 1505 2263 seu
1525 2240 1740 2271 acceptacionem.
1771 2240 1874 2263 Donum
1893 2247 1938 2270 per
1956 2241 2074 2270 gratiam,

1099 2277 1176 2297 vocat
1193 2273 1309 2304 spiritum
1329 2271 1455 2303 sanctum,
1474 2274 1597 2297 donatum
1617 2273 1655 2297 his
1679 2274 1722 2305 qui
1747 2273 1947 2312 sanctificantur.
1985 2273 2076 2305 Neque

1099 2311 1184 2331 tamen
1203 2307 1311 2331 offendit
1329 2315 1376 2331 nos
1394 2305 1561 2340 κατάχρησις
1587 2308 1706 2332 vocabuli
1726 2308 1841 2338 gratiae,
1867 2308 1935 2338 quod
1955 2312 2077 2340 usurpant

1100 2342 1238 2372 scriptores
1263 2342 1376 2372 gratiam
1397 2346 1500 2373 gratum
1525 2342 1659 2366 facientem
1685 2349 1730 2372 pro
1759 2343 1814 2372 ipso
1840 2342 1908 2365 dono
1934 2349 1980 2366 seu
2004 2346 2075 2366 motu

1099 2376 1202 2407 spiritus
1221 2377 1304 2399 sancti
1323 2377 1349 2400 in
1368 2376 1453 2406 nobis,
1473 2376 1626 2400 iustificante
1646 2383 1701 2399 uns.
1739 2376 1880 2407 Vtrumque
1900 2377 1966 2400 enim
1986 2376 2074 2400 defen-

1100 2411 1192 2439 dimus,
1212 2414 1238 2434 et
1255 2410 1324 2442 quod
1345 2411 1420 2435 detur
1438 2411 1541 2442 spiritus
1560 2415 1670 2439 sanctus,
1690 2414 1715 2433 et
1733 2410 1802 2441 quod
1820 2411 1900 2440 gratis
1920 2411 2002 2435 detur.
2022 2410 2075 2436 Sed

1099 2443 1165 2468 hanc
1183 2444 1294 2475 gratiam
1314 2449 1415 2476 gratum
1434 2445 1585 2474 facientem,
1610 2444 1733 2475 siquidem
1762 2444 1896 2473 iustificat,
1919 2445 2014 2469 rectius
2037 2445 2076 2469 di-

1099 2479 1180 2502 cimus
1200 2478 1276 2503 fidem
1295 2486 1365 2509 esse,
1383 2486 1448 2510 quae
1467 2480 1557 2502 statuit
1575 2486 1621 2502 nos
1644 2482 1750 2509 propter
1775 2477 1920 2508 Christum,
1943 2480 2009 2510 patri
2034 2487 2074 2503 ac-

1100 2517 1188 2544 ceptos
1207 2512 1273 2543 fieri,
1292 2517 1317 2537 et
1335 2514 1415 2537 vincit
1434 2514 1460 2537 in
1479 2513 1598 2536 cordibus
1618 2513 1713 2536 nostris
1732 2516 1844 2536 terrores
1863 2514 1970 2544 peccati,
1989 2518 2014 2537 et
2032 2521 2074 2537 re-

1101 2551 1210 2577 generat
1228 2554 1283 2572 nos.
1320 2547 1354 2571 Et
1377 2547 1444 2571 hanc
1467 2547 1542 2570 fidem
1566 2546 1711 2570 necessario
1739 2548 1854 2577 sequitur
1882 2548 1986 2572 dilectio
2015 2547 2072 2576 Dei.

1101 2580 1172 2610 Quia
1189 2582 1256 2606 enim
1275 2589 1320 2606 cor
1338 2582 1366 2605 ιιι
1383 2582 1432 2605 hac
1455 2581 1638 2605 consolacione
1657 2581 1765 2612 agnouit
1784 2581 1923 2606 bonitatem
1942 2581 2001 2611 Dei.
2023 2583 2074 2606 iam

1814 2632 1867 2656 30·
