2366 2958
175 202 240 234 571

627 195 739 229 PHlL.
762 194 866 228 MEL.
887 193 1075 227 SCRIPTA
1095 191 1367 226 DOGMATIGA
1388 191 1446 224 ET
1468 190 1740 225 SYMBoch.

2125 192 2191 225 5⁷2

180 295 269 338 quod
291 294 478 336 egredietur
500 294 541 324 de
564 302 623 323 orc
645 301 731 327 meo,
755 299 823 321 non
845 293 1033 321 reuertetur
1050 289 1094 320 ad
1106 298 1158 319 me
1181 301 1186 338 ι
1209 293 1418 320 sacramento
1447 285 1639 318 offeruntur.
1685 285 1727 317 Et
1755 292 1809 318 est
1841 286 1925 318 ratio
1952 285 2053 328 plana
2079 292 2114 318 et
2134 286 2190 319 fir-

177 349 330 372 vacuum,
354 337 414 368 sed
438 335 537 368 saciet
559 343 775 377 quaecunque
800 331 887 364 volui
911 339 974 364 etc.
1018 332 1055 365 Si
1074 331 1157 363 ordo

176 381 243 414 hoc
261 381 360 412 modo
384 379 596 420 intelligatur,
621 387 729 418 neque
748 376 989 417 impositionem
1003 385 1157 406 manuum

178 434 303 456 vocare
321 430 564 455 sacramentum
589 430 776 463 grauemur.
812 418 920 450 Habet
943 418 1028 449 enim
1041 416 1158 450 Eccle-

178 469 228 499 sia
251 467 438 497 mandatum
463 466 503 497 de
527 463 765 496 constituendis
788 461 959 499 ministris,
982 461 1070 502 quod
1084 471 1158 503 gra-

178 511 341 542 tissimum
364 519 442 540 esse
465 508 562 539 nobis
585 508 694 544 debet,
719 506 809 546 quod
832 505 956 536 scimus
970 503 1078 536 Deum
1100 515 1157 545 ap-

179 554 324 596 probare
347 552 560 583 ministerium
585 549 682 584 illud,
710 555 742 580 et
764 548 886 579 adesse
908 549 940 579 in
965 548 1158 578 ministerio.

180 597 232 628 Ac
255 596 390 637 prodest
420 601 576 636 quantum
608 593 678 624 lieri
707 597 834 633 potest,
868 600 989 623 ornare
1015 590 1159 621 ministe-

177 641 262 671 rium
286 639 390 676 verbi,
415 638 502 668 omni
524 646 646 679 genere
666 635 785 673 laudis,
809 635 971 666 aduersus
996 632 1158 664 fanaticos

179 681 349 719 homines,
373 681 428 722 qui
451 680 618 711 somniant
640 679 790 720 spiritum
813 683 964 708 sanctum
987 676 1070 709 dari,
1093 685 1160 707 non

180 735 240 767 per
269 725 424 761 verbum,
456 724 516 754 sed
544 729 682 764 propter
714 731 795 753 suas
827 720 988 762 quasdam
1022 728 1160 759 praepa-

180 769 346 805 rationes,
376 767 405 797 si
427 767 566 798 sedeant
589 766 710 799 ociosi,
739 764 850 802 taciti,
876 766 908 795 in
933 762 1016 794 locis
1040 762 1160 793 obscu-

180 811 244 849 ris,
287 815 503 851 expectantes
549 808 839 843 illuminationem,
885 805 1160 847 quemadmodum

181 853 258 884 olim
287 855 499 884 ἐνθουσιασταὶ
527 853 709 892 docebant,
742 857 776 882 et
805 858 893 881 nunc
923 849 1044 880 docent
1072 848 1161 878 Ana-

182 897 358 938 baptistae.

268 938 512 970 Matrimonium
552 948 619 969 non
658 943 710 969 est
743 937 882 978 primum
913 934 1095 965 institutum
1128 932 1161 962 in

182 992 270 1014 nouo
293 981 523 1020 Testamento,
552 982 613 1012 scd
647 981 756 1012 statim
787 979 876 1010 initio
901 982 1014 1009 creato
1039 985 1163 1018 genere

181 1025 337 1057 hnmano.
384 1025 493 1056 Habet
526 1030 633 1056 autem
664 1023 854 1054 mandatum
878 1019 962 1058 Dei,
996 1018 1096 1050 habet
1132 1023 1164 1050 et

181 1069 433 1111 promissiones,
457 1078 522 1098 non
547 1067 676 1109 quidem
701 1066 834 1107 proprie
853 1064 895 1095 ad
914 1073 1036 1094 nouum
1048 1061 1163 1093 Testa-

182 1118 326 1143 mentum
355 1112 576 1152 pertinentes,
609 1110 669 1141 sed
698 1109 803 1150 magis
827 1107 1030 1148 pertinentes
1053 1105 1096 1136 ad
1118 1104 1164 1135 vi-

183 1160 249 1186 tam
273 1153 497 1195 corporalem,
532 1163 636 1195 quare
665 1153 770 1194 siquis
796 1149 890 1182 volet
920 1154 1164 1181 sacramentum

183 1207 326 1233 vocare,
358 1198 550 1228 discernere
583 1202 691 1227 tamen
721 1205 741 1226 a
770 1194 937 1235 prioribus
965 1191 1030 1223 illis
1054 1191 1164 1229 debet,

184 1251 269 1282 quae
292 1241 426 1281 proprie
450 1246 529 1271 sunt
557 1240 654 1280 signa
677 1239 753 1269 noui
781 1235 1002 1273 Testamenti,
1032 1241 1063 1265 et
1087 1241 1165 1265 sunt

183 1284 370 1314 testimonia
394 1283 520 1324 gratiae
539 1289 571 1313 et
587 1281 795 1313 remissionis
808 1285 1032 1322 peccatorum.
1067 1276 1167 1313 Quod

183 1327 211 1357 si
238 1325 483 1357 Matrimonium
524 1332 702 1367 propterea
742 1323 877 1355 habebit.
911 1320 1166 1364 appeliationem

183 1369 393 1406 sacramenti,
415 1369 492 1410 quia
514 1369 615 1399 habet
647 1367 834 1399 mandatum
858 1365 933 1397 Dei.
979 1364 1087 1395 Etiam
1110 1362 1165 1405 alij

183 1419 290 1444 status
313 1421 373 1443 seu
397 1412 508 1443 officia
537 1422 622 1453 quae
653 1410 777 1442 habent
799 1410 987 1441 mandatum
1006 1407 1089 1446 Dei,
1108 1417 1167 1448 po·

183 1461 293 1488 terunt
317 1456 431 1486 vocari
460 1461 688 1492 sacramenta,
721 1454 806 1484 sicut
830 1453 1056 1495 Magistratus.
1102 1450 1166 1481 Po-

184 1506 325 1536 stremo,
359 1499 387 1529 si
411 1508 528 1529 omnes
551 1507 607 1529 res
629 1497 839 1529 annumerari
862 1494 1081 1527 sacramentis
1111 1494 1167 1524 de-

184 1543 264 1574 bent
291 1551 378 1584 quae
405 1540 529 1572 hubent
555 1541 744 1572 mandatum
767 1539 850 1577 Dei,
882 1545 914 1571 et
942 1538 1062 1580 quibus
1090 1541 1168 1567 sunt

184 1585 316 1617 additae
340 1585 599 1625 promissiones,
625 1594 685 1615 cur
707 1594 773 1615 non
798 1583 949 1614 addimus
973 1580 1168 1616 orationem,

187 1639 273 1670 quae
307 1628 480 1659 verissime
514 1633 626 1668 potest
659 1627 723 1658 dici
754 1631 1009 1657 sacramentum.
1061 1622 1170 1654 Habet

186 1672 273 1702 enim
307 1677 341 1702 et
373 1671 562 1702 mandatum
586 1670 648 1702 Dei
677 1676 710 1701 et
731 1669 973 1711 promissiones
997 1665 1168 1709 plurimas.

186 1714 229 1746 Et
249 1713 417 1745 collocata
439 1715 524 1745 inter
546 1720 778 1750 sacramenta,
808 1712 903 1754 quasi
933 1711 967 1742 in
991 1709 1170 1741 illustriore

187 1757 284 1796 loco,
318 1758 432 1788 inuitat
460 1757 613 1788 homines
639 1757 681 1787 ad
711 1756 884 1787 orandum.
943 1754 1087 1785 Possem
1117 1751 1170 1783 hic

187 1801 353 1833 numerari
376 1801 472 1831 etiam
485 1799 719 1841 Elemosynae.
754 1798 830 1829 ltem
852 1797 1063 1834 afflictiones,
1086 1805 1172 1838 quae

189 1850 222 1876 et
243 1844 338 1885 ipsae
360 1850 437 1875 sunt
460 1845 568 1885 signa,
591 1844 711 1885 quibus
724 1842 848 1872 addidit
861 1841 954 1872 Deus
978 1839 1172 1880 promissio-

188 1897 262 1925 neS,
286 1887 346 1918 sed
371 1888 558 1917 omittamus
587 1888 660 1917 ista.
707 1885 811 1916 Nemo
839 1885 923 1915 enim
953 1884 1003 1914 vir
1025 1883 1172 1924 prudens

189 1931 231 1962 de
250 1940 386 1961 numero
409 1936 465 1961 aut
488 1928 654 1960 vocabulo
668 1937 870 1970 magnopere
883 1927 1052 1963 rixabitur,
1076 1927 1104 1957 si
1125 1931 1172 1956 ta-

187 1984 261 2005 men
283 1973 360 2004 illac
392 1983 446 2004 res
470 1973 694 2010 retineantur,
725 1982 812 2013 quac
836 1970 960 2002 habent
983 1970 1173 2001 mandatum

188 2015 263 2054 Dei,
288 2023 320 2047 et
345 2017 596 2057 promissiones.

276 2058 358 2091 lllod
382 2061 486 2101 magis
518 2067 567 2090 est
597 2058 842 2093 necessarium,
877 2054 1064 2097 intelligere
1091 2065 1173 2096 quo-

187 2102 287 2135 modo
310 2104 352 2133 sit
376 2103 531 2134 vtendum
557 2102 786 2132 sacramentis.
824 2099 885 2131 llic
909 2100 1104 2130 damnamus
1125 2104 1172 2128 to-

189 2152 256 2177 tum
280 2145 437 2187 populum
450 2145 735 2177 scholasticorum
760 2144 946 2179 doctorum,
970 2143 1023 2184 qui
1038 2142 1171 2178 docent,

189 2189 277 2231 quod
308 2195 517 2220 sacramenta
549 2199 614 2219 non
647 2187 780 2229 ponenti
814 2187 964 2223 obicem,
1000 2183 1173 2216 conserant

214 2233 327 2263 ratiam
356 2242 396 2263 ex
428 2241 528 2272 opere
552 2238 689 2272 operato
719 2231 791 2261 sinc
816 2231 904 2260 bono
928 2235 1016 2259 motu
1041 2227 1170 2258 vtentis.

207 2275 281 2306 laec
301 2274 494 2315 simpliciter
519 2275 650 2306 ludaica
674 2275 784 2314 opinio
808 2279 878 2307 cst,
907 2272 1050 2308 sentire,
1084 2271 1171 2312 quod

190 2328 251 2360 per
273 2319 493 2349 ceremoniam
518 2318 751 2353 iustificcmur,
779 2317 851 2347 sine
874 2316 962 2345 bono
987 2321 1074 2345 motu
1099 2325 1172 2346 cnr-

191 2363 259 2400 dia,
295 2361 359 2392 boc
389 2368 457 2397 est.
488 2361 560 2391 sine
588 2361 662 2392 tide.
710 2359 750 2390 Et
779 2366 887 2390 tamen
913 2357 995 2388 haec
1019 2358 1116 2398 impia
1140 2364 1171 2388 et

190 2405 378 2445 perniciosa
403 2405 526 2446 opinio,
549 2414 668 2445 magna
689 2403 862 2434 autoritate
876 2402 1026 2438 docetur,
1052 2402 1081 2431 iu
1102 2408 1172 2431 toto

192 2458 297 2489 regno
323 2448 507 2478 Pontitirio.
555 2446 678 2478 Paulus
700 2445 859 2477 reclamat
889 2452 918 2475 et
945 2451 1043 2485 negat
1071 2444 1172 2474 Abru-

192 2490 267 2521 bam
292 2491 500 2522 iustificatum
530 2501 607 2521 esse
631 2489 893 2521 circumcintone.
918 2488 976 2518 sed
1003 2487 1172 2518 circumci-

192 2534 319 2565 sionem
350 2544 424 2564 esse
465 2535 595 2575 signnm
629 2533 835 2574 propositum
871 2531 911 2561 nd
953 2530 1172 2561 exercendam

193 2577 301 2608 fidem.
349 2577 395 2607 lta
426 2587 488 2607 noa
513 2578 688 2610 docemus,
723 2576 811 2618 quod
842 2576 873 2605 in
898 2585 957 2605 vsu
987 2583 1174 2604 sacramen·

195 2626 300 2651 torum
325 2620 407 2651 tides
431 2621 549 2651 debeat
572 2620 746 2657 accedere,
771 2629 856 2660 quae
876 2618 990 2649 credat
1015 2616 1078 2647 illis
1099 2627 1173 2658 pro·

193 2664 424 2702 missionibus,
448 2669 480 2694 et
502 2663 642 2704 accipiat
661 2673 716 2694 rea
739 2662 943 2704 promissas,
965 2671 1051 2703 quac
1074 2661 1117 2691 ibi
1142 2661 1173 2691 in

1210 331 1369 362 missima.
1402 329 1586 361 Promissio
1609 334 1662 360 est
1684 328 1808 360 inutilis
1832 329 1895 361 nisi
1919 328 1984 361 fide
1995 330 2189 370 accipiatur.

1212 374 1256 405 At
1278 378 1487 404 sacramenta
1509 378 1587 404 sunt
1609 372 1707 414 signa
1731 373 1997 413 promissionum.
2033 372 2135 414 lgitur
2157 373 2192 405 in

1211 427 1271 448 vsu
1295 417 1394 447 debet
1417 415 1581 447 accedere
1603 413 1706 453 fides,
1735 421 1772 447 vt
1792 415 1820 445 si
1845 415 1919 457 quis
1943 421 2054 447 vtetur
2076 414 2192 447 Coena

1211 459 1356 497 Domini,
1378 459 1429 491 sic
1451 464 1584 495 Vtatur,
1608 457 1694 493 Quia
1713 457 1747 488 id
1769 463 1822 490 est
1848 465 2092 490 sacramentum
2114 458 2193 490 noui

1210 503 1428 539 Testamenti,
1464 507 1499 532 vt
1529 500 1684 532 Christus
1714 499 1805 532 clare
1831 501 1925 539 dicit,
1960 500 2040 532 ldeo
2068 506 2193 533 statuat

1211 546 1273 577 sibi
1296 544 1406 576 offerri
1430 554 1484 576 res
1507 545 1692 585 promissas
1714 545 1747 575 in
1769 554 1858 575 nouo
1881 543 2105 582 Testamento,
2128 544 2192 576 sci-

1211 588 1288 620 licet
1311 589 1487 630 gratuitam
1512 587 1739 619 remissionem
1769 593 1994 628 peccatorum.
2041 585 2083 617 Et
2105 586 2193 620 hanc

1212 642 1280 663 rem
1305 632 1369 662 fide
1393 631 1546 672 accipiat,
1572 630 1678 672 erigat
1701 630 1855 670 pauidam
1879 630 2136 668 conscientiam,
2159 635 2194 661 et

1212 675 1333 706 sentiat
1356 674 1439 705 haec
1461 674 1662 711 testlmonia,
1687 683 1752 704 non
1778 682 1855 704 esse
1877 671 2020 710 fallacia,
2043 673 2103 704 sed
2127 679 2194 704 tam

1213 724 1321 755 certa,
1355 727 1454 759 quam
1482 717 1511 747 si
1539 715 1634 748 Deus
1665 726 1755 747 nouo
1784 715 1943 747 miraculo
1973 716 2015 747 de
2038 714 2195 755 coelo⁷⁶)

1212 762 1417 802 promitteret
1450 769 1488 790 se
1520 757 1608 791 velle
1636 760 1827 801 ignoscere.
1872 758 1959 794 Quid
1986 765 2094 790 autem
2119 768 2194 800 pro-

1213 805 1350 835 dessent
1371 801 1428 834 illa
1450 801 1608 833 miracula
1621 809 1652 834 et
1671 803 1923 843 promissiones,
1946 811 2013 832 non
2026 801 2195 834 credenti?

1213 847 1255 878 Et
1277 845 1444 888 loquimur
1466 845 1521 876 hic
1540 846 1581 876 (le
1604 845 1668 876 fide
1680 843 1917 887 specialiquae
1938 845 2105 886 praesenti
2118 855 2195 886 pro-

1214 889 1361 921 missioni
1385 889 1508 926 credit,
1535 898 1601 919 non
1625 894 1749 920 tanturn
1779 898 1864 930 quae
1887 889 1917 919 in
1943 897 2066 930 genere
2089 888 2196 919 credit

1214 932 1323 964 Deum
1350 941 1445 968 esse,
1479 931 1540 961 sed
1575 941 1659 972 quae
1688 932 1793 963 credit
1827 931 1937 962 oflerri
1967 930 2196 962 remissionem

1214 980 1442 1018 peccatorum.
1489 973 1550 1005 Hic
1574 983 1656 1005 vsus
1679 975 1880 1006 sacramenti
1905 973 2100 1005 consolatur
2121 974 2194 1015 pias

1215 1026 1248 1051 et
1281 1017 1420 1060 pauidas
1455 1022 1594 1047 mentes.
1646 1015 1811 1051 Quantum
1842 1023 1950 1048 autem
1979 1017 2012 1048 in
2042 1015 2197 1048 Ecclesia

1216 1061 1442 1097 abusuum⁷⁷J
1466 1059 1631 1100 pepererit
1655 1058 1711 1090 tlta
1734 1058 1879 1091 fanatica
1895 1060 2019 1101 opinio,
2041 1060 2083 1091 de
2095 1069 2198 1100 opere

1216 1111 1355 1146 operato
1378 1103 1450 1134 siue
1472 1103 1561 1134 bono
1585 1109 1676 1134 motu
1698 1103 1840 1139 vienus,
1863 1112 1961 1135 nemo
1984 1103 2095 1133 verbis
2118 1112 2197 1133 con-

1216 1148 1310 1190 sequi
1346 1152 1465 1188 potest.
1518 1145 1605 1177 Hinc
1638 1151 1690 1177 est
1724 1144 1782 1177 illa
1814 1144 1942 1176 infinita
1977 1143 2197 1186 prophanatio

1216 1192 1410 1227 missarum,
1440 1190 1502 1222 sed
1525 1189 1566 1220 de
1588 1189 1652 1220 hac
1675 1187 1761 1220 infra
1784 1189 1943 1220 dicemus,
1992 1187 2106 1229 Neque
2130 1186 2199 1219 vlla

1216 1233 1313 1266 litera
1335 1243 1375 1264 ex
1398 1233 1568 1264 veteribus
1591 1232 1820 1273 Scriptoribus
1837 1232 1889 1269 ⁷⁸)
1914 1229 2054 1272 proferri
2077 1236 2199 1272 potest,

1217 1287 1302 1320 quae
1325 1277 1553 1318 patrocinetur
1575 1274 1639 1306 hac
1657 1275 1689 1305 in
1713 1285 1750 1306 re
1768 1273 2002 1306 Scholasticis.
2034 1273 2101 1305 lmo
2120 1283 2200 1306 con·

1217 1321 1354 1352 trarium
1378 1319 1422 1350 ait
1434 1318 1658 1361 Augusttnus‚
1680 1318 1770 1360 quod
1789 1318 1875 1349 fides
1899 1317 2111 1355 sacramenti,
2133 1326 2201 1348 nou

1217 1369 1462 1395 sacramentum
1495 1361 1663 1394 iustificet.
1726 1361 1768 1392 Et
1801 1366 1854 1392 est
1885 1367 1965 1393 nota
1998 1359 2093 1392 Pauli
2126 1369 2200 1392 sen-

1217 1407 1337 1444 tencia,
1361 1406 1471 1438 Corde
1495 1405 1641 1437 creditur
1663 1404 1705 1435 ad
1728 1405 1901 1436 iusticiam.

1305 1463 1490 1497 Articulum
1513 1463 1613 1496 Xllll.
1645 1465 1678 1495 in
1703 1475 1769 1506 quo
1800 1464 1958 1501 dicimus,
1992 1462 2113 1495 nemini
2137 1462 2199 1494 nisi

1218 1510 1280 1542 rite
1303 1516 1425 1540 vocato
1449 1507 1763 1546 concedendam⁷⁹)
1786 1517 1865 1539 esse
1883 1503 2201 1538 administrationem

1220 1558 1504 1584 sacramentorum
1535 1557 1568 1582 et
1591 1551 1684 1582 verbi
1715 1551 1746 1581 in
1771 1549 1938 1588 Ecclesia,
1961 1550 2005 1582 ita
2027 1549 2200 1590 recipiunt,

1219 1597 1248 1628 si
1270 1603 1379 1627 tamen
1401 1601 1530 1625 vtamur
1553 1594 1761 1625 ordinatione
1779 1593 1960 1625 Canonica.
2006 1591 2079 1623 Hac
2102 1592 2143 1623 de
2165 1601 2203 1624 re

1220 1641 1252 1672 in
1274 1638 1339 1670 hoc
1362 1643 1530 1670 conuentu
1552 1646 1654 1677 saepe
1678 1637 1789 1668 testati
1817 1646 1952 1674 sutnuS,
1980 1645 2044 1667 nos
2073 1644 2203 1667 summa

1221 1680 1391 1714 voluntate
1421 1689 1544 1721 cupere
1580 1690 1784 1711 conseruare
1813 1678 1959 1720 politiam
1987 1677 2202 1711 Ecclesiasti-

1223 1736 1313 1763 cam,
1349 1730 1380 1756 et
1411 1724 1536 1767 gradus
1566 1723 1598 1754 in
1623 1722 1777 1754 Ecclesia
1806 1722 1916 1754 factos
1940 1723 2037 1754 etiam
2062 1720 2204 1753 humana

1222 1769 1409 1801 autoritate.
1454 1767 1585 1799 Scimus
1621 1767 1705 1798 enim
1741 1767 1829 1798 bono
1856 1771 1889 1797 et
1918 1764 1987 1797 vtili
2019 1763 2160 1797 consilio
2183 1773 2204 1796 a

1224 1813 1378 1844 Patribus
1402 1809 1674 1842 Ecclesiasticam
1699 1809 1906 1851 disciplinam
1930 1808 1996 1840 hoc
2019 1809 2137 1845 modo,
2168 1813 2204 1838 vt

1224 1863 1357 1887 veteres
1380 1853 1538 1886 canones
1561 1853 1764 1890 describunt,
1788 1853 1999 1885 constitutam
2023 1861 2112 1888 esse,
2135 1850 2203 1882 Sed

1223 1899 1380 1939 Episcopi
1399 1897 1596 1928 sacerdotes
1618 1902 1754 1927 nostros
1777 1902 1832 1927 aut
1857 1900 1980 1936 cogunt
2004 1893 2070 1925 hoc
2083 1893 2204 1925 doctri·

1223 1952 1287 1974 nae
1311 1951 1418 1983 genus
1452 1940 1541 1981 quod
1575 1937 1723 1970 confessi
1751 1948 1867 1969 sumus
1898 1937 2043 1976 abiicere
2072 1947 2113 1968 ac
2147 1937 2204 1968 da·

1224 1995 1351 2022 muare,
1375 1990 1430 2015 aut
1455 1993 1542 2014 noua
1567 1989 1599 2013 et
1622 1982 1767 2013 inaudita
1791 1979 1985 2013 crudelitate
2009 1981 2149 2011 miseros
2172 1984 2203 2011 et

1224 2030 1422 2059 innocente<
1451 2025 1618 2057 occidunt.
1672 2025 1741 2056 Hae
1774 2034 1898 2056 causae
1926 2023 2105 2065 impediunt
2137 2032 2203 2064 quo

1225 2073 1332 2103 minus
1354 2075 1542 2113 agnoscant
1565 2067 1626 2099 hos
1647 2067 1847 2109 Epis-coms,
1873 2067 1976 2098 nostri
1995 2066 2204 2098 sacerdotes.

1226 2116 1272 2146 lta
1301 2114 1427 2145 seuicia
1459 2111 1579 2151 Episco
1607 2122 1700 2142 orum
1729 2111 1760 2141 in
1795 2121 1896 2142 causa
1920 2117 1989 2147 est,
2020 2119 2124 2151 quare
2147 2107 2205 2140 ali-

1225 2158 1300 2190 cubi
1332 2155 1524 2187 dissoluitur
1558 2155 1577 2185 il
1597 2166 1615 2185 a
1645 2154 1815 2185 Canonica
1844 2152 1975 2195 politia,
2010 2163 2108 2195 quam
2143 2162 2205 2183 noa

1226 2209 1428 2243 magnopere
1463 2199 1677 2239 cupiebamus
1707 2207 1918 2229 conseruare.
1971 2195 2036 2237 lpsi
2068 2195 2207 2226 viderint

1226 2243 1391 2286 quomodo
1416 2242 1576 2273 rationem
1601 2239 1675 2272 Deo
1705 2240 1861 2272 reddituri
1885 2241 1968 2275 sint,
2024 2238 2088 2270 uod
2113 2237 2206 2269 dissi-

1226 2294 1302 2328 pant
1328 2284 1525 2318 Ecclesium.
1572 2285 1715 2315 Nostrae
1749 2283 1972 2315 conscientiae
2030 2292 2071 2312 ac
2106 2282 2136 2313 in
2169 2290 2206 2312 re

1226 2329 1302 2361 nibil
1328 2329 1449 2360 habent
1473 2326 1627 2369 periculi,
1656 2327 1732 2369 quia
1755 2337 1827 2358 cum
1851 2327 1996 2357 sciamus
2021 2322 2206 2356 consessio-

1226 2384 1299 2405 nem
1323 2380 1470 2404 nostratu
1496 2382 1621 2409 veram,
1643 2372 1730 2413 piam
1753 2377 1785 2402 et
1809 2367 2003 2401 catholicam
2028 2378 2116 2406 esse,
2139 2377 2206 2399 non

1226 2537 1273 2566 ¹18)
1293 2535 1377 2569 coetu]
1397 2537 1445 2560 Ed.
1466 2537 1506 2560 3.:
1526 2537 1582 2559 celo

1227 2583 1271 2610 77)
1293 2579 1425 2612 abusu-:ml
1447 2580 1492 2603 Ru.
1514 2580 1554 2602 J:
1573 2580 1680 2603 abusum

1227 2627 1272 2653 7⁸)
1292 2622 1479 2656 scriptoribus}
1500 2623 1546 2647 ttu.
1567 2623 1590 2646 3.
1611 2627 1660 2653 ryp.
1680 2629 1743 2645 ‘vv-‚t
1762 2619 1941 2650 sertin-unm·

1227 2669 1273 2697 7⁹)
1293 2666 1498 2698 conred-udam}
1520 2666 1567 2690 ad.
1587 2666 1610 2689 4.
1632 2669 1681 2697 typ.
1701 2672 1762 2687 orn:
1783 2662 1981 2687 eone-‹tondu-
