2366 2958
198 205 266 238 535

198 308 318 331 omnes
351 308 450 329 vnum
480 307 602 339 corpus
633 306 747 328 sumus
769 296 803 327 in
828 293 979 333 christo,
1013 295 1090 337 quia
1116 295 1180 326 etsi

199 341 294 374 multi
323 351 457 379 sumuS,
489 351 588 372 vnum
622 346 730 370 tamen
758 339 790 370 in
818 347 859 369 eo
882 348 1008 369 sumus.

201 386 287 417 enim
322 395 387 415 vno
421 393 506 424 pane
535 382 779 424 participamus
830 381 883 411 An
913 379 1058 412 fortasse
1087 386 1180 421 putat

200 428 347 470 ignotam
377 427 472 458 nobis
501 425 660 467 mysticae
690 423 994 460 benedictionis-⁷³)
1028 424 1179 454 virtutem

201 470 300 502 esse?
333 479 418 511 quae
452 479 526 500 cum
559 468 590 498 in
620 468 716 498 nobis
745 467 797 505 fit,
825 476 935 497 nonne
963 465 1180 507 corporaliter

202 523 334 555 quoque
362 511 457 549 facit,
481 510 773 542 communicatione
798 510 908 541 carnis
927 507 1062 545 Christi,
1085 508 1179 540 Chri-

200 563 288 587 stum
311 556 342 586 in
366 555 462 585 nobis
485 552 654 584 habitare?
698 552 739 583 Et
762 550 862 593 paulo
885 557 973 594 post,
995 552 1082 583 vnde
1102 561 1180 583 con-

201 599 414 630 siderandum
447 604 516 634 est,
551 606 616 627 non
645 594 835 627 habitudine
863 593 989 633 solum,
1013 604 1097 636 quae
1119 603 1180 634 per

203 642 372 673 caritatem
400 638 606 680 intelligitur,
631 636 798 669 Christum
825 638 857 668 in
880 638 977 669 nobis
1000 646 1095 675 esse,
1126 645 1179 667 ve-

201 695 273 715 rum
298 683 394 714 etiam
417 682 668 724 participatione
691 679 851 719 naturali,
874 687 937 712 etc.
983 679 1075 711 Haec
1098 679 1180 710 reci·

200 727 355 764 tanimus,
377 736 442 757 non
468 731 502 756 vt
524 724 579 755 hic
603 724 858 765 disputacionem
882 724 922 755 de
945 722 1009 754 hac
1031 732 1067 753 re
1089 722 1179 752 insti-

201 775 381 801 tueremus.
447 768 522 799 Non
566 767 651 799 enim
689 767 852 808 improbat
884 765 972 797 hunc
1006 764 1180 796 articulum

202 811 302 844 Caes.
325 810 502 849 Maiestas,
533 810 593 841 sed
622 816 656 840 vt
679 809 801 840 clarius
823 809 919 840 etiam
942 808 1180 849 perspicerent,

202 855 390 896 quicunque
418 854 481 884 ista
504 852 634 895 legent,
663 862 724 884 nos
750 851 928 883 defendere
957 857 1125 891 receptam
1147 850 1180 880 in

202 904 272 929 tota
305 895 457 928 Ecclesia
489 895 709 934 sentenciam,
739 895 828 936 quod
855 895 888 925 in
920 903 1026 925 coena
1049 892 1181 924 Domini

201 950 281 971 vere
315 946 347 970 et
381 937 651 971 substancialiter
684 938 794 969 adsint
823 946 946 977 corpus
980 942 1012 967 et
1043 935 1182 977 sanguis

201 982 336 1021 Christi,
370 989 401 1013 et
435 992 513 1013 vere
546 981 764 1012 exhibeantur
790 990 862 1010 cum
892 979 945 1010 his
974 979 1075 1010 rebus
1098 987 1182 1019 quae

201 1026 371 1063 videntur,
392 1035 476 1066 pane
499 1031 529 1056 et
554 1025 648 1061 vino,
673 1023 712 1054 Et
736 1022 900 1064 loquimur
923 1022 964 1053 de
994 1021 1182 1062 praesentia

201 1069 267 1100 viui
291 1067 430 1105 Cin-isti,
460 1067 590 1111 Scimus
614 1067 698 1097 enim
723 1065 812 1108 quod
835 1075 926 1096 mors
950 1065 979 1096 ei
1004 1063 1091 1095 vltra
1113 1073 1181 1094 non

202 1112 432 1144 dominabitur.

288 1179 490 1210 Vndecimus
506 1179 558 1215 ⁷⁴)
585 1176 746 1209 articulus
776 1177 817 1208 de
842 1176 1014 1207 retinenda
1037 1173 1182 1207 Absolu-

202 1223 297 1254 cione
330 1222 361 1252 in
389 1220 543 1252 Ecclesia
576 1221 752 1261 probatur,
788 1219 855 1251 Sed
889 1219 930 1250 de
959 1217 1183 1250 Confessione

201 1265 323 1297 addunt
355 1265 614 1301 correctionem,
637 1261 810 1300 videlicet,
833 1262 1081 1293 obseruandum
1105 1270 1183 1292 esse

202 1308 477 1339 constitucionem
511 1305 594 1348 Cap.
648 1306 763 1337 Omnis
796 1305 1046 1346 Vtriusque-⁷⁵)
1077 1310 1113 1335 vt
1146 1309 1180 1335 et

200 1351 376 1393 quotannis
399 1350 454 1380 fiat
478 1349 658 1387 confessio,
682 1355 714 1380 et
737 1348 888 1390 quamuis
911 1348 1022 1379 omnia
1044 1352 1183 1388 peccata

200 1395 385 1426 enumerari
409 1403 473 1423 non
498 1398 637 1434 queant,
665 1398 773 1422 tamen
802 1390 1005 1432 diligentiam
1029 1389 1183 1421 adhiben-

200 1437 274 1468 dam
298 1446 383 1472 esse,
408 1442 443 1466 vt
467 1434 679 1477 colligantur,
702 1441 733 1465 et
756 1433 813 1465 illa
859 1443 924 1465 uae
945 1434 1050 1475 redigi
1066 1434 1099 1464 in
1117 1443 1183 1464 me-

198 1480 336 1512 moriam
370 1484 523 1520 possunt,
555 1484 803 1509 recenseantur.
883 1487 900 1508 e
929 1475 995 1508 hoc
1017 1481 1086 1507 toto
1108 1476 1184 1506 arti-

200 1523 278 1555 culo
301 1523 449 1554 dicemus
472 1520 572 1563 paulo
595 1528 672 1562 post
691 1520 872 1561 copiosius,
892 1530 966 1552 cum
979 1519 1182 1550 sentenciam

199 1571 350 1597 nostram
379 1566 420 1596 de
443 1564 651 1606 poenitencia
680 1570 784 1594 totam
811 1561 1060 1604 explicabimus.
1095 1561 1182 1592 Con-

201 1615 268 1640 stat
300 1618 363 1639 nos
397 1608 592 1639 beneficium
628 1606 877 1643 Absolutionis,
918 1611 950 1636 et
984 1610 1183 1646 potestatem

200 1652 356 1686 clauium‚
390 1651 435 1682 ita
467 1649 691 1682 illustrauisse
723 1655 755 1680 et
780 1649 966 1686 ornauisse,
999 1654 1034 1678 vt
1057 1646 1180 1679 multae

199 1693 346 1726 afflictae
369 1694 608 1728 conscientiae.
631 1702 671 1724 ex
696 1692 845 1723 doctrina
866 1697 1076 1729 nostrorum,
1106 1700 1180 1721 con-

200 1737 397 1769 solationem
426 1734 660 1777 ‘conceperint,
702 1743 878 1777 postquam
917 1734 1180 1771 audiuerumw)

199 1781 388 1812 mandatum
423 1779 484 1811 Dei
520 1789 614 1815 esse,
650 1779 782 1815 im077)
812 1778 978 1819 propriam
1005 1775 1180 1818 Euangelij

198 1834 326 1857 vocem,
351 1828 385 1853 vt
398 1820 608 1854 Absolutioni
622 1821 810 1858 credamus,
833 1828 863 1852 et
883 1826 977 1852 certo
995 1826 1180 1850 statuamus

200 1867 296 1897 nobis
326 1867 429 1907 gratis
459 1866 573 1896 donari
599 1864 826 1895 remissionem
850 1868 1082 1905 peccatorum,
1106 1872 1179 1903 pro-

199 1917 272 1950 pter
295 1908 479 1947 Christum,
503 1915 533 1940 et
558 1908 746 1939 senciamus
770 1916 849 1937 vere
873 1916 935 1937 nos
960 1904 1022 1937 hac
1045 1905 1109 1936 fide
1132 1915 1181 1936 re-

200 1951 369 1984 conciliari
395 1951 480 1982 Deo.
528 1951 618 1982 Haec
642 1950 829 1987 sentencia,
854 1948 974 1980 multas
998 1950 1070 1990 pias
1094 1958 1182 1979 men-

202 2002 252 2026 tes
287 1995 410 2031 erexh,
448 2000 479 2025 et
513 1995 609 2025 inicio
645 1993 959 2024 commendationem
993 1992 1179 2026 maximam,

200 2039 289 2079 apud
313 2048 427 2068 omnes
441 2038 548 2067 bonos
572 2038 661 2068 viros
681 2034 787 2067 attulit
803 2034 959 2073 Luthero,
979 2045 1051 2065 curn
1071 2042 1180 2065 osten-

200 2081 247 2112 dit
281 2087 403 2112 certam
437 2086 469 2110 et
503 2080 628 2111 firmam
660 2077 927 2110 consolacionein
955 2077 1179 2119 conscientijs.

202 2125 279 2166 quia
302 2130 399 2155 antea
427 2129 495 2154 tota
518 2123 568 2153 vis
598 2121 826 2153 Absolutionis
843 2124 894 2159 7ὅ)
921 2129 990 2152 erat
1016 2130 1179 2161 oppressa

202 2167 361 2198 doctrinis
389 2175 544 2207 operum,
573 2176 645 2196 cuin
670 2166 710 2196 de
735 2165 815 2205 fide,
846 2171 878 2196 et
902 2165 1044 2206 gratuita
1067 2163 1180 2195 remis-

201 2211 294 2241 sione
318 2209 396 2240 nihil
421 2210 578 2240 docerent
601 2207 778 2249 Sophistae
800 2214 833 2239 et
855 2207 1022 2238 Monaclii.

201 2382 247 2409 73)
268 2383 390 2412 mysticae
410 2380 608 2412 benedis-tionis}
629 2380 675 2404 Ed.
695 2380 734 2403 8.:
756 2381 860 2410 mystico
880 2379 1086 2403 benedictionem

202 2425 248 2454 74)
269 2424 435 2455 vudestmm}
458 2432 494 2447 uic
518 2428 583 2447 rtet«
607 2424 684 2447 Editt.
704 2423 794 2450 2—⁴.·,
819 2423 865 2446 Ed.
890 2425 910 2445 l.
935 2426 987 2453 ἔῃ).
1013 2430 1077 2446 ern:
1103 2420 1178 2445 Deci-

270 2467 323 2481 mnz
349 2459 422 2489 (rnril
452 2459 511 2482 Vol.
533 2458 630 2481 xxvt.
656 2466 679 2489 p.
699 2458 757 2480 278.
779 2462 825 2481 art,
847 2456 910 2483 XL:
933 2465 958 2479 m
984 2456 1052 2487 Cous.
1078 2460 1179 2479 ccv-iam

458 2497 506 2521 ul,
526 2493 581 2516 ride
599 2491 659 2515 ibid.
681 2500 702 2523 p.
724 2492 783 2515 359.
803 2497 850 2515 art.
872 2491 947 2521 Xll.)

203 2537 247 2565 '151
268 2537 330 2566 Cap.
351 2539 439 2559 Omnis
460 2535 612 2567 utiusque}
633 2535 702 2565 ‘'ory.
722 2543 797 2567 cupra
816 2543 839 2566 p.
861 2534 919 2558 285.
940 2538 1001 2557 nota
1020 2533 1061 2557 33.

201 2579 248 2609 76)
268 2578 431 2610 amnuerunt}
453 2579 499 2602 Ed.
520 2579 534 2601 3
555 2588 559 2600 ;
579 2578 731 2601 audiuerant

203 2621 248 2649 77)
268 2623 330 2651 imo}
351 2621 425 2645 Nor.
445 2625 495 2653 cyp.
517 2630 578 2645 erm:
599 2622 649 2644 imo
670 2620 746 2651 (enas,
768 2627 844 2652 'upra
863 2627 888 2651 p.
908 2619 956 2643 ³07
976 2620 1048 2650 uqq.)

202 2665 248 2694 78)
270 2664 458 2696 Absolutionis]
478 2663 565 2688 Non:
586 2664 772 2691 Abmlnssonb.

271 2495 320 2515 rim·
335 2496 348 2513 Ῐ-
375 2502 437 2516 ivisti-⁴

649 203 763 236 PHlL.
785 200 891 234 mm..
909 199 1098 233 scmPTA
1118 199 1390 233 DOGMA‘rtCA
1410 199 1468 232 ET
1489 198 1760 233 SYMBOLtcA.

1202 366 1208 589 Ι

1203 594 1209 822 Ι

1205 955 1211 1203 Ι

1236 1477 1256 1508 ,

2148 201 2214 235 536

1318 293 1494 326 Caeterum
1521 294 1562 326 de
1590 299 1756 336 tempore,
1783 300 1875 327 certe
1903 294 1936 326 in
1965 293 2130 338 Ecclesijs
2157 307 2214 329 no·

1054 337 1179 369 Omnes
1231 337 1312 369 stris
1344 336 1472 378 plurimi
1501 346 1604 378 saepe
1637 338 1669 368 in
1703 347 1791 369 anno
1819 342 1956 369 vtuntur
1983 340 2215 378 sacramentis,

1231 378 1470 418 Absolucione,
1494 386 1526 410 et
1549 389 1655 411 coena
1677 379 1820 411 Domini.
1866 379 1908 411 Et
1930 381 1985 422 qui
2009 382 2148 420 docent,
2171 383 2214 414 de

1231 423 1397 465 dignitate,
1421 429 1452 453 et
1476 420 1639 454 fructibus
1662 428 1949 454 sacramentorum
1962 423 2006 455 ita
2030 424 2156 463 dicunt,
2179 431 2215 456 vt

1231 466 1367 497 inuitent
1401 463 1576 506 populum,
1612 471 1649 497 vt
1682 475 1784 506 saepe
1819 471 1952 497 vtantur
1984 467 2212 499 sacramentis.

1230 508 1354 540 Extant
1378 508 1462 539 enim
1485 508 1526 539 dc
1542 509 1595 545 79)
1618 508 1680 540 hac
1705 518 1741 539 re
1765 507 1867 539 multa
1889 519 1909 540 a
1930 510 2058 541 nostris
2075 510 2121 541 ita
2132 510 2214 541 scri-

1230 557 1298 593 pta,
1321 557 1354 582 vt
1376 551 1574 593 aduersarij,
1596 551 1625 581 si
1648 551 1703 592 qui
1725 557 1802 582 sunt
1826 552 1903 582 boni
1922 552 1994 590 viri,
2015 552 2215 584 hauddubie

1233 595 1373 635 probent
1407 603 1448 625 ac
1483 593 1628 625 laudent.
1684 591 1913 625 Denunciatur
1939 602 1971 626 et
1995 596 2214 627 excommuni-

1233 637 1319 668 catio
1343 636 1524 678 ssagiciosis
1555 643 1587 668 et
1610 637 1893 677 contemptoribus
1918 645 2213 670 sacramentorum.

1232 679 1323 711 Haec
1346 680 1388 710 ita
1412 678 1508 717 fiunt,
1531 686 1563 710 et
1585 681 1677 710 iuxta
1699 678 1937 721 Euangelium‚
1960 686 1992 711 et
2013 681 2104 712 iuxta
2126 686 2214 712 vete-

1232 732 1287 754 res
1311 721 1485 760 Canones,
1516 722 1583 754 Sed
1619 728 1742 754 certum
1777 728 1904 763 tempus
1928 733 1995 754 non
2017 724 2215 765 praescribi-

1232 771 1297 802 tur,
1321 765 1397 806 quia
1419 775 1486 796 non
1509 775 1625 796 omnes
1649 765 1773 806 pariter
1795 765 1912 796 eodem
1935 770 2083 806 tempore
2105 766 2214 798 idonei

1233 813 1321 839 sunt.
1353 807 1418 839 lmo
1440 809 1467 839 si
1490 814 1669 840 accurrant
1692 807 1808 838 eodem
1827 813 1975 849 tempore
1998 818 2124 842 omnes,
2147 819 2213 840 non

1233 856 1373 892 possunt
1397 851 1512 881 ordine
1534 851 1657 888 audiri,
1686 857 1718 882 et
1740 851 1864 881 institui
1889 850 2050 882 homines.
2095 850 2137 882 Et
2159 861 2215 883 ve·

1234 900 1322 924 teres
1346 891 1502 924 Canones
1529 903 1569 924 ac
1598 893 1734 931 Patres,
1762 903 1829 924 non
1859 894 2065 925 constituunt
2089 899 2214 925 certum

1409 935 1549 966 Tantum
1583 936 1628 967 ita
1662 935 1739 967 dicit
1763 934 1890 967 Canon.
1942 936 1977 968 Si
2009 937 2063 978 qui
2093 937 2214 968 intrant

1234 977 1423 1010 Ecclesiam
1445 977 1527 1015 Dei,
1557 984 1589 1009 et
1618 978 1908 1019 deprehenduntur
1935 989 2102 1020 nunquam
2126 989 2213 1010 com-

1235 1021 1413 1058 municare,
1436 1020 1691 1058 admoneantur,
1714 1020 1810 1056 Quod
1833 1022 1860 1052 si
1880 1032 1945 1053 non
1963 1022 2218 1063 communicant,

1235 1065 1276 1095 ad
1304 1063 1543 1105 poenitenciam
1574 1063 1748 1094 accedant.
1795 1063 1830 1095 Si
1861 1065 2121 1102 communicant,
2150 1075 2218 1096 non

1234 1115 1366 1147 semper
1406 1107 1604 1144 abstineant,
1644 1105 1680 1137 Si
1721 1116 1787 1137 non
1820 1103 1977 1144 fecerint,
2017 1107 2217 1139 abstineant.

1235 1149 1388 1181 Christus
1421 1150 1465 1180 ait
1506 1147 1583 1180 illos
1617 1149 1679 1179 sibi
1714 1149 1866 1179 iudicium
1899 1149 2124 1188 manducare,
2163 1150 2219 1191 qui

1235 1193 1435 1224 manducant
1473 1192 1618 1235 indigne.
1682 1190 1760 1223 Ideo
1800 1197 1954 1232 pastores
1986 1201 2053 1223 non
2094 1198 2219 1234 cogunt

1234 1235 1311 1274 hos,
1325 1238 1378 1273 8⁰)
1417 1235 1471 1280 qui
1517 1245 1584 1266 non
1629 1240 1707 1266 sunt
1750 1235 1880 1273 idonei,
1926 1241 1961 1266 vt
2000 1236 2219 1266 sacramentis

1236 1283 1380 1310 vtantur.

1234 941 1375 976 tempus,

1322 1337 1374 1369 De
1404 1336 1661 1369 Enumeratione
1686 1344 1900 1379 peccatorum
1928 1337 1960 1368 in
1985 1335 2219 1376 Confessione,

1235 1382 1286 1412 sic
1308 1381 1470 1413 docentur
1492 1379 1662 1418 homines,
1686 1390 1727 1411 ne
1751 1379 1860 1422 laquei
1883 1380 2070 1422 inijciantur
2093 1381 2218 1412 consci-

1236 1424 1346 1465 entijs.
1402 1423 1510 1454 Etiam
1542 1425 1570 1455 si
1604 1423 1742 1464 prodest
1776 1423 1877 1455 rudes
1909 1421 2143 1461 assuefacere,
2183 1430 2218 1455 vt

1259 1467 1396 1498 uaedam
1430 1473 1640 1504 enumerent,
1686 1472 1720 1497 vt
1760 1467 1872 1497 doceri
1912 1464 2042 1498 facilius
2075 1467 2218 1507 possint.

1235 1509 1360 1541 Verum
1384 1509 1590 1550 disputamus
1613 1519 1720 1547 nunc,
1750 1509 1827 1550 quid
1843 1510 1896 1547 ⁸¹)
1924 1509 1966 1540 sit
1991 1510 2219 1541 necessarium

1234 1553 1305 1583 iure
1328 1553 1447 1584 diuino.
1493 1552 1568 1583 Non
1600 1552 1701 1594 igitur
1723 1551 1889 1583 debebant
1913 1552 2096 1592 aduersartj
2121 1553 2218 1583 nobis

1235 1594 1384 1636 allegare
1403 1595 1688 1626 constitucionem.
1724 1593 1839 1625 Omnis
1851 1594 2034 1636 vtriusque‚
2049 1595 2116 1632 Β“·)
2133 1604 2219 1636 quae

1234 1639 1332 1669 nobis
1362 1647 1428 1669 non
1459 1644 1511 1668 est
1541 1638 1674 1680 ignota,
1708 1637 1769 1668 sed
1802 1647 1843 1668 ex
1873 1637 1946 1668 lure
1975 1637 2088 1668 diuino
2110 1644 2219 1669 osten-

1235 1682 1332 1718 dere,
1363 1681 1451 1722 quod
1479 1680 1682 1712 enumeratio
1713 1687 1928 1721 peccatorum
1961 1680 2003 1711 sit
2027 1680 2221 1711 necessaria

1234 1724 1276 1755 ad
1300 1723 1568 1765 consequendam
1591 1723 1829 1754 remissionem.
1875 1721 1961 1754 Tota
1983 1721 2138 1754 Ecclesia
2158 1733 2220 1765 per

1235 1767 1422 1798 vniuersam
1447 1765 1614 1808 Europam
1644 1767 1728 1804 scit,
1761 1764 1879 1808 quales
1903 1763 2042 1808 laqueos
2071 1766 2220 1797 iniecerit

1235 1809 1450 1851 conscientijs
1479 1807 1537 1841 illa
1564 1807 1726 1850 particula
1752 1809 2022 1847 constitutionis,
2056 1819 2141 1850 quae
2170 1810 2216 1840 iu-

1234 1854 1289 1885 bet
1322 1853 1429 1883 omnia
1471 1859 1609 1893 peccata
1642 1851 1803 1884 confiteri.
1854 1851 1925 1883 Nec
1959 1857 2083 1883 tantum
2113 1851 2215 1883 habet

1233 1895 1431 1927 incommodi
1455 1901 1564 1927 textus
1587 1905 1646 1936 per
1668 1905 1723 1933 se,
1755 1901 1911 1936 quantum
1935 1902 2054 1935 postea
2076 1892 2215 1926 affinxe-

1232 1945 1307 1970 runt
1331 1938 1548 1975 Summistae,
1579 1938 1633 1979 qui
1657 1936 1817 1979 colligunt
1841 1938 2114 1969 circumstancias
2137 1948 2214 1978 pec-

1233 1988 1400 2020 catorum,
1428 1979 1543 2023 quales
1566 1981 1608 2012 ibi
1633 1980 1848 2022 Labyrinthi‚
1877 1986 1998 2021 quanta
2022 1980 2216 2012 carnificina

1232 2023 1291 2056 fuit
1315 2024 1510 2065 optimarum
1533 2025 1696 2054 mentium.
1745 2022 1828 2054 Nam
1852 2021 1944 2054 feros
1963 2028 1995 2054 et
2018 2023 2212 2065 prophanus

1231 2068 1296 2099 ista
1319 2065 1585 2099 terriculamenta
1609 2065 1687 2098 nihil
1712 2067 1900 2098 mouebant.

1318 2127 1439 2159 Postea
1478 2125 1594 2168 quales
1634 2127 1824 2167 tragoedias
1858 2126 2012 2157 excitauit
2045 2126 2211 2168 quaestio,

1232 2171 1273 2202 de
1306 2170 1440 2212 proprio
1474 2169 1650 2200 sacerdote
1684 2170 1769 2200 inter
1804 2169 1977 2207 Pastores,
2011 2174 2042 2200 et
2077 2167 2210 2207 fratres,

1255 2214 1286 2245 ui
1308 2220 1386 2245 tunc
1409 2213 1539 2245 minime
1561 2219 1654 2243 erant
1678 2211 1816 2251 fratres,
1847 2223 1920 2243 cum
1945 2212 1986 2243 de
2010 2222 2114 2254 regno
2136 2222 2213 2244 con·

1245 2257 1412 2288 essionum
1426 2257 1479 2292 ⁸²)
1515 2253 1806 2298 belligerabantur.
1872 2255 1941 2286 Nos
1979 2255 2078 2297 igitur
2112 2255 2213 2287 senti-

1232 2421 1278 2449 79)
1298 2419 1342 2453 dr]
1363 2420 1409 2444 Ed.
1431 2422 1469 2444 ⁴.:
1490 2424 1514 2443 et

1231 2463 1278 2494 80)
1299 2463 1360 2487 ideo
1380 2467 1495 2520 putten-s
1516 2470 1567 2487 nou
1587 2467 1683 2493 cogunt
1701 2460 1768 2494 hos.)
1787 2460 1879 2484 Non:
1900 2460 1962 2485 ideo
1988 2468 2040 2485 non
2061 2462 2167 2493 prodest
2184 2462 2210 2485 vi

1301 2505 1394 2528 rogere
1422 2505 1469 2525 ¹0⁵,

1231 2542 1276 2569 81)
1297 2542 1454 2571 disputamus
1474 2547 1557 2568 nnnc,
1576 2538 1649 2571 qnid]
1670 2539 1758 2562 Non:
1779 2539 1955 2569 ‹ii-putamus,
1974 2545 2040 2562 nune
2061 2539 2123 2570 qnid

1229 2585 1293 2614 ata)
1313 2585 1531 2606 constitutionem.
1569 2583 1660 2607 Omnis
1687 2581 1836 2613 vammum}
1866 2581 1911 2604 Ed.
1932 2581 1971 2605 &2
1997 2583 2209 2605 constitutionem

1299 2618 1403 2649 (Omnis
1423 2620 1567 2648 vuiuaquc)

1230 2662 1277 2692 81)
1297 2660 1497 2690 confusionum!
1519 2660 1565 2684 Ed.
1587 2661 1624 2684 ιι
1645 2659 1834 2683 conte-stonum
