2366 2958
140 178 205 210 625
492 177 530 209 ΙΙ.

135 266 186 303 tra
216 271 397 303 secundum
427 275 648 312 praeceptum.
706 270 847 302 Primum
883 271 969 302 enim
997 276 1111 302 contu-

135 313 233 346 melia
264 319 317 345 est
344 311 537 355 Euangelij‚
564 315 688 345 sentire
721 314 810 354 quod
841 313 1046 351 ceremonia,
1069 323 1111 344 ex

136 367 239 398 opere
275 362 430 397 operato,
463 356 534 386 sine
567 355 632 387 fide
665 356 707 386 sit
736 355 933 388 sacrificium
961 356 1110 387 reconci-

133 398 220 431 lians
250 399 369 437 Deum,
403 404 436 430 et
465 397 674 430 satisfaciens
702 408 763 439 pro
796 399 955 440 peccatis.
999 398 1111 430 Horri-

134 441 208 474 bilis
242 442 347 473 oratio
377 447 445 479 est,
480 442 671 472 tantundem
701 441 845 473 tribuere
877 441 969 483 operi
997 451 1110 472 sacer-

133 485 240 522 dotis,
275 490 432 525 quantum
466 484 562 515 morti
593 483 725 515 Christi.
776 483 904 515 Deinde
938 489 1110 524 peccatum

133 533 166 559 et
194 536 284 558 mors
311 537 377 558 non
405 533 549 567 possunt
577 527 663 558 vinci
691 527 754 558 nisi
782 527 848 558 fide
870 527 902 557 in
932 525 1110 564 Christum,

133 570 219 601 sicut
242 567 366 600 Paulus
390 570 506 607 docet,
529 569 697 601 lustificati
720 579 763 600 ex
784 568 849 600 fide
871 578 987 609 pacem
1011 569 1111 600 habe-

132 622 218 650 mus,
243 621 344 653 quare
365 623 431 643 non
455 619 565 654 potest
588 613 674 643 vinci
697 622 805 652 poena
826 611 1030 653 purgotarij,
1053 622 1110 653 ap-

131 654 310 696 plicatione
333 653 430 686 alieni
453 656 574 696 operis.

575 176 805 209 APOLOGIA
827 177 1143 210 CONFESSlONIS
1165 176 1482 211 AUGUSTANAE.
1525 178 1565 212 B.
1609 178 1800 213 ALTERA.

1135 569 1220 607 isit,
1255 578 1320 599 non
1352 568 1532 611 loquuntur
1560 572 1601 602 de
1635 571 1721 612 alijs.

2078 180 2144 213 626

1165 270 1348 311 Apostolis.
1399 271 1546 314 Apparet
1574 273 1674 315 igitur
1702 274 1854 305 Graecos
1880 279 2037 315 tanquam
2067 285 2141 316 gra-

1162 314 1278 345 tiarum
1312 315 1476 347 actionem
1511 314 1650 352 offerre,
1684 326 1751 346 non
1786 314 1951 357 applicare
1985 322 2141 359 tanquam

1162 354 1422 388 satisfactionem
1456 368 1516 398 pro
1552 359 1679 398 poeniS.
1731 357 1926 399 Quanquam
1964 359 2061 391 etiam
2092 358 2141 390 lo-

1162 405 1305 440 quuntur
1337 410 1404 431 non
1437 400 1478 431 de
1511 400 1585 432 sola
1619 400 1786 432 oblatione
1814 401 1965 442 corporis
2000 408 2032 432 et
2065 413 2141 433 san-

1161 442 1269 482 guinis
1303 441 1453 481 Domini,
1487 442 1555 474 Sed
1588 444 1629 475 de
1659 443 1795 485 reliquis
1823 443 1947 474 Missae
1980 446 2140 484 partibus,

1162 483 1317 515 videlicet
1341 485 1544 516 orationibus
1567 493 1597 517 et
1623 487 1799 527 gratiarum
1821 486 2015 518 actionibus.
2056 487 2140 518 Nam

1161 531 1237 567 post
1261 528 1542 559 consecrationem
1562 535 1754 569 precantur,
1779 534 1813 559 vt
1836 529 2040 560 sumentibus
2065 540 2139 570 pro-

1778 570 1908 602 Deinde
1944 572 2068 603 addunt
2097 573 2140 602 ἔτι

1162 611 1368 663 ξροςφέρομὲν
1404 623 1452 643 σοι
1480 612 1530 651 τήν
1568 613 1766 653 λογικήνέὼ)
1798 614 1905 652 ταύτην
1933 616 2142 652 nmmum)

1135 684 1138 693 ,
1163 657 1239 695 υπὲρ
1270 667 1329 685 των
1357 657 1387 685 ἐν
1414 659 1513 686 πίστει
1536 655 1790 695 ἀναπαυσαμένων
1812 657 2029 698 προπατόρων,
2053 661 2142 688 πατέ-

218 697 414 729 Omittemus
436 698 500 729 iam
523 696 635 739 qualia
649 696 792 728 habeant
813 696 998 736 aduersarij
1022 697 1110 728 testi·
1134 714 1138 734 ,›
1162 708 1236 736 ρων,
1260 698 1463 739 πατριαρχῶν,
1484 700 1657 739 προφητῶν,
1681 696 1855 730 ἀποστόλων
1878 705 1940 730 etc.
1974 701 2019 731 At
2043 699 2142 739 λογικὴ

131 740 241 771 monia
279 739 320 771 de
358 741 567 782 purgatorio,
608 737 724 781 quales
764 738 951 770 existiment
984 749 1109 779 poenas

130 792 207 813 esse
231 783 432 825 purgatorij,
460 781 576 824 quales
598 781 718 813 habeat
741 792 861 813 causas
885 782 1036 813 doctrina
1059 793 1110 813 sa-
1131 816 1136 826 ἑ

131 824 372 863 fisfacfionum,
403 835 500 867 quain
529 835 630 866 supra
659 825 861 855 ostendimus
896 825 1108 856 vanissimam

131 877 218 899 esse.
265 867 349 899 lllud
382 874 508 898 tantum
536 877 758 908 opponemus,
793 867 927 898 Certum
957 873 1007 898 est
1032 877 1107 899 coe-

130 921 205 942 nam
233 909 365 941 Domini
393 910 572 941 institutam
603 920 680 941 esse
713 915 849 951 propter
881 911 1108 941 remissionem

130 951 258 994 culpae.
303 951 408 983 Offert
430 953 515 983 enim
538 953 766 984 remissionem
794 960 1025 994 peccatorum,
1054 953 1108 984 vbi

129 1005 272 1027 necesse¹
294 1001 343 1026 est
365 1005 445 1026 vere
469 994 598 1036 culpam
622 995 818 1038 intelligere.
853 995 893 1026 Et
916 1001 1025 1027 tamen
1047 1007 1107 1037 pro

129 1036 226 1079 culpa
248 1047 314 1068 non
338 1036 518 1076 satisfacit,
542 1037 663 1079 alioqui
687 1038 793 1069 Missa
816 1044 907 1069 esset
929 1049 989 1080 par
1011 1039 1107 1069 morti

129 1080 264 1112 Christi.
310 1079 380 1111 Nec
408 1081 560 1111 remissio
590 1079 707 1122 culpae
735 1081 840 1122 accipi
867 1087 977 1121 potest
1000 1079 1108 1120 aliter,

128 1123 191 1154 nisi
223 1122 299 1154 fide.
350 1122 452 1165 lgitur
485 1123 591 1154 Missa
619 1134 686 1154 non
715 1129 766 1155 est
799 1123 1006 1162 satisfactio,
1040 1123 1107 1155 Sed

128 1166 304 1206 promissio
339 1172 372 1196 et
405 1172 651 1198 sacramentum
684 1167 855 1208 requirens
889 1166 997 1198 fidem.
1055 1166 1108 1198 Ac

154 1206 282 1239 rofecto
316 1218 457 1240 necesse
491 1215 542 1240 est
571 1219 685 1240 omnes
715 1211 787 1251 pios
811 1210 1026 1241 acerbissimo
1050 1209 1107 1240 do-

128 1219 200 1282 lbre
223 1249 329 1288 affici,
358 1252 386 1282 si
410 1252 555 1294 cogitent
578 1252 715 1283 Missam
739 1263 858 1294 magna
886 1261 928 1283 ex
949 1257 1043 1292 parte
1065 1252 1107 1283 ad

128 1300 278 1325 mortuos
302 1300 334 1325 et
357 1294 398 1324 ad
418 1292 664 1326 satisfactiones
688 1305 748 1336 pro
771 1295 886 1336 poenis
910 1293 1106 1325 translatam

129 1346 217 1374 esse,
240 1337 314 1368 Hoc
337 1343 399 1373 est,
423 1335 539 1369 tollere
561 1338 639 1379 iuge
661 1337 858 1369 sacrificium
883 1347 924 1368 ex
943 1336 1107 1375 Ecclesia,

127 1377 192 1410 hoc
215 1385 267 1410 est
285 1379 442 1410 Antiochi
464 1390 615 1421 regnum,
638 1381 692 1421 qui
711 1379 949 1411 saluberrimas
968 1380 1106 1421 promis-

126 1421 240 1453 siones
262 1421 303 1452 de
326 1422 521 1453 remissione
545 1421 678 1463 culpae,
711 1423 752 1453 de
775 1422 851 1459 fide,
874 1421 1041 1453 transtulit
1064 1422 1107 1453 ad

126 1464 325 1495 vanissimas
357 1465 530 1505 opiniones
560 1465 601 1496 de
623 1464 922 1502 satisfactionibus,
957 1465 1032 1496 Iloc
1055 1471 1106 1495 est

125 1505 342 1548 Euangelium
366 1508 609 1546 contaminare,
644 1517 856 1549 corrumpere
875 1517 971 1539 vsum
994 1517 1106 1538 sacra-

125 1554 319 1581 mentorum.
374 1549 416 1580 Hi
449 1557 526 1581 sunt
556 1561 641 1591 quos
671 1549 795 1582 Paulus
826 1550 906 1581 dixit
928 1560 1006 1581 reos
1030 1560 1107 1581 esse

127 1592 276 1632 corporis
301 1597 333 1622 et
355 1593 526 1634 sanguinis
547 1593 687 1632 Domini,
710 1593 765 1634 qui
787 1599 1025 1633 oppresserunt
1050 1593 1106 1623 do-

126 1635 265 1666 ctrinam
291 1634 332 1665 de
353 1633 434 1672 fide,
458 1640 490 1666 et
513 1635 742 1666 remissionem
765 1635 904 1676 culpae,
929 1641 961 1666 et
983 1645 1106 1676 corpus

126 1682 158 1708 et
181 1677 376 1719 sanguinem
390 1675 521 1709 Domini
545 1678 587 1709 ad
599 1677 799 1720 sacrilegum
818 1684 992 1720 quaestum
1012 1688 1107 1719 prae-

125 1726 217 1751 textu
246 1717 509 1752 satisfactionum
546 1719 767 1752 contulerunt.
820 1721 862 1752 Et
884 1720 981 1752 huius
1004 1721 1106 1752 sacri-

124 1763 199 1804 legij
235 1772 361 1804 poenas
395 1761 572 1804 aliquando
606 1764 750 1801 dabunt,
784 1763 895 1799 Quare
923 1763 1135 1801 cauendumf

124 1812 177 1836 est
207 1806 304 1836 nobis
333 1811 365 1836 et
388 1806 540 1837 omnibus
571 1806 634 1847 pijs
658 1807 894 1848 conscientijs,
922 1816 964 1837 ne
986 1816 1105 1847 appro-

126 1848 203 1879 bent
225 1847 494 1879 aduersariorum
517 1849 653 1879 abusus.

211 1890 278 1922 Sed
311 1891 486 1922 redeamus
520 1892 563 1923 ad
594 1902 739 1923 causam.
793 1891 876 1923 Cum
903 1890 1009 1923 Missa
1038 1902 1105 1923 non

124 1933 167 1964 sit
189 1931 395 1971 satisfactio,
424 1943 487 1965 nec
509 1944 570 1975 pro
592 1945 717 1976 poena,
750 1945 812 1966 nec
836 1944 896 1976 pro
919 1933 1034 1976 culpa,
1064 1944 1105 1966 ex

125 1985 227 2017 opere
261 1982 416 2016 operato,
451 1977 522 2008 sine
549 1977 630 2016 fide,
663 1977 819 2019 Sequitur
852 1976 1104 2018 applicationem

148 2028 186 2049 ro
219 2018 355 2049 mortuis
385 2018 533 2050 inutilem
567 2030 653 2051 esse.
697 2020 814 2062 Neque
847 2020 900 2051 hic
934 2030 1018 2061 opus
1053 2025 1105 2051 est

137 2061 276 2104 ongiore
300 2061 535 2101 disputacione.
572 2061 710 2094 Constat
732 2063 818 2094 enim
842 2063 930 2105 quod
953 2061 1029 2094 illae
1047 2073 1104 2104 ap-

123 2103 319 2145 plicationes
341 2114 402 2145 pro
426 2106 563 2136 mortuis
587 2104 679 2136 nulla
701 2104 845 2137 habeant
868 2116 907 2137 ex
931 2107 1103 2147 scripturis

124 2147 320 2179 testimonia.
372 2146 442 2178 Nec
473 2154 577 2179 tutum
606 2153 657 2178 est
686 2148 719 2179 in
742 2147 895 2180 Ecclesia
924 2148 1032 2181 cultus
1056 2149 1102 2179 in-

123 2190 278 2228 stituere,
312 2190 384 2220 sine
418 2191 591 2222 autoritate
623 2191 817 2232 scripturae.
868 2192 910 2224 Et
938 2192 1102 2233 siquando

122 2243 207 2274 opus
228 2234 289 2264 erit
312 2232 472 2273 prolixius
495 2233 536 2264 de
558 2238 627 2264 tota
650 2244 686 2264 re
709 2234 866 2266 dicemus.
911 2234 997 2271 Quid
1017 2235 1101 2265 enim

122 2286 210 2308 nunc
231 2277 375 2308 rixemur
404 2286 477 2307 cum
500 2276 702 2318 aduersarijs
731 2278 787 2318 qui
816 2287 924 2319 neque
947 2278 1023 2319 qu³d
1047 2288 1100 2308 sa-

123 2319 294 2358 crificium,
309 2319 362 2355 33)
385 2329 492 2361 neque
516 2319 592 2361 quid
615 2325 869 2358 sacramentum,
891 2330 999 2362 neque
1022 2320 1100 2362 quid

120 2362 273 2435 {emissio
301 2368 532 2403 peccatorum,
566 2372 675 2404 neque
709 2363 786 2404 quid
808 2363 849 2394 sit
872 2362 972 2400 fides,
1005 2363 1100 2395 intel-

134 2404 143 2436 i
169 2411 237 2436 unt.

145 2415 168 2447 g
208 2447 279 2479 Nec
303 2447 453 2479 Graecus
483 2446 599 2479 Canon
633 2446 779 2489 applicat
807 2446 1006 2480 oblationem
1029 2454 1098 2480 tan-

121 2500 218 2532 quam
252 2489 533 2529 satisfactionem,
572 2501 633 2532 pro
667 2490 818 2530 mortuis,
852 2492 927 2532 quia
954 2501 996 2533 ap
1021 2489 1099 2523 licat

122 2544 192 2565 eam
217 2533 341 2575 pariter
362 2534 466 2565 beatis
490 2534 642 2565 omnibus
667 2533 885 2572 Patriarchis,
911 2533 998 2576 Prop
1024 2535 1096 2573 etis,

122 2629 168 2659 88)
188 2627 360 2660 sacrificiumd
381 2628 428 2652 Ed.
449 2629 472 2652 3.
491 2632 541 2661 [γρ.
562 2636 624 2652 ern:
643 2627 795 2656 sacrificum¹

327 2686 474 2707 unt-ARTE.
489 2687 570 2707 ortu.
586 2687 649 2707 VOL,
663 2687 754 2706 xxvn.

1160 743 1281 781 λατρεία
1303 750 1369 771 non
1393 740 1558 782 significat
1579 742 1684 782 ipsam
1707 741 1860 779 hostiam,
1884 742 1952 773 Sed
1971 743 2140 774 orationes

1161 789 1194 814 et
1224 783 1332 814 omnia
1363 793 1447 825 quae
1474 784 1519 814 ibi
1546 791 1714 825 geruntur.
1767 783 1862 819 Quod
1891 795 1972 815 vero
1994 783 2141 827 allegant

1160 826 1342 867 aduersarij
1367 831 1479 866 patres
1504 826 1545 857 de
1568 826 1736 858 oblatione
1754 837 1813 867 pro
1832 827 1982 865 mortuis,
2007 828 2138 859 Scimus

1160 874 1293 899 veteres
1316 867 1407 909 loqui
1437 869 1478 900 de
1503 870 1652 900 oratioue
1680 879 1740 910 pro
1763 870 1920 906 mortuis,
1953 880 2049 910 quam
2075 880 2137 901 nos

1160 921 1227 942 non
1249 911 1474 952 prohibemus,
1497 912 1556 942 sed
1578 910 1832 953 applicationem
1857 922 1980 942 coenae
2004 911 2138 944 Domini

1161 964 1221 994 pro
1250 954 1404 992 mortuis,
1429 965 1469 985 ex
1491 964 1592 994 opere
1623 961 1760 995 operato
1784 955 2021 994 improbamus.
2066 956 2139 988 Nec

1160 997 1408 1037 patrocinantur
1430 997 1635 1037 aduersarijs
1659 1004 1790 1028 veteres
1816 998 1856 1027 «le
1875 1007 1975 1037 opere
1989 1005 2137 1038 operato.

1160 1038 1202 1070 Et
1226 1045 1260 1070 vt
1281 1040 1419 1071 maxime
1441 1039 1596 1081 Gregorij
1619 1046 1673 1071 aut
1702 1041 1923 1071 recentiorum
1954 1041 2139 1072 testimonia

1159 1081 1319 1119 habeant,
1355 1092 1417 1113 nos
1447 1082 1642 1123 opponimus
1673 1082 1896 1120 clarissimas,
1933 1087 1965 1113 et
1995 1084 2141 1115 certissi-

1159 1134 1230 1156 mas
1255 1125 1449 1166 scripturas.
1490 1125 1531 1156 Et
1549 1132 1678 1165 patrum
1696 1135 1816 1166 magna
1835 1123 2065 1156 dissimilitudo
2078 1132 2137 1158 est.

1160 1167 1316 1199 Homines
1345 1174 1437 1198 erant
1466 1173 1499 1198 et
1528 1166 1593 1199 labi
1619 1178 1660 1199 ac
1683 1168 1790 1209 decipi
1820 1173 1983 1208 poterant.
2029 1167 2139 1203 Quan-

1158 1220 1256 1251 quam
1283 1210 1313 1240 si
1342 1220 1429 1241 nunc
1459 1211 1695 1242 reuiuiscerent
1724 1221 1764 1241 ac
1787 1211 1937 1241 viderent
1967 1220 2027 1242 sua
2052 1211 2140 1243 dicta

1157 1253 1306 1293 praetexi
1334 1251 1510 1284 luculentis
1532 1252 1598 1284 illis
1625 1253 1808 1292 mendacijs
1831 1263 1915 1294 qnae
1939 1253 2061 1284 docent
2082 1254 2139 1285 ad-

1157 1295 1296 1336 uersarij
1320 1296 1361 1326 de
1391 1305 1493 1336 opere
1515 1302 1670 1337 operato,
1699 1294 1799 1337 longe
1822 1295 1918 1326 aliter
1946 1305 1984 1326 se
2006 1296 2068 1337 ipsi
2090 1297 2138 1327 in-

1158 1343 1426 1379 terpretarentur.

1244 1380 1347 1412 Falso
1383 1381 1479 1412 etiam
1512 1381 1614 1412 citant
1641 1380 1823 1422 aduersarij
1847 1386 1962 1411 contra
1991 1391 2055 1412 nos
2084 1382 2137 1413 da-

1158 1423 1356 1454 mnationem
1367 1423 1472 1465 Aerij,
1496 1433 1592 1465 quem
1617 1424 1729 1455 dicunt
1751 1429 1926 1464 propterea
1948 1423 2137 1456 damnatum

1158 1476 1247 1504 esse,
1271 1467 1360 1507 quod
1384 1467 1554 1507 negauerit
1574 1466 1607 1497 in
1630 1465 1735 1497 Missa
1759 1465 1959 1497 oblationem
1983 1466 2054 1498 fieri
2078 1477 2138 1508 pro

1158 1508 1242 1539 viuis
1268 1514 1299 1539 et
1327 1509 1474 1540 mortuis.
1520 1509 1630 1550 Saepe
1658 1509 1723 1541 hoc
1746 1507 1861 1540 colore
1884 1515 2033 1547 vtuntur,
2057 1509 2139 1541 alle-

1158 1557 1239 1593 gant
1262 1558 1395 1582 veteres
1418 1551 1587 1589 haereses,
1610 1557 1642 1583 et
1664 1562 1737 1583 cum
1761 1552 1811 1582 his
1835 1549 1922 1582 falso
1946 1558 2140 1593 comparant

1157 1600 1306 1625 nostram
1326 1605 1474 1632 causam,
1498 1601 1531 1624 vt
1550 1593 1607 1625 illa
1625 1593 1804 1626 collatione
1824 1602 2046 1636 praegrauent
2064 1605 2138 1626 nos.

1157 1635 1361 1678 Epiphanius
1385 1642 1525 1668 testatur
1548 1637 1684 1668 Aerium
1707 1637 1877 1674 sensisse,
1906 1637 1994 1677 quod
2017 1638 2138 1669 oratio-

1156 1689 1218 1711 nes
1240 1690 1301 1721 pro
1323 1680 1460 1711 mortuis
1484 1680 1550 1710 sint
1571 1679 1714 1711 inutiles.
1756 1679 1790 1710 ld
1816 1679 2038 1720 reprehendit.
2073 1680 2138 1712 Ne-

1158 1732 1220 1763 que
1251 1732 1313 1753 nos
1336 1722 1438 1753 Aerio
1462 1723 1725 1763 patrocinantur,
1752 1722 1813 1753 sed
1836 1722 2009 1754 vobiscum
2031 1721 2139 1764 litiga·

1157 1774 1246 1802 mus,
1274 1764 1329 1806 qui
1351 1764 1506 1796 haeresin
1535 1764 1708 1796 manifeste
1760 1771 1937 1807 ugnantem
1961 1776 2034 1796 cum
2057 1765 2137 1796 Pro-

1181 1807 1284 1845 hetis,
1309 1807 1502 1848 Apostolis,
1530 1813 1563 1838 et
1585 1807 1620 1838 S.
1639 1810 1691 1844 ⁹⁰)
1764 1808 1891 1838 atribus
1914 1806 2058 1839 sceleste
2081 1809 2137 1840 de-

1173 1850 1314 1888 enditis,
1349 1849 1520 1888 videlicet,
1554 1850 1643 1891 quod
1664 1849 1771 1880 Missa
1800 1860 1840 1881 ex
1869 1860 1970 1890 opere
1999 1858 2136 1892 operato

1158 1893 1331 1932 iustificet,
1373 1893 1462 1934 quod
1494 1899 1658 1924 mereatur
1690 1893 1919 1924 remissionem
1953 1892 2072 1934 culpae
2103 1899 2138 1925 et

1158 1945 1303 1976 poenae,
1338 1936 1435 1967 etiam
1464 1935 1610 1973 iniustis,
1638 1945 1698 1976 pro
1728 1935 1847 1976 quibus
1872 1934 2072 1976 applicatur,
2107 1937 2137 1968 si

1158 1988 1224 2009 non
1254 1980 1446 2019 ponant⁹¹)
1476 1978 1615 2009 obicem.
1670 1977 1741 2008 Hos
1773 1978 1979 2018 perniciosos
2003 1988 2135 2010 errores

1157 2021 1401 2063 improbamus,
1429 2021 1485 2062 qui
1506 2020 1621 2052 ledunt
1648 2019 1787 2062 gloriam
1810 2021 1977 2061 passionis
2001 2020 2134 2060 Christi,

1157 2070 1189 2095 et
1228 2064 1359 2105 penitus
1398 2064 1542 2095 obruunt
1580 2063 1764 2095 doctrinam
1799 2064 1840 2094 de
1881 2063 2011 2095 iusticia
2047 2064 2133 2096 fidei.

1157 2106 1278 2138 Similis
1305 2105 1364 2138 fuit
1386 2107 1560 2147 persuasio
1588 2106 1759 2147 impiorum
1783 2108 1814 2137 in
1839 2105 1930 2148 lege,
1955 2107 2044 2147 quod
2068 2118 2133 2139 me·

1155 2151 1375 2185 rerentur92)
1408 2150 1634 2180 remissionem
1663 2155 1895 2189 peccatorum,
1925 2158 1991 2179 non
2016 2151 2131 2191 gratiS,

1155 2202 1215 2233 per
1237 2192 1354 2231 fidem,
1377 2192 1436 2222 sed
1460 2202 1518 2233 per
1541 2191 1705 2223 sacrificia
1728 2202 1769 2222 ex
1793 2201 1894 2232 opere
1917 2199 2063 2233 operato.
2079 2194 2132 2230 ⁹³)

1154 2235 1268 2277 ltaque
1291 2236 1459 2278 augebant
1481 2233 1557 2266 illos
1581 2233 1688 2266 cultus
1712 2240 1743 2266 et
1767 2234 1949 2271 sacrificia,
1983 2235 2131 2266 institue-

1153 2347 1215 2379 88a)
1235 2344 1354 2380 λογικήν]
1373 2347 1422 2370 Ed.
1441 2348 1466 2370 4.
1486 2351 1536 2378 ryp.
1557 2354 1619 2370 ertu:
1637 2344 1748 2376 λοχαῆν

1153 2390 1198 2421 89)
1218 2388 1357 2423 λατρείαν]
1378 2390 1428 2413 Ed.
1448 2389 1472 2413 3.
1493 2393 1542 2421 typ.
1564 2397 1624 2412 erra:
1644 2386 1772 2420 λαπρείαν

1152 2433 1199 2464 90)
1218 2431 1258 2466 S.]
1278 2433 1357 2456 Editt.
1376 2433 1467 2456 2—4.:
1487 2432 1580 2455 sanctis

1151 2475 1198 2507 91)
1218 2474 1326 2507 ponant]
1347 2475 1395 2499 Ed.
1417 2476 1454 2499 3.:
1475 2477 1574 2505 ponunt

1151 2518 1197 2549 92)
1217 2517 1388 2550 mererentur]
1409 2517 1457 2541 Ed.
1477 2518 1500 2541 4.
1521 2520 1572 2548 typ.
1592 2524 1656 2540 ern:
1675 2521 1830 2540 merereutcr

1150 2561 1196 2592 93)
1216 2568 1267 2584 non
1287 2562 1382 2591 gratis,
1402 2568 1446 2591 per
1465 2559 1556 2588 fidem,
1574 2561 1618 2583 sed
1638 2567 1682 2590 per
1701 2559 1828 2583 sacrificia
1847 2567 1878 2583 ex
1899 2567 1976 2591 opere
1996 2559 2124 2594 opertum]

1218 2595 1298 2619 Editt.
1318 2596 1408 2618 2—4.:
1427 2601 1471 2624 per
1490 2594 1617 2618 sacrificia
1641 2601 1673 2617 ex
1697 2601 1776 2624 opere
1800 2598 1922 2625 operato,
1947 2602 1999 2618 nou
2025 2596 2123 2627 accipe-

1220 2634 1276 2652 rent
1295 2630 1374 2659 gratis
1394 2636 1439 2659 per
1457 2628 1542 2652 fidem.

1886 2681 1919 2704 40
