2366 2958
131 154 196 187 513
475 154 513 185 ll.

131 249 233 290 Atqui
255 257 318 279 nos
342 253 474 289 oportet
492 248 636 278 retinere
648 246 866 289 Euangelium
878 253 911 278 et
921 247 1106 278 doctrinam

131 292 173 323 de
184 291 405 332 promissione
416 296 553 331 propter
565 289 733 322 Christum
746 291 881 321 donata.
916 289 993 320 Non
1007 289 1106 330 igitur

129 333 297 376 litigamus
319 334 353 364 in
374 333 441 365 hoc
463 331 540 364 loco
563 333 604 364 de
626 344 730 374 parua
747 343 783 364 re
796 343 873 364 cum
885 331 1102 372 aduersariis,

130 377 207 408 Non
230 377 418 418 quaerimus
441 376 575 407 ociosas
600 375 812 409 subtilitates,
837 385 910 406 cum
930 373 1106 416 reprehen—

131 420 238 451 dimus
268 429 347 456 eos‚
383 418 472 459 quod
503 418 623 449 docent
657 419 756 449 witam
788 423 955 449 aeternam
988 416 1106 448 mereri

130 463 289 503 operibus
312 461 438 492 omissa
460 460 523 492 hac
548 460 612 491 fide
636 471 720 502 quae
744 458 962 502 apprehendit
984 459 1104 489 media-

130 511 237 536 torem
260 503 440 534 Christum.
485 503 569 534 Nam
603 504 643 534 de
676 502 740 534 hac
773 503 856 540 fide,
891 511 976 543 quae
999 502 1105 532 credit

133 548 230 578 nobis
264 545 397 577 Patrem
429 546 612 587 propicium
648 556 725 577 esse
755 550 892 587 propter
925 543 1105 581 Christum,

130 588 222 621 nulla
244 589 331 630 apud
354 587 577 619 scholasticos
602 587 734 630 syllaba
757 593 858 625 extat,
883 586 1014 627 Vbique
1033 596 1105 617 sen-

129 632 213 664 tiunt
236 632 323 673 quod
341 632 444 663 simus
464 631 602 672 accepti,
627 631 702 662 iusti
714 637 851 672 propter
863 639 965 670 opera
978 635 1103 667 nostra,

130 674 186 707 vel
208 685 251 706 ex
273 674 400 706 ratione
423 674 523 712 sacta,
545 672 599 705 vel
623 680 714 705 certe
737 672 825 704 facta
845 671 1025 703 inclinante
1046 670 1104 702 illa

129 716 317 755 dilectione,
342 718 382 747 de
405 727 471 758 qua
495 717 618 747 dicunt.
663 716 705 746 Et
727 721 835 746 tamen
859 715 981 746 habent
1005 724 1103 756 quae-

130 761 206 792 dam
229 760 328 798 dicta,
352 759 448 801 quasi
471 758 750 800 apophthegmata
773 764 921 788 veterum
939 763 1103 795 autorum,

129 813 215 845 quae
238 803 422 842 deprauant
444 802 699 842 interpretando.
752 801 895 832 lactatur
919 801 951 831 in
975 798 1103 832 scholis

129 846 220 888 quod
242 846 329 876 bona
347 854 447 885 opera
459 843 614 885 placeant
625 849 761 884 propter
774 843 926 885 gratiam,
950 842 991 873 Et
1014 842 1103 884 quod

130 888 173 919 sit
207 887 439 919 confidendum
472 887 599 929 gratiae
629 886 703 917 Dei.
755 887 818 917 Hic
847 886 1103 927 interpretantur

129 931 270 974 gratiam
298 930 446 961 habitum
475 939 539 970 quo
570 939 633 960 nos
663 927 828 970 diligimus
851 928 976 965 Deum,
1007 928 1103 969 quasi

128 983 208 1005 vero
231 972 395 1005 voluerint
418 972 529 1003 dicere
550 979 694 1009 veteres,
718 972 807 1012 quod
830 971 1010 1002 debeamus
1024 981 1102 1002 con-

126 1015 231 1047 fidere
242 1021 358 1047 nostra
370 1013 556 1053 dilectione,
579 1024 666 1056 quae
684 1025 781 1056 quam
794 1015 837 1045 sit
849 1015 980 1055 exigua,
1005 1023 1102 1054 quam

126 1059 170 1090 sit
181 1059 359 1095 immunda,
373 1064 462 1088 certe
475 1058 670 1098 experimur.
701 1057 896 1098 Quanquam
910 1057 973 1087 hoc
986 1057 1102 1088 mirum

126 1107 190 1140 est,
214 1101 379 1142 quomodo
403 1101 457 1131 isti
480 1101 613 1131 iubeant
632 1099 800 1131 confidere
813 1098 999 1139 dilectione,
1024 1109 1101 1130 cum

127 1143 287 1181 doceant,
321 1143 444 1174 nesciri
472 1148 579 1173 vtrum
607 1143 706 1180 assit,
741 1142 809 1174 Cur
837 1152 903 1172 non
932 1147 1102 1182 exponunt

127 1186 283 1228 gratiam,
312 1185 574 1217 misericordiam
596 1185 661 1216 Dei
684 1196 765 1227 erga
787 1194 860 1216 nos.
906 1184 947 1215 Et
971 1185 1100 1226 quoties

126 1229 248 1261 mentio
271 1229 368 1260 huius
393 1228 440 1265 fit,
463 1228 586 1260 addere
599 1229 773 1269 oportebat
786 1227 892 1259 fidem.
928 1227 1004 1258 Non
1015 1227 1101 1258 enim

125 1271 386 1313 apprehenditur
407 1271 469 1301 nisi
493 1270 558 1302 fide
579 1272 755 1312 promissio
767 1270 1026 1307 misericordiae,
1049 1279 1100 1300 re-

127 1313 384 1352 conciliationis,
415 1312 601 1345 dilectionis
632 1314 695 1345 Dei
722 1323 803 1355 erga
832 1323 904 1343 nos.
951 1312 986 1343 ln
1013 1312 1100 1343 hanc

123 1357 320 1388 sententiam
342 1361 435 1387 recte
458 1357 616 1394 dicerent,
641 1356 872 1388 confidendum
891 1364 969 1386 esse
980 1356 1099 1396 gratia,

123 1398 258 1441 placere
272 1400 358 1430 bona
370 1407 473 1439 opera
485 1404 620 1440 propter
642 1400 795 1441 gratiam,
820 1408 894 1429 cum
917 1397 1000 1428 fides
1024 1407 1099 1439 gra-

123 1442 202 1473 tiam
224 1441 450 1483 apprehendit.
486 1441 632 1473 lactatur
655 1447 687 1472 et
709 1441 774 1473 hoc
795 1441 828 1472 in
847 1439 974 1472 scholis
985 1440 1100 1471 valere

123 1485 214 1516 bona
236 1494 339 1525 opera
360 1490 477 1515 nostra
498 1484 617 1516 virtute
636 1484 804 1525 passionis
823 1482 958 1515 Christi.
994 1482 1099 1514 Recte

123 1527 258 1566 dicitur,
292 1526 359 1558 Sed
395 1537 453 1560 cur
485 1537 555 1558 non
587 1528 712 1558 addunt
742 1527 784 1558 de
813 1526 889 1557 fide.
944 1524 1099 1557 Christus

123 1570 211 1602 enim
223 1576 275 1601 est
286 1570 492 1611 propiciatio,
515 1575 551 1600 vt
573 1569 698 1601 Paulus
721 1570 777 1608 ait,
800 1579 859 1610 per
882 1568 992 1607 fidem,
1014 1567 1098 1600 Cum

122 1613 189 1644 fide
221 1613 394 1654 eriguntur
426 1613 567 1653 pauidae
601 1613 844 1650 conscientiae,
879 1617 912 1643 et
945 1611 1099 1642 senciunt

122 1661 262 1697 peccata
284 1660 401 1686 nostra
424 1654 534 1686 deleta
557 1664 636 1686 esse
658 1661 765 1686 morte
788 1654 923 1693 Christi,
945 1660 978 1686 et
990 1653 1099 1686 Deum

122 1698 220 1729 nobis
243 1696 494 1729 reconciliatum
518 1707 595 1729 esse
606 1703 743 1739 propter
754 1697 950 1739 passionem
962 1696 1098 1735 Christi,

122 1745 190 1772 tum
211 1750 293 1772 vero
315 1741 453 1781 prodest
476 1741 572 1772 nobis
595 1742 710 1782 passio
734 1740 865 1772 Christi.
912 1740 947 1771 Si
973 1741 1098 1771 omitta-

122 1788 176 1815 tur
199 1782 350 1814 doctrina
373 1783 414 1814 de
443 1783 525 1821 fide,
555 1781 679 1815 frustra
708 1783 826 1815 dicitur
853 1793 957 1824 opera
985 1781 1099 1814 valere

123 1826 243 1857 virtute
266 1826 435 1867 passionis
459 1825 594 1858 Christi.
636 1826 678 1857 Et
698 1825 896 1868 plaerasque
918 1824 1003 1857 alias
1027 1835 1098 1856 sen-

122 1869 251 1900 tencias
275 1875 489 1910 corrumpunt
511 1869 543 1899 in
569 1868 708 1907 scholis,
732 1875 909 1910 propterea
933 1869 1009 1910 quia
1031 1878 1099 1899 non

123 1912 257 1942 tradunt
279 1912 441 1943 iusticiam
464 1912 558 1950 fidei,
586 1918 619 1944 et
642 1912 740 1943 fidem
762 1911 950 1954 intelligunt
972 1916 1099 1942 tantum

123 1954 277 1985 noticiam
301 1954 478 1993 historiae,
505 1964 566 1986 seu
589 1955 796 1997 dogmatum,
826 1965 892 1985 non
917 1953 1100 1995 intelligunt

125 1996 213 2028 hanc
235 1997 386 2028 virtutem
408 2007 496 2035 esse,
519 2008 605 2038 quae
617 1997 1100 2039 apprehenditpromissionem

126 2039 253 2082 gratiae
277 2045 309 2070 et
331 2040 500 2078 iusticiae,
530 2050 615 2081 quae
644 2041 790 2073 viuificat
814 2041 916 2072 corda
937 2041 971 2071 in
994 2046 1100 2071 terro-

125 2083 216 2113 ribus
240 2083 372 2123 peccati
395 2088 426 2113 et
449 2084 577 2114 mortis.
613 2082 696 2115 Cum
706 2083 833 2116 Paulus
850 2084 966 2125 inquit,
990 2082 1099 2114 Corde

126 2125 272 2157 creditur
286 2125 327 2155 ad
339 2126 513 2163 iusticiam,
536 2126 604 2157 Ore
628 2126 665 2156 fit
687 2125 855 2158 confessio
879 2127 922 2157 ad
944 2124 1099 2157 salutem.

125 2167 187 2199 Hic
210 2167 306 2199 fateri
329 2168 542 2200 aduersarios
567 2169 804 2208 existimamus,
826 2169 914 2211 quod
929 2167 1098 2200 confessio

125 2220 167 2242 ex
192 2220 295 2252 opere
323 2218 461 2251 operato
491 2221 558 2242 non
593 2211 749 2243 iustificet
780 2218 837 2243 aut
868 2210 995 2250 sehet,
1030 2211 1098 2243 Sed

124 2259 251 2285 tantum
274 2259 410 2294 propter
433 2253 528 2285 fidem
553 2255 683 2291 cordis,
710 2253 751 2285 Et
775 2253 899 2286 Paulus
922 2256 970 2285 sic
994 2253 1098 2296 loqui‹

125 2302 189 2334 tur,
212 2297 302 2338 quod
326 2294 495 2328 consessio
518 2295 638 2335 saluet,
661 2304 696 2328 vt
717 2298 871 2329 ostendat
893 2297 1001 2339 qualis
1015 2297 1098 2329 fides

126 2345 348 2380 consequatur
372 2340 471 2370 vitam
495 2347 682 2378 aeternam,
710 2350 828 2380 nempe
856 2339 950 2372 firma
973 2346 1006 2372 et
1027 2339 1098 2372 effi-

126 2391 188 2413 cax
211 2381 306 2413 fides.
351 2381 429 2414 Non
453 2389 504 2414 est
527 2390 637 2414 autem
665 2383 759 2414 firma
789 2383 888 2421 fideS‚
917 2393 1003 2425 quae
1031 2393 1098 2414 non

126 2425 272 2455 ostendit
310 2434 348 2455 se
385 2425 417 2456 in
458 2426 680 2458 consessione.
749 2425 807 2457 Sic
843 2432 972 2457 caetera
1009 2427 1098 2457 bona

126 2476 228 2507 opera
261 2466 393 2508 placent
423 2475 561 2509 propter
593 2468 708 2507 fidem,
743 2469 828 2500 sicut
861 2474 894 2499 et
929 2469 1097 2500 orationes

126 2508 300 2541 Ecclesiae
329 2516 466 2551 rogant,
499 2518 534 2542 vt
568 2512 675 2542 omnia
705 2512 770 2542 sint
798 2516 935 2552 accepta
963 2517 1098 2552 propter

127 2551 305 2583 Christum.
361 2553 444 2584 ltem
471 2560 585 2595 petunt
615 2556 724 2585 omnia
754 2560 889 2595 propter
920 2552 1097 2586 Christum.

126 2593 266 2626 Constat
289 2595 374 2626 enim
397 2605 528 2638 semper
550 2597 583 2628 in
607 2596 671 2628 fine
683 2598 909 2638 precationum
921 2597 998 2628 addi
1012 2597 1098 2629 hanc

330 2662 477 2685 flamm.
491 2664 573 2686 orm.
587 2664 650 2685 VOL.
665 2664 755 2686 xxva.

557 152 785 187 APOLOGIA
810 152 1130 186 CONFESSIONlS
1153 151 1468 186 AUGUSTANAE.
1513 150 1551 183 B.
1602 150 1792 183 ALTERA.

2073 151 2140 184 514

1160 243 1356 283 clausulam,
1379 255 1439 287 pei·
1463 245 1632 277 Christum
1653 244 1829 276 Dominum
1852 251 2010 276 nostrum.
2055 245 2134 276 ldeo

1159 286 1386 319 concludimus
1410 288 1500 329 quod
1523 288 1588 319 fide
1610 287 1835 322 iustificemur‚
1858 298 1970 318 coram
1990 286 2063 318 Deo
2086 298 2134 318 re-

1159 329 1372 362 conciliemur
1395 329 1487 368 Deo,
1515 336 1545 362 et
1569 340 1820 373 regeneremur,
1849 340 1932 372 quae
1960 330 1992 360 in
2022 331 2134 370 poeni-

1158 373 1261 403 tentia
1288 372 1507 413 apprehendit
1533 373 1788 414 promissionem
1819 373 1961 415 gratiae,
1993 378 2026 402 et
2056 382 2135 403 vere

1158 414 1304 446 viuificat
1324 416 1528 456 perterritam
1553 421 1704 453 mentem,
1729 426 1769 448 ac
1788 416 1915 453 statuit,
1939 415 2028 456 quod
2041 414 2134 446 Deus

1159 457 1202 487 sit
1232 457 1328 488 nobis
1358 456 1510 498 placatus
1539 469 1579 489 ac
1606 459 1774 499 propicius
1797 463 1933 500 propter
1956 457 2132 489 Christum.

1159 498 1200 530 Et
1222 499 1287 530 hac
1311 499 1392 538 fide,
1415 501 1460 531 ait
1483 501 1619 538 Petrus,
1649 511 1711 531 nos
1735 501 1892 532 custodiri
1916 501 1957 531 ad
1981 498 2132 538 salutem,

1159 551 1244 583 quae
1272 542 1487 574 reuelabitur.
1532 543 1635 574 Huius
1664 543 1739 574 fidei
1770 544 1913 585 cognitio
1938 542 2132 574 Christianis

1158 585 1351 616 necessaria
1375 591 1442 623 est,
1475 591 1505 616 et
1530 586 1725 617 vberrimam
1749 586 1844 617 affert
1869 585 2132 617 consolationem

1157 628 1189 658 in
1213 628 1364 659 omnibus
1388 627 1635 665 afflictionibuS‚
1660 628 1699 659 Et
1723 627 1867 660 officium
1887 628 2012 660 Christi
2036 628 2132 659 nobis

1156 671 1318 709 ostendit,
1345 671 1422 712 quia
1450 670 1504 701 isti
1533 671 1588 712 qui
1611 677 1734 712 negant
1757 671 1907 702 homines
1930 671 1996 702 fide
2019 671 2133 702 iustiti-

1156 714 1242 751 cari,
1271 719 1395 754 negant
1417 712 1586 745 Christum
1616 715 1828 745 mediatorem
1857 724 1936 745 esse
1959 725 1998 745 ac
2022 714 2132 754 propi-

1159 756 1328 793 ciatorem,
1354 761 1479 798 negant
1500 756 1752 797 promissionem
1778 757 1904 797 gratiae
1927 763 1957 787 et
1980 756 2132 798 Euange-

1155 797 1244 829 lium.
1290 797 1429 830 Tantum
1452 799 1573 830 docent
1595 805 1651 830 aut
1679 799 1863 830 doctrinam
1891 800 2045 836 rationis,
2075 805 2132 831 aut

1156 840 1252 882 legis,
1275 841 1316 872 de
1338 842 1581 873 iustificatione.
1629 841 1700 872 Nos
1724 848 1878 882 quantum
1901 841 1955 872 hic
1978 843 2047 872 tieri
2070 851 2130 883 po-

1156 885 1229 922 tuit,
1253 885 1457 915 ostendimus
1470 883 1580 915 fontes
1592 883 1689 915 huius
1703 894 1835 922 causae,
1858 892 1890 916 et
1913 885 2129 925 exposuimus

1155 936 1212 964 ea,
1237 936 1322 967 quae
1345 926 1528 967 aduersarij
1554 926 1728 968 obijciunt,
1761 926 1854 961 Quae
1877 927 2006 968 quidem
2031 925 2130 958 facite

1155 969 1382 1011 dijudicabunt
1401 970 1479 1001 boni
1491 971 1564 1008 viri,
1589 970 1616 1000 si
1640 969 1833 1011 cogitabunt
1857 970 1986 1011 quoties
2009 970 2129 1001 citatur

1155 1011 1250 1043 locus
1274 1013 1316 1043 de
1338 1011 1532 1050 dilectione,
1555 1018 1611 1043 aut
1635 1013 1808 1054 operibus,
1837 1011 1945 1053 legem
1967 1022 2034 1043 non
2058 1012 2129 1043 fieri

1154 1056 1226 1086 sine
1249 1054 1399 1094 Christo,
1429 1065 1492 1086 nec
1516 1065 1576 1086 nos
1601 1065 1643 1086 ex
1665 1054 1759 1097 lege,
1782 1054 1842 1086 sed
1866 1065 1907 1086 ex
1930 1054 2128 1096 Euangelio,

1153 1096 1219 1129 hoc
1242 1103 1305 1135 est,
1328 1098 1548 1139 promissione
1571 1098 1708 1140 gratiae,
1731 1099 1764 1128 in
1784 1097 1917 1129 Christo
1941 1099 2129 1139 promissae

1153 1140 1334 1172 iustificari.
1393 1140 1434 1171 Et
1468 1150 1642 1184 speramus
1673 1140 1778 1178 hanc,
1814 1141 1964 1181 quamuis
1996 1141 2130 1172 breuem

1153 1184 1428 1224 disputacionem,
1450 1184 1547 1214 bonis
1571 1184 1650 1214 viris
1673 1185 1715 1214 ad
1739 1183 1999 1214 confirmandam
2020 1184 2128 1222 iidem,

1153 1226 1196 1257 ad
1219 1226 1403 1257 docendam
1428 1231 1461 1256 et
1484 1225 1723 1257 consolandam
1746 1226 1993 1261 conscientiam,
2017 1225 2129 1257 vtilem

1153 1267 1296 1300 suturam
1320 1278 1408 1299 esse.
1449 1268 1581 1300 Scimus
1605 1269 1691 1299 enim
1715 1278 1754 1300 ea
1777 1278 1862 1309 quae
1886 1269 2026 1300 diximus
2050 1279 2129 1300 con-

1153 1318 1316 1342 sentanea
1339 1321 1415 1342 esse
1437 1312 1611 1352 scripturis
1632 1311 1840 1352 Propheticis
1860 1319 1893 1342 et
1911 1310 2129 1352 ApostoliciS,

1152 1354 1278 1385 sanctis
1300 1353 1468 1393 Patribus,
1490 1355 1684 1392 Ambrosio,
1706 1354 1912 1395 Augustino,
1937 1360 1971 1385 et
1992 1353 2129 1395 plaeris-

1152 1406 1217 1438 que
1235 1395 1322 1438 alijs,
1347 1403 1380 1428 et
1397 1397 1572 1428 vniuersae
1584 1395 1759 1428 Ecclesiae
1771 1396 1908 1435 Christi,
1930 1407 2016 1439 quae
2040 1402 2130 1429 certe

1152 1438 1326 1471 confitetur
1338 1439 1505 1471 Christum
1518 1449 1595 1471 esse
1618 1440 1886 1481 propiciatorem,
1911 1446 1944 1471 et
1967 1440 2128 1471 iustifica-

1150 1488 1267 1513 torem.
1312 1482 1384 1513 Nec
1411 1483 1523 1514 statim
1552 1483 1755 1514 censendum
1785 1488 1835 1514 est
1858 1482 2040 1514 Romanam
2064 1482 2127 1514 Ec-

1152 1524 1288 1557 clesiam
1321 1525 1463 1563 sentire,
1498 1525 1656 1567 quidquid
1689 1525 1798 1566 Papa,
1831 1532 1887 1557 aut
1921 1524 2128 1564 Cardinales,

1150 1574 1208 1600 aut
1235 1567 1409 1609 Episcopi,
1443 1573 1500 1599 aut
1529 1567 1691 1610 Theologi
1726 1569 1858 1610 quidam
1887 1574 1944 1600 aut
1971 1567 2128 1600 Monachi

1149 1611 1303 1652 probant.
1357 1610 1499 1643 Constat
1528 1611 1611 1643 enim
1641 1611 1859 1643 Pontificibus
1888 1612 1994 1654 magis
2026 1622 2128 1643 curae

1151 1663 1228 1685 esse
1250 1654 1507 1686 dominationem
1530 1664 1625 1686 suam
1648 1664 1747 1696 quam
1759 1653 1977 1696 Euangelium
1990 1654 2127 1693 Christi,

1151 1696 1193 1727 Et
1216 1695 1417 1739 plaerosque
1441 1703 1644 1738 compertum
1657 1704 1709 1729 est
1722 1695 1829 1738 palam
1842 1697 2025 1738 Epicureos
2039 1707 2127 1736 esse,

1151 1738 1344 1781 Theologos
1366 1745 1499 1772 constat
1517 1738 1613 1781 plura
1625 1749 1668 1771 ex
1680 1739 1897 1781 Philosophia
1909 1740 2129 1772 admiscuisse

1152 1782 1324 1814 doctrinae
1346 1781 1567 1820 Christianae,
1593 1793 1693 1824 quam
1715 1783 1798 1814 satis
1821 1789 1902 1815 erat.
1944 1784 2015 1815 Nec
2038 1789 2128 1815 auto-

1151 1825 1232 1856 ritas
1255 1824 1373 1856 horum
1397 1826 1501 1856 videri
1524 1826 1623 1857 debet
1647 1832 1752 1864 tanta,
1775 1832 1810 1856 vt
1823 1836 1986 1868 nusquam
1999 1827 2128 1857 dissen—

1152 1868 1213 1899 tire
1245 1878 1266 1899 a
1299 1868 1578 1909 disputationibus
1612 1878 1725 1900 eorum
1763 1867 1880 1907 liceat,
1921 1879 1995 1901 cum
2035 1868 2129 1901 multi

1151 1910 1317 1942 manifesti
1347 1920 1480 1942 errores
1508 1911 1597 1952 apud
1624 1921 1683 1942 eos
1713 1912 1936 1952 reperiantur,
1971 1917 2005 1943 vt
2039 1912 2129 1954 quod

1151 1954 1319 1996 possimus
1344 1963 1384 1985 ex
1407 1954 1499 1995 puris
1521 1953 1730 1986 naturalibus
1752 1954 1860 1986 Deum
1888 1964 1988 1996 super
2018 1956 2127 1986 omnia

1155 1995 1303 2039 diligere.
1338 1996 1412 2028 Hoc
1435 1993 1572 2039 dog-ma¹
1580 1998 1708 2038 peperit
1731 1995 1814 2028 alios
1839 2007 1972 2029 errores
1993 1996 2127 2036 multos,

1153 2051 1228 2072 cum
1251 2040 1295 2071 sit
1317 2038 1491 2071 manifeste
1513 2037 1645 2071 falsum.
1679 2038 1875 2072 Reclamant
1899 2042 1983 2071 enim
2005 2041 2128 2082 vbique

1152 2083 1347 2123 scripturae,
1371 2083 1477 2113 sancti
1492 2081 1622 2121 Patres,
1646 2089 1677 2114 et
1701 2084 1845 2114 omnium
1857 2083 1984 2125 piorum
1996 2084 2126 2115 iudicia.

1152 2125 1264 2167 ltaque
1287 2125 1416 2157 etiamsi
1439 2126 1471 2156 in
1495 2124 1651 2157 Ecclesia
1674 2125 1874 2164 Pontifices,
1897 2133 1953 2157 aut
1976 2125 2125 2158 nonnulli

1151 2167 1326 2210 Theologi,
1350 2179 1390 2200 ac
1413 2168 1569 2199 Monachi
1593 2169 1776 2200 docuerunt
1799 2170 2028 2200 remissionem
2052 2179 2126 2210 pec—

1153 2217 1314 2250 catorum,
1335 2211 1474 2252 gratiam
1497 2216 1528 2242 et
1550 2211 1712 2243 iusticiam
1734 2221 1794 2252 per
1816 2218 1931 2243 nostra
1956 2221 2069 2252 opera,
2093 2218 2126 2243 et

1150 2264 1258 2286 nouos
1289 2253 1399 2286 cultus
1426 2264 1602 2296 quaerere,
1633 2255 1687 2295 qui
1717 2256 1980 2286 obscurauerunt
2003 2254 2126 2286 Christi

1152 2295 1316 2335 officium,
1339 2303 1372 2328 et
1395 2307 1436 2329 ex
1459 2296 1594 2328 Christo
1616 2307 1685 2328 non
1707 2298 1958 2338 propiciatorem
1981 2303 2015 2328 et
2036 2297 2125 2329 iusti-

1151 2341 1330 2374 ficatorem,
1353 2341 1413 2371 sed
1437 2345 1562 2371 tantum
1583 2339 1810 2383 legislatorem
1823 2339 1983 2378 fecerunt,
2005 2340 2126 2372 mansit

1150 2390 1260 2416 tamen
1283 2383 1371 2424 apud
1391 2381 1524 2424 aliquos
1554 2383 1627 2424 pios
1650 2393 1783 2423 semper
1807 2383 1950 2424 cognitio
1975 2381 2123 2415 Christti.

1150 2426 1258 2458 Porro
1282 2427 1448 2467 scriptura
1470 2427 1631 2466 praedixit
1653 2424 1726 2457 fore
1746 2432 1780 2456 vt
1798 2425 1928 2457 iusticia
1948 2424 2037 2464 fidei,
2058 2425 2125 2458 hoe

1151 2470 1249 2501 modo
1268 2470 1505 2501 obscuraretur
1522 2479 1583 2509 per
1601 2469 1792 2499 traditiones
1811 2469 1989 2506 humarum,
2012 2474 2045 2500 et
2067 2470 2125 2500 do-

1151 2513 1287 2544 ctrinam
1310 2522 1459 2553 operum,
1483 2511 1576 2543 Sicut
1596 2511 1718 2542 Paulus
1742 2521 1843 2551 saepe
1866 2511 2024 2552 queritur,
2046 2517 2124 2543 tunc

1151 2565 1283 2597 quoque
1306 2554 1421 2592 fuisse,
1444 2555 1500 2596 qui
1522 2564 1582 2595 pro
1605 2554 1734 2586 iusticia
1758 2553 1853 2591 fidei,
1876 2554 2042 2585 docebant
2065 2554 2122 2585 ho-

1151 2600 1256 2629 mines
1279 2608 1339 2639 per
1365 2607 1466 2638 opera
1493 2597 1627 2638 propria
1655 2603 1688 2628 et
1715 2597 1869 2638 proprios
1899 2595 2028 2636 cultus,
2057 2607 2123 2629 non

1886 2657 1918 2681 33
