2366 2958
149 167 216 201 585
501 167 540 199 ll.

582 166 812 200 APOLOGIA
835 166 1154 200 CONFESstole
1175 167 1490 201 AUGUSTANAE.
1534 168 1574 201 B.
1619 169 1810 202 ALTERA.

2091 172 2156 205 586

151 260 298 293 sceleste
320 262 439 293 obruta
466 267 519 292 est
541 261 583 292 ab
606 261 696 300 istis,
721 262 777 304 qui
799 261 1048 293 somniauerunt
1069 259 1128 291 ho·
1149 268 1158 303 γ
1180 262 1328 293 cessaria
1350 269 1416 300 est,
1450 269 1483 295 et
1511 262 1688 305 amplificat
1716 263 1856 306 gloriam
1881 264 2021 303 Christi,
2054 264 2154 297 facilc

150 305 256 337 mines
278 303 345 346 legi
369 303 431 335 Dei
462 304 598 335 obedire
620 314 721 345 posse
748 305 821 336 sine
851 304 968 345 spiritu
997 308 1129 340 sancto,

151 348 225 379 dari
246 354 354 378 autem
377 347 526 388 spiritum
549 353 713 387 sanetum,
737 353 771 379 vt
793 347 932 379 accedat
955 350 1128 386 respectus

151 390 318 432 meritorij.

239 431 424 464 Articulum
452 430 542 463 xlx.
572 432 733 474 recipiunt
764 431 967 472 aduersarij,
998 430 1032 461 in
1061 439 1128 472 quo

151 476 366 512 confitemur,
397 475 485 516 quod
509 475 572 505 etsi
601 485 687 506 vnus
715 485 755 506 ac
778 474 873 506 solus
897 473 991 505 Deus
1015 473 1128 504 condi·

151 518 235 549 derit
260 518 447 549 vniuersam
471 523 631 552 naturam,
656 524 688 549 et
711 523 888 549 conseruet
911 516 1018 547 omnia
1043 525 1128 556 quae

151 562 315 597 existunt,
345 565 452 591 tamen
477 571 581 592 causa
608 561 734 601 peccati
757 561 799 592 sit
828 558 983 590 voluntas
1007 559 1038 589 in
1061 558 1128 589 dia-

150 603 230 635 bolo
249 609 281 635 et
303 601 490 634 hominibus
515 610 669 634 auertens
692 613 730 634 se
748 613 768 634 a
787 602 875 640 Deo,
897 603 987 633 iuxta
1005 601 1127 632 dictum

151 645 286 684 Christi,
308 645 350 677 de
372 644 518 677 diabole.
564 646 647 678 Cum
670 644 814 687 loquitur
836 645 1061 682 mendacium,
1086 653 1128 675 ex

150 689 294 731 proprijs
317 687 471 730 loquitur.

237 731 273 763 ln
302 731 454 763 Articulo
486 730 559 762 XX.
590 731 712 762 diserte
746 735 873 771 ponunt
900 729 985 761 haec
1013 729 1127 767 verba,

150 775 239 816 quod
280 775 432 814 reijciant
465 780 497 805 et
535 774 722 814 improbent
754 773 820 804 hoc
854 773 943 814 quod
977 772 1153 810 dicimus„

150 818 239 858 quod
262 828 328 848 non
358 822 544 848 mereantur
573 816 725 846 homines
753 816 980 847 remissionem
1008 824 1127 855 pecca·
1150 845 1152 856 ¹,

1153 327 1156 361 i

1153 364 1156 376 l

1150 762 1153 787 Ι

1150 816 1153 832 1

149 866 255 891 torum
280 860 376 891 bonis
399 859 565 900 operibus.
599 858 694 889 Hunc
717 857 891 889 articulum
922 857 1011 888 clare
1034 868 1125 898 prae·
1150 893 1151 902 ἵ

149 902 261 934 dicant
281 907 325 934 *se
352 902 490 943 reijcere
517 907 549 932 et
576 901 775 942 improbare.
828 901 914 936 Quid
944 902 976 931 in
1000 911 1036 931 re
1060 907 1126 931 tam

149 943 325 976 manifesta
348 945 521 976 dicendum
544 943 617 975 est?
645 944 706 975 Hic
729 949 844 985 aperte
876 944 1053 975 ostendunt
1077 953 1126 973 ar·
1148 970 1150 973 ,

150 987 284 1018 chitecti
312 986 571 1023 consutacionis,
602 997 668 1028 quo
695 987 811 1028 spiritu
840 993 993 1028 agantur.

1039 984 1126 1020 Quid
1148 977 1150 997 :

1148 1004 1151 1025 ἲ

149 1036 203 1061 est
231 1031 317 1061 enim
344 1030 466 1061 certius
496 1030 527 1060 in
550 1029 718 1067 Ecclesia,
742 1039 838 1070 quam
862 1029 950 1070 quod
974 1029 1125 1060 remissio
1148 1042 1151 1046 ⁴

1149 1071 1151 1076 ’
1179 1079 1302 1104 tantam
1327 1073 1599 1113 consolationem,
1623 1086 1708 1116 quae
1732 1077 1908 1107 vniuersae
1929 1075 2101 1108 Ecclesiae
2121 1078 2153 1108 in

147 1079 361 1114 peccatorum
385 1073 555 1114 contingat
569 1072 672 1113 gratis
692 1078 826 1113 propter
838 1071 1016 1110 Christum,
1038 1072 1127 1112 quod

148 1115 302 1147 Christus
332 1116 374 1146 sit
402 1116 602 1156 propiciacio
632 1125 691 1156 pro
723 1116 886 1155 peccatis,
915 1125 980 1145 non
1011 1123 1126 1145 nostra

148 1167 261 1199 opera,
284 1159 370 1189 sicut
393 1157 510 1189 Petrus
534 1158 647 1198 inquit.
693 1157 777 1188 Huic
801 1167 915 1188 omnes
940 1157 1126 1198 Prophetae

146 1201 319 1242 perhibent
349 1201 585 1238 testimonium,
618 1201 650 1231 in
679 1201 810 1231 nomine
843 1201 946 1240 ipsius
975 1201 1126 1240 accipere

147 1244 378 1275 remissionem
391 1249 603 1284 peccatorum
617 1253 731 1274 onmes
754 1243 808 1284 qui
833 1243 971 1274 credunt
994 1243 1025 1273 in
1039 1253 1124 1274 eum.

146 1285 231 1318 Huic
266 1285 439 1317 Ecclesiae
474 1285 712 1326 Prophetarum
746 1287 976 1317 assenciamur
1014 1286 1125 1326 potius

147 1339 245 1371 quam
275 1329 348 1359 istis
375 1329 510 1369 perditis
535 1329 761 1369 Scriptoribus
785 1327 1046 1365 consutacionis,
1070 1329 1124 1369 qui

145 1377 212 1403 tam
235 1372 441 1412 impudenter
465 1370 697 1412 blasphemant
719 1370 897 1402 Christum.
922 1370 1005 1401 Nam
1029 1371 1126 1401 etiam

145 1415 175 1446 si
198 1415 251 1455 qui
271 1414 402 1445 t'uerunt
421 1414 623 1455 Scriptores,
644 1414 699 1455 qui
717 1419 893 1444 senserunt
912 1420 988 1454 post
1006 1416 1054 1450 ¹⁰)
1074 1423 1124 1444 re-

144 1458 338 1489 missionem
366 1462 580 1498 peccatorum
603 1457 752 1487 homines
782 1457 889 1487 iustos
912 1466 990 1487 esse
1013 1466 1123 1486 coram

144 1499 233 1538 Deo,
257 1509 323 1531 non
346 1500 423 1537 fide,
447 1500 508 1530 sed
531 1499 611 1540 ipsis
634 1499 809 1540 operibus,
834 1504 943 1530 tamen
966 1499 1030 1530 hoc
1054 1509 1121 1529 non

144 1549 336 1579 senserunt,
358 1542 447 1583 quod
460 1542 533 1583 ipsa
555 1542 707 1572 remissio
720 1547 933 1582 peccatorum
953 1541 1123 1583 contingat

144 1591 282 1626 propter
305 1595 406 1625 opera
429 1590 556 1622 nostra,
579 1595 643 1615 non
663 1585 766 1625 gratis
789 1590 925 1625 propter
943 1583 1120 1616 Christum.

143 1628 220 1659 Non
249 1626 385 1658 serenda
414 1633 465 1658 est
488 1627 588 1669 igitur
612 1626 827 1668 blasphemia,
851 1628 995 1658 tribuere
1018 1627 1121 1658 hono-

142 1680 212 1702 rem
236 1669 369 1708 Christi,
393 1670 518 1701 nostris
531 1670 698 1710 operibus.
722 1668 809 1701 Nihil
828 1670 929 1710 pudet
951 1671 1014 1701 iam
1036 1671 1121 1701 istos

142 1712 340 1755 theologos,
364 1713 392 1743 si
416 1711 518 1744 talem
542 1713 744 1744 sentenciam
767 1713 799 1743 in
823 1712 977 1744 Ecclesia
999 1713 1121 1744 audent

141 1754 249 1794 ferre,
288 1755 403 1797 Neque
438 1756 626 1786 dubitamus
652 1755 730 1797 quin
764 1755 905 1796 optimus
929 1755 1120 1795 lmperator‚

141 1809 183 1830 ac
205 1797 375 1840 plaerique
406 1797 604 1839 Principum,
640 1797 727 1829 hunc
755 1796 865 1829 locum
899 1796 990 1829 nullo
1022 1799 1120 1829 modo

141 1839 263 1873 suerint
284 1842 316 1872 in
341 1839 575 1873 consutacione
593 1841 750 1879 relicturi,
773 1841 800 1871 si
820 1847 932 1872 essent
952 1841 1118 1872 admoniti.

141 1884 270 1916 Infinita
297 1883 362 1914 hoc
389 1883 466 1916 loco
494 1884 681 1915 testimonia
710 1894 751 1914 ex
774 1883 962 1924 Scriptura,
991 1893 1033 1915 ex
1062 1883 1119 1915 Pa-

142 1928 271 1965 tribus,
307 1927 410 1958 citare
444 1936 629 1967 possemus.
680 1926 803 1958 Verum
838 1932 869 1957 et
899 1936 1001 1967 supra
1035 1927 1118 1957 satis

141 1969 244 2001 multa
267 1970 308 2001 de
336 1970 400 2001 hac
422 1979 459 2000 re
488 1970 638 2002 diximus.
684 1969 724 2000 Et
753 1968 833 2000 nihil
864 1979 947 2010 opus
976 1977 1026 2000 est
1050 1968 1118 2010 plu-

141 2013 235 2044 ribus
259 2013 468 2052 testimoniJS,
490 2011 549 2050 illi,
572 2013 627 2053 qui
645 2013 708 2044 scit
730 2023 832 2054 quare
846 2011 998 2043 Christus
1021 2013 1117 2043 nobis

143 2056 285 2087 donatus
309 2056 368 2093 sit,
391 2055 446 2096 qui
470 2055 534 2086 scit
557 2054 721 2086 Christum
745 2065 822 2086 esse
845 2055 1116 2096 propiciationem

141 2109 203 2139 pro
226 2098 375 2139 peccatis
399 2097 530 2128 nostris.
579 2097 696 2128 Esaias
721 2098 833 2139 inquit.
866 2097 981 2129 Posuit
1004 2097 1117 2128 Domi-

142 2151 205 2172 nus
228 2142 261 2172 in
283 2151 323 2172 eo
345 2141 532 2182 iniquitates
556 2141 697 2171 omnium
720 2146 880 2172 nostrum.
921 2141 1115 2182 Aduersarij

142 2190 258 2215 contra
286 2184 424 2217 docent.
458 2182 566 2214 Deum
594 2193 718 2224 ponere
753 2183 939 2225 iniquitates
969 2190 1115 2221 nostras,

141 2237 207 2258 non
241 2228 274 2257 in
302 2226 456 2263 Christo,
489 2226 549 2256 sed
580 2226 612 2256 in
643 2225 767 2256 nostris
789 2227 954 2267 operibus.
1001 2226 1115 2268 Neque

140 2268 195 2301 hic
230 2270 339 2301 dicere
373 2267 451 2300 libet
484 2267 595 2310 qualia
628 2279 731 2309 opera
758 2269 910 2300 doceant.
958 2269 1115 2300 Videmus

140 2311 299 2344 horribile
332 2312 498 2343 decretum
533 2318 647 2342 contra
682 2320 743 2342 nos
778 2313 994 2352 compositum
1028 2322 1116 2350 esse,

141 2355 230 2396 quod
254 2355 358 2397 magis
381 2360 520 2386 terreret
542 2363 622 2391 nos,
646 2355 673 2384 si
697 2354 738 2384 de
760 2355 938 2396 ambiguis,
961 2361 1017 2386 aut
1038 2353 1115 2386 leui—

142 2398 204 2429 bus
227 2399 327 2429 rebus
349 2397 632 2429 contenderemus.
677 2397 773 2428 Nunc
796 2406 869 2428 cum
893 2398 1116 2429 conscientiae

140 2447 277 2472 nostrae
311 2439 498 2482 intelligant
533 2439 681 2471 damnari
709 2440 751 2470 ab
785 2440 988 2482 aduersarijs
1014 2441 1114 2472 mani·

141 2482 260 2515 sestam
284 2484 471 2521 veritatem,
496 2483 590 2514 cuius
613 2482 835 2524 propugnatio
857 2481 1030 2515 Ecclesiae
1060 2493 1115 2515 ne—

141 2622 189 2652 10)
209 2619 276 2653 pont]
294 2621 320 2644 in
338 2620 387 2644 Ed.
407 2619 431 2643 3.
452 2620 563 2644 omis-um
582 2621 624 2644 εκ.

1147 1350 1154 1575 1

1143 1587 1152 1890 ὲ

1136 2420 1148 2653 2

1179 309 1325 336 terrores
1348 306 1457 337 mundi
1479 307 1736 344 contemnimus,
1762 313 1793 338 et
1817 307 1940 349 ingenti
1963 308 2088 347 animo,
2114 309 2155 340 si—

1179 347 1256 387 quid
1279 348 1341 378 erit
1362 349 1573 388 paciendum,
1596 355 1732 391 propter
1755 349 1895 391 gloriam
1920 349 2054 388 Christi,
2079 361 2155 391 pro-

1178 396 1252 430 pter
1274 389 1445 422 vtilitatem
1468 391 1655 430 Ecclesiae,
1679 391 1831 423 feremus.
1879 392 1962 428 Quis
1985 404 2050 424 non
2075 404 2155 436 gau·

1180 432 1255 462 deat
1279 433 1359 463 mori
1383 434 1415 464 in
1439 434 1650 466 consessione
1674 435 1789 466 horum
1811 434 2043 474 articulorum,
2066 436 2155 477 quod

1179 474 1405 506 remissionem
1439 484 1650 517 peccatorum
1682 477 1745 509 nde
1779 488 2024 519 consequamur
2054 480 2156 520 gratis

1178 523 1314 558 propter
1338 517 1522 557 Christum,
1551 521 1638 561 qnod
1669 522 1824 560 operibus
1848 522 1972 552 nostris
2002 531 2067 552 non
2090 531 2156 553 me-

1179 570 1310 591 reamur
1321 561 1549 593 remissionem
1567 564 1805 603 peccatorum?
1839 562 1970 594 Nullam
1989 564 2157 596 habebunt

1179 604 1260 634 satis
1301 603 1427 634 firmam
1462 606 1723 636 consolationem
1765 607 1989 637 conscientiae
2029 607 2156 647 piorum

1178 645 1341 677 aduersus
1372 652 1520 678 terrores
1550 649 1677 688 peccati
1705 654 1736 679 et
1763 649 1894 687 mortis,
1928 655 1960 680 et
1992 650 2155 681 aduersus

1179 687 1344 720 diabolum
1373 688 1607 721 sollicitantem
1637 691 1679 721 ad
1709 692 1990 732 desperationem,
2025 693 2053 723 si
2088 703 2154 723 non

1178 732 1287 763 sciant
1319 741 1357 763 se
1390 732 1513 763 debere
1547 739 1712 771 statuere,
1756 735 1844 775 quod
1885 735 1988 776 graiis
2021 741 2157 776 propter

1179 773 1345 805 Christum
1368 774 1512 806 habeant
1542 777 1767 807 remissionem
1793 784 2016 818 peccatorum.
2064 779 2155 810 llaec

1178 816 1261 847 fides
1285 824 1466 855 sustentat,
1490 825 1521 849 et
1544 819 1685 849 viuifieat
1713 820 1814 850 corda
1837 820 1868 850 in
1892 818 1948 850 illo
1972 821 2155 860 asperrimo

1178 861 1357 891 certamine
1386 861 1645 902 desperacionis.
1692 860 1802 903 Digna
1832 864 1929 903 igitur
1959 873 2061 894 causa
2093 869 2154 901 est,

1177 908 1313 943 propter
1337 913 1434 943 quam
1459 903 1580 935 nullum
1604 914 1796 935 recusemus
1816 905 2006 945 periculum.
2041 905 2089 937 Tu
2113 916 2154 938 ne

1180 946 1261 976 cede
1281 944 1394 983 malis,
1425 947 1484 977 sed
1509 954 1625 978 contra
1647 948 1819 978 audentior
1842 949 1903 981 ito,
1927 948 2076 989 quisquis
2102 959 2154 979 as-

1179 989 1310 1019 sentiris
1335 987 1537 1020 confessioni
1561 995 1712 1027 nostrae,
1736 1000 1808 1020 cum
1832 991 2027 1032 aduersarii,
2052 998 2155 1023 terro-

1180 1031 1283 1068 ribus,
1305 1032 1516 1072 cruciatibus,
1535 1031 1721 1074 supplicijs,
1739 1039 1902 1064 conantur
1920 1041 2076 1065 excutere
2097 1035 2154 1065 tibi

1178 1116 1244 1148 hoc
1274 1124 1389 1147 nostro
1424 1117 1564 1149 articuio
1596 1119 1767 1158 proposita
1796 1125 1857 1149 est.
1910 1119 1984 1150 Non
2017 1120 2155 1151 dcerunt

1178 1160 1347 1199 quaerenti
1370 1161 1554 1191 testimonia
1577 1161 1781 1202 Scripturae,
1804 1171 1889 1203 quae
1913 1162 2154 1194 confirmabunt

1179 1202 1330 1232 animum.
1366 1202 1448 1233 Nam
1464 1202 1586 1235 Paulus
1610 1210 1677 1234 tota
1702 1214 1796 1241 voce,
1820 1211 1855 1235 vt
1877 1205 2007 1243 dicitur,
2022 1208 2061 1242 ¹¹)
2085 1204 2153 1237 cla-

1178 1245 1269 1275 mitat
1301 1244 1416 1276 Roma.
1451 1246 1493 1287 iij.
1529 1253 1558 1277 et
1592 1247 1647 1287 iiij.
1665 1248 1704 1283 ¹2)
1738 1248 1840 1288 gratis
1869 1247 1986 1278 remitti
2015 1254 2154 1288 peccata

1177 1294 1312 1328 propter
1334 1287 1512 1319 Christum.
1559 1289 1636 1319 ldeo
1660 1290 1761 1331 inquit
1786 1299 1826 1320 ex
1845 1289 1908 1321 fide
1927 1291 2153 1329 iustitie-amur,

1178 1336 1209 1360 et
1234 1331 1349 1371 gratiS,
1375 1337 1407 1361 rt
1432 1331 1525 1362 firma
1549 1332 1591 1362 sit
1613 1333 1801 1373 promissio,
1825 1332 1858 1363 ld
1883 1339 1946 1371 est,
1970 1333 2004 1364 Si
2030 1343 2071 1364 ex
2095 1344 2152 1364 no·

1176 1373 1255 1403 stris
1279 1374 1435 1413 operibus
1458 1375 1619 1415 penderet
1642 1375 1830 1416 promissio,
1855 1385 1919 1406 non
1940 1382 2029 1407 esset
2048 1376 2151 1408 firma.

1176 1415 1211 1446 Si
1236 1421 1370 1457 propter
1394 1423 1507 1447 nostra
1532 1428 1633 1458 opera
1663 1418 1796 1449 daretur
1819 1419 1969 1449 remissio
1998 1426 2151 1460 peccato-

1175 1468 1263 1495 rum,
1299 1459 1430 1499 quando
1459 1461 1621 1491 sciremus
1651 1470 1721 1491 eam
1750 1470 1811 1491 nos
1841 1468 2040 1493 consecutos
2063 1472 2152 1500 esse,

1175 1501 1307 1541 quando
1331 1503 1490 1542 reperiret
1514 1514 1598 1543 opus
1623 1504 1827 1534 conscientia
1842 1505 1965 1542 territa,
1988 1505 2152 1546 quodsta-

1175 1548 1281 1574 tueret
1303 1544 1345 1574 ad
1370 1544 1566 1585 placandam
1591 1545 1673 1577 iram
1697 1547 1757 1577 Dei
1781 1545 1960 1578 sufficere?
2005 1548 2072 1579 Sed
2100 1557 2151 1578 su-

1173 1596 1234 1627 pra
1263 1587 1305 1617 de
1334 1592 1402 1618 tota
1435 1598 1471 1618 re
1495 1589 1646 1619 diximus.
1692 1588 1771 1620 lnde
1799 1587 1906 1620 lector
1928 1596 2037 1621 sumat
2060 1590 2150 1621 testi·

1174 1629 1293 1660 monia.
1339 1629 1422 1660 Nam
1453 1629 1556 1668 hanc,
1587 1641 1652 1662 non
1676 1632 1953 1673 disputacionem,
1988 1634 2048 1664 sed
2071 1642 2148 1674 que-

1173 1670 1275 1702 relam
1298 1672 1477 1714 indignitas
1501 1674 1547 1704 rei
1571 1674 1667 1704 nobis
1687 1675 1863 1715 expressit,
1886 1676 1974 1717 quod
1993 1675 2147 1708 hocloco

1173 1715 1296 1745 diserte
1318 1723 1519 1756 posuerunt,
1546 1726 1584 1747 se
1605 1717 1792 1758 improbare
1815 1718 1902 1749 hunc
1924 1724 2073 1750 nostrum
2097 1729 2148 1750 ar-

1173 1755 1323 1795 ticulum,
1353 1759 1442 1799 quod
1471 1759 1697 1791 remissionem
1721 1766 1934 1801 peccatorum
1963 1771 2148 1802 consequa-

1171 1810 1243 1830 mur
1267 1809 1332 1831 non
1355 1807 1491 1842 propter
1513 1812 1615 1842 opera
1638 1809 1769 1841 nostra,
1800 1804 1860 1834 sed
1891 1804 1955 1834 fide
1987 1811 2019 1835 et
2043 1805 2146 1846 gratis

1170 1849 1306 1884 propter
1328 1843 1506 1874 Christum.
1552 1845 1746 1886 Aduersarij
1777 1847 1873 1876 etiam
1903 1847 2028 1878 addunt
2056 1848 2148 1878 testi-

1171 1886 1281 1916 monia
1304 1895 1386 1917 suae
1409 1888 1689 1925 condemnationi,
1720 1888 1760 1919 Et
1781 1898 1902 1929 operae
1928 1891 2073 1930 precium
2097 1895 2149 1921 est

1171 1938 1269 1959 vnum
1298 1935 1399 1970 atque
1427 1928 1565 1961 alterum
1589 1932 1740 1961 recitare.
1786 1930 1943 1973 Allegant
1974 1943 2014 1963 ex
2038 1932 2148 1973 Petro,

1171 1970 1308 2002 Studete
1342 1972 1468 2003 firmam
1510 1972 1621 2004 facere
1655 1974 1863 2005 vocationem
1905 1981 2049 2006 vestram
2082 1982 2146 2007 etc.

1170 2014 1236 2044 Iam
1259 2014 1351 2046 vides
1374 2013 1480 2046 lector
1499 2016 1710 2047 aduersarios
1730 2023 1864 2048 nostros
1877 2027 1941 2048 non
1963 2018 2148 2058 perdidisse

1170 2066 1303 2097 operam
1334 2058 1365 2087 in
1395 2058 1553 2090 discenda
1576 2057 1778 2097 Dialecttea,
1813 2060 1872 2091 sed
1900 2061 2025 2092 habere
2048 2061 2147 2092 artifi-

1170 2100 1255 2130 cium
1279 2100 1495 2132 ratiocinandi
1512 2104 1551 2139 13)
1575 2112 1616 2132 ex
1631 2101 1812 2143 Scripturis
1831 2113 1970 2142 prorsus
1990 2105 2145 2145 quidquid

1168 2141 1261 2180 libet,
1285 2143 1396 2174 Facite
1419 2143 1543 2175 firmam
1569 2146 1776 2176 vocationem
1796 2152 1951 2183 vestram,
1976 2156 2034 2186 per
2059 2148 2145 2178 bona

1170 2195 1280 2225 opera.
1329 2186 1430 2227 Igitur
1454 2197 1554 2228 opera
1583 2193 1750 2219 merentur
1779 2189 2004 2220 remissionem
2028 2199 2146 2230 pecca-

1168 2233 1287 2259 torum.
1333 2229 1422 2261 Sane
1446 2231 1608 2261 concinna
1631 2231 1692 2261 erit
1713 2232 1980 2272 argumentacio,
2010 2233 2043 2263 Si
2071 2233 2144 2274 quis

1169 2272 1218 2301 sic
1241 2272 1456 2304 ratiocinetur
1480 2273 1520 2304 de
1542 2283 1600 2304 reo
1625 2272 1776 2314 capitalis
1795 2284 1938 2314 poenae,
1963 2275 2013 2305 cui
2037 2285 2144 2315 poena

1168 2315 1309 2345 remissa
1332 2321 1392 2346 est.
1428 2315 1642 2357 Magistratus
1666 2318 1837 2357 praecipit,
1863 2323 1896 2347 vt
1920 2317 1950 2347 in
1974 2325 2143 2358 posterum

1167 2357 1339 2388 abstineas
1372 2359 1415 2389 ab
1449 2357 1569 2390 alieno.
1614 2359 1716 2400 lgitur
1749 2369 1808 2399 per
1841 2358 1907 2390 hoc
1940 2361 2074 2391 meritus
2105 2371 2142 2391 es

1168 2400 1443 2432 condonationem
1467 2411 1605 2443 poenae,
1630 2402 1716 2442 quod
1741 2412 1826 2433 nunc
1850 2403 1891 2433 ab
1915 2401 2024 2434 alieno
2042 2405 2142 2435 absti—

1168 2485 1374 2493 ——.—

1168 2537 1213 2567 lt)
1233 2543 1306 2567 voce,
1325 2542 1352 2560 vt
1369 2537 1482 2569 dicium]
1501 2538 1547 2562 Ed.
1567 2538 1607 2562 4.:
1626 2545 1689 2562 voce
1708 2538 1749 2569 (ut
1768 2539 1873 2571 dicitur)

1168 2579 1214 2611 12)
1234 2579 1325 2605 Roma.
1345 2581 1381 2612 iij.
1401 2585 1426 2604 et
1443 2580 1502 2612 iiijJ
1522 2580 1570 2605 Ed.
1590 2580 1630 2605 ³.:
1649 2580 1780 2604 Romanos
1798 2583 1872 2606 tertio
1892 2587 1918 2606 et
1935 2587 2037 2614 quarto,

1171 2622 1215 2653 13)
1235 2623 1418 2655 ratiocinandi]
1438 2623 1485 2647 Ed.
1507 2623 1530 2646 3.
1550 2628 1598 2655 typ.
1618 2632 1681 2648 ern:
1700 2625 1848 2648 ratiomndi
