2366 2958
101 186 167 218 597
456 183 490 214 11.

103 279 280 311 discrimen
314 284 485 318 tantopere
519 276 707 309 defendant.
756 277 827 309 Nos
860 286 902 308 ne
935 277 977 307 de
999 285 1080 308 vera

103 322 261 363 dignitate
290 321 414 352 ordinis
445 319 620 352 detrahere
649 321 833 358 videamur,
864 320 906 351 de
928 318 994 350 hoc
1015 316 1080 351 cal-

102 363 169 396 lido
193 362 331 396 consilio
354 362 451 405 plura.
472 373 538 394 non
563 364 720 395 dicemus.

193 406 347 449 Allegant
386 412 418 437 et
451 404 632 447 periculum
671 405 856 443 effusionis,
894 410 927 436 et
960 402 1080 434 similia

103 451 275 492 quaedam,
299 458 384 490 quae
406 459 472 480 non
495 449 618 480 habent
641 455 764 480 tantam
786 449 869 485 vim,
891 452 927 478 vt
948 447 1079 477 ordina-

102 494 222 524 tionem
246 491 368 523 Christi
397 497 531 522 mutent.
576 491 617 522 Et
644 491 808 533 fingamus
837 499 919 521 sane
942 487 1079 520 liberum

102 545 190 573 esse,
213 535 267 565 Vti
291 545 353 565 vna
377 541 472 575 parte
492 540 550 565 aut
571 535 748 571 ambabus,
795 533 938 565 uomodo
960 531 1081 572 poterit

102 578 279 619 prohibitio
302 575 456 608 defendi?
501 576 697 618 Quanquam
715 577 782 607 Ecc
799 575 868 607 esia
891 584 957 606 non
981 574 1081 605 sumit

102 621 165 652 sibi
188 621 275 651 hanc
304 619 505 654 libertatem,
537 627 571 650 vt
595 630 636 650 ex
659 618 920 650 ordinationibus
944 616 1080 654 Christi,

101 663 202 695 faciat
235 673 288 693 res
324 662 558 693 indifferentes
621 662 691 693 Nos
729 661 861 703 quidem
893 659 1078 691 Ecclesiam

103 715 299 737 excusamus
323 715 406 746 quac
428 705 516 736 hanc
543 705 692 736 iniuriam
713 703 865 745 pertulit,
895 713 968 734 cum
992 708 1079 733 vtra-

103 758 167 790 que
199 758 278 789 pars
313 749 342 779 ei
370 749 562 789 contingere
596 757 661 778 non
690 751 821 788 posset,
856 746 915 776 sed
944 752 1078 777 autores

103 791 158 833 qui
181 789 362 822 defendunt
388 796 479 822 recte
501 789 667 830 prohiberi
693 799 789 820 vsum
820 789 938 830 integri
967 798 1080 819 sacra-

101 834 212 871 menti,
236 834 356 875 quique
379 843 466 864 nunc
484 842 549 863 non
567 831 674 863 solum
695 831 881 873 prohibent,
905 831 964 862 sed
983 831 1080 862 etiam

102 883 232 908 vtentes
261 877 390 918 integro
422 881 631 906 sacramento
659 874 961 911 excommunicant,
990 879 1021 904 et
1047 873 1080 904 vi

101 924 362 961 persequuntur,
388 928 455 949 non
478 927 688 949 excusamus.
733 917 799 958 lpsi
821 917 977 954 viderint,
1000 926 1081 957 quo-

102 962 199 994 modo
224 961 296 993 Deo
325 961 485 992 rationem
514 970 650 991 suorum
680 959 894 991 consiliorum
922 959 1081 991 reddituri

100 1006 174 1036 sint.
219 1004 336 1045 Neque
358 1004 469 1034 statim
490 1004 699 1034 iudicandum
722 1009 774 1034 est
796 1002 982 1033 Ecclesiam
1006 1012 1080 1052 con-

101 1048 236 1078 stituere
267 1052 324 1077 aut
354 1047 514 1087 probare,
548 1045 705 1087 quidquid
742 1045 922 1076 Pontifices
957 1052 1080 1075 consti-

99 1095 211 1127 tuunt,
239 1089 434 1130 praesertim
467 1099 542 1120 cum
569 1088 741 1129 Scriptura
769 1088 811 1119 de
839 1087 1016 1129 Episcopis
1047 1093 1079 1118 et
1103 1120 1106 1125 ,

99 1133 291 1174 pastoribus
314 1131 512 1163 vaticinetur
534 1132 567 1162 in
590 1132 677 1162 hanc
699 1131 913 1169 sentenciam,
938 1137 974 1161 vt
998 1129 1078 1161 Eze-
1103 1131 1105 1173 f

101 1173 187 1207 chiel
209 1175 265 1213 ait,
289 1173 410 1205 Peribit
432 1173 486 1206 lex
508 1184 529 1205 a
550 1174 734 1205 sacerdote.

220 1292 281 1324 DE
313 1291 563 1323 CONIVGIO
592 1291 952 1323 SACERDOTVM.

186 1377 222 1409 ln
250 1383 342 1409 tanta
374 1376 507 1409 infamia
535 1378 692 1419 inquinati
720 1377 924 1415 coelibatus,
957 1377 1080 1409 audent

99 1420 283 1462 aduersarij
315 1430 381 1451 non
404 1419 514 1452 solum
537 1420 716 1452 defendere
743 1419 849 1462 legem
874 1420 1079 1451 Pontificiam

100 1464 196 1505 impio
219 1469 253 1495 et
274 1461 361 1494 falso
384 1468 560 1504 praetextu
581 1464 722 1494 nominis
745 1463 863 1501 diuini,
891 1463 951 1494 sed
981 1463 1079 1494 etiam

100 1506 226 1539 hortari
239 1505 418 1537 Caesarem
440 1516 481 1538 ac
494 1506 677 1547 Principes,
701 1517 743 1538 ne
764 1505 907 1537 tolerent
926 1506 1080 1547 coniugia

100 1549 314 1581 sacerdotum
347 1549 389 1580 ad
423 1549 634 1591 ignominiam
675 1555 708 1580 et
739 1547 905 1580 infamiam
939 1548 1079 1580 Romani

100 1591 242 1633 Imperij.
289 1591 345 1623 Sic
374 1591 459 1622 enim
489 1589 680 1632 loquuntur.
725 1592 818 1627 Quae
846 1592 951 1623 maior
977 1592 1080 1632 impu-

101 1635 214 1666 dentia
236 1643 378 1675 vnquam
401 1632 469 1664 vlla
491 1633 523 1664 in
541 1634 677 1665 historia
693 1632 778 1666 lecta
792 1640 855 1672 est,
875 1644 973 1675 quam
995 1633 1080 1665 haec

101 1683 154 1709 est
175 1675 465 1708 aduersariorum?
505 1676 590 1707 Nam
612 1683 818 1718 argumenta,
841 1678 962 1718 quibus
985 1682 1078 1708 vtun-

100 1726 164 1758 tur,
186 1724 304 1760 postea
315 1719 576 1750 recensebimus.
617 1719 713 1751 Nunc
735 1720 802 1751 hoc
819 1719 985 1760 expendat
1002 1730 1079 1760 pru·

101 1762 185 1794 dens
202 1760 322 1800 lector,
346 1761 424 1803 quid
446 1759 564 1793 frontis
576 1760 721 1793 habeant
743 1763 797 1794 isti
815 1761 906 1794 nihili
919 1761 1080 1800 homines,

101 1805 157 1847 qui
179 1804 291 1836 dicunt
314 1804 468 1846 coniugia
490 1814 609 1845 parere
631 1804 796 1837 infamiam
820 1812 852 1837 et
870 1805 1080 1847 ignominiam

100 1847 260 1888 Imperio,
293 1848 390 1888 quasi
423 1856 503 1878 vero
531 1846 718 1879 Ecclesiam
752 1847 852 1879 valde
886 1854 982 1879 ornet
1014 1849 1080 1879 ista

101 1888 234 1931 publica
276 1888 411 1920 infamia
443 1888 692 1927 flagiciosarum
734 1901 776 1922 ac
814 1891 1080 1932 prodigiosarum

101 1932 292 1969 libidinum,
323 1942 408 1972 quae
430 1931 575 1974 flagrant
595 1933 683 1974 apud
710 1934 794 1965 istos
817 1933 852 1965 S.
877 1933 995 1964 Patres
1026 1934 1081 1975 qui

102 1974 224 2007 Curios
246 1973 413 2013 simulant,
446 1981 480 2006 et
501 1975 718 2007 bacchanalia
752 1977 875 2008 viuunt.
917 1976 969 2008 Ac
992 1975 1081 2017 plae-

101 2027 205 2060 raque
226 2027 270 2049 ne
292 2017 533 2055 verecunde⁴⁴)
556 2019 686 2059 quidem
709 2019 871 2050 nominari
893 2026 1026 2061 queunt,
1037 2021 1082 2057 ⁴⁵)

102 2070 189 2102 quae
211 2061 264 2091 isti
288 2069 417 2091 summa
439 2058 573 2091 licentia
596 2060 730 2093 faciunt.
765 2061 807 2093 Et
830 2061 891 2093 has
912 2071 992 2093 suas
1011 2061 1082 2093 libi-

103 2104 199 2134 dines
222 2102 410 2134 castissima
442 2103 556 2134 dextra
577 2108 633 2134 tua
663 2103 783 2136 carole
811 2103 951 2141 Caesar,
984 2115 1081 2146 quem

101 2146 200 2177 etiam
232 2152 348 2176 vetera
381 2145 542 2185 quaedam
576 2146 730 2178 vaticinia
768 2146 937 2188 appellant
969 2157 1081 2189 regem

101 2188 222 2230 pudica
244 2186 340 2219 facie.
372 2186 476 2219 Dete
499 2189 583 2219 enim
606 2188 728 2220 dictum
751 2196 900 2231 apparet.
935 2190 1081 2222 Pudicus

101 2231 188 2264 facie
210 2230 363 2273 regnabit
381 2231 514 2272 vbique,
535 2232 738 2274 propugnari
755 2231 937 2273 postulant,
962 2232 1080 2265 Postu-

102 2272 172 2305 lant
204 2279 241 2305 vt
268 2278 386 2304 contra
415 2272 469 2305 lus
500 2273 661 2312 diuinum,
694 2275 890 2307 contra‘lus
924 2276 1081 2318 gentium,

103 2321 220 2348 contra
253 2315 410 2347 Canones
445 2315 660 2348 conciliorum
688 2317 832 2359 dissipes
861 2319 1079 2358 matrimonia,

103 2364 140 2390 vt
160 2359 193 2389 in
215 2357 366 2390 homines
385 2359 593 2398 innocentes,
615 2362 796 2398 tantum⁴⁶)
818 2367 954 2402 propter
971 2363 1082 2394 coniu-

104 2401 194 2444 gium
221 2401 350 2433 atrocia
381 2401 546 2444 supplicia
579 2403 783 2442 constituas,
815 2409 852 2435 vt
879 2404 1082 2437 Sacerdotes

104 2546 151 2577 44)
171 2545 327 2578 verecunde]
347 2546 427 2571 Editt.
446 2547 537 2572 2—4.:
556 2549 718 2573 verecundae

105 2588 152 2619 45)
171 2589 288 2620 quotum]
306 2589 354 2613 Ed.
374 2590 399 2613 4.
418 2590 493 2616 male:
513 2595 634 2622 quaeunt,

104 2629 152 2662 4⁶)
170 2630 282 2663 numm]
301 2629 334 2655 ab
352 2631 431 2657 Editt.
451 2632 527 2658 2—4.
545 2633 624 2659 abae.

537 183 769 217 APOLOGIA
789 181 1111 215 coNFsssstole
1131 180 1444 214 AUGUSTANAE.
1488 181 1529 213 B.
1572 180 1764 214 ALTERA.

2044 180 2110 214 598

1133 276 1290 313 trucides,
1313 276 1433 317 quibus
1455 274 1614 316 religiose
1635 280 1776 315 parcunt
1792 273 1889 305 etiam
1908 274 2050 309 barbari,
2073 281 2110 306 vt

1133 318 1165 348 in
1194 317 1324 349 exilium
1352 328 1435 359 agas
1463 325 1614 349 extorres
1637 317 1811 354 mulieres,
1845 317 1947 347 orbos
1974 326 2108 357 pueros.

1132 359 1231 391 Tales
1254 360 1349 402 leges
1373 362 1429 391 tibi
1453 360 1562 392 ferunt
1585 361 1708 401 optime
1736 366 1768 391 et
1798 360 1983 391 castissime
2007 359 2109 401 Impe-

1133 408 1242 440 rator,
1271 413 1355 444 quas
1378 402 1470 434 nulla
1493 404 1663 441 barbaria,
1696 401 1873 444 quamlibet
1894 402 2043 433 immanis
2069 412 2110 434 ac

1132 444 1203 476 fera
1231 452 1350 486 posset
1377 447 1505 484 audire,
1539 446 1606 478 Sed
1641 447 1716 487 quia
1746 444 1836 476 nulla
1866 445 1954 475 cadit
1984 447 2015 475 in
2045 445 2109 476 hos

1132 494 1208 519 tuos
1231 498 1342 519 mores
1365 486 1419 519 vel
1441 489 1617 529 turpitudo,
1641 488 1694 519 vel
1713 489 1847 526 seuieia,
1869 496 2043 528 speramus
2066 494 2110 526 te,

1133 536 1165 562 et
1186 531 1219 561 in
1242 530 1306 561 hac
1328 540 1431 561 causa
1454 530 1632 562 clementer
1654 531 1827 562 nobiscum
1848 537 1997 561 acturum
2020 540 2110 568 esse,

1133 574 1325 614 praesertim
1348 573 1404 604 vbi
1433 575 1635 614 cognoueris
1659 584 1721 605 nos
1745 573 1962 615 grauissimas
1985 572 2110 604 habere

1133 626 1255 647 causas
1283 621 1417 646 nostrae
1446 618 1636 647 sentenciae
1664 623 1813 657 sumptas
1843 626 1883 647 ex
1907 615 2011 646 verbo
2035 615 2108 654 Dei,

1133 660 1186 690 cui
1208 658 1391 700 aduersarij
1415 659 1655 700 nugacissimas
1683 665 1715 690 et
1746 648 1944 690 vanissimas
1973 667 2109 699 persua-

1134 702 1248 733 siones
1272 707 1451 742 opponunt.
1486 701 1527 732 Et
1549 708 1657 732 tamen
1681 711 1746 732 non
1770 706 1901 732 tuentur
1924 702 2011 732 serio
2034 710 2109 732 coe-

1132 743 1277 776 libatum.
1322 744 1439 785 Neque
1468 745 1553 774 enim
1580 744 1735 784 ignorant
1763 754 1860 785 quam
1889 743 1984 784 pauci
2018 753 2110 784 prae-

1133 792 1221 818 stent
1243 788 1441 825 castitatem,
1468 787 1528 817 sed
1553 792 1747 827 praetexunt
1771 787 1914 827 speciem
1938 784 2110 828 religionis

1133 840 1238 871 regno
1263 840 1342 868 su0,
1373 830 1424 862 cui
1447 829 1610 870 prodesse
1634 828 1831 861 coelibatum
1854 835 1983 869 putant,
2009 834 2044 860 vt
2066 830 2110 859 in-

1132 872 1317 914 telligamus
1332 872 1463 904 Petrum
1487 878 1578 903 recte
1595 873 1777 909 monuisse,
1799 870 1943 902 futurum
1963 877 1997 903 vt
2014 881 2110 913 pseu-

1133 915 1359 957 doprophetae
1383 915 1468 946 fictis
1490 916 1601 946 verbis
1623 915 1787 955 decipiant
1815 913 1978 945 homines.
2021 912 2110 945 Nihil

1133 961 1219 990 enim
1238 968 1327 993 vere,
1351 956 1544 998 simpliciter
1566 963 1597 989 et
1621 958 1761 988 candide
1783 959 1815 988 in
1834 957 1897 987 hac
1921 962 1990 987 tota
2009 966 2111 987 causa

1133 1003 1264 1040 dicunt,
1295 1002 1464 1039 scribunt,
1487 1007 1543 1031 aut
1565 1006 1669 1043 agunt
1692 999 1896 1040 aduersarii,
1918 1000 1978 1030 sed
2001 1000 2112 1040 reipsa

1134 1045 1289 1076 dimicant
1313 1044 1354 1075 de
1377 1044 1600 1075 dominatione
1624 1053 1719 1084 quain
1738 1041 1826 1073 saiso
1846 1047 1959 1083 putant
1983 1041 2111 1082 pericli-

1133 1088 1213 1125 tari,
1249 1093 1282 1118 et
1309 1087 1398 1118 hanc
1423 1087 1522 1128 impio
1552 1092 1725 1127 praetextu
1748 1085 1878 1126 pietatis
1907 1085 2033 1116 munire
2056 1094 2111 1116 co-

1132 1137 1264 1162 nantur.

1103 1222 1105 1227 ,
1218 1189 1290 1221 Nos
1311 1189 1398 1220 hanc
1420 1187 1528 1230 legem
1551 1188 1593 1220 de
1612 1187 1791 1225 coelibatu,
1815 1197 1911 1228 quam
1931 1185 2110 1217 defendunt

1103 1250 1105 1254 ν
1131 1232 1332 1273 aduersarij,
1355 1232 1429 1263 ideo
1448 1241 1514 1262 non
1528 1240 1706 1272 possumus
1719 1231 1918 1272 approbare,
1941 1230 2018 1271 quia
2035 1239 2109 1261 cum

1103 1271 1106 1319 ξ
1131 1274 1205 1307 lure
1229 1275 1353 1313 diuino,
1378 1280 1409 1305 et
1430 1273 1571 1305 naturali
1591 1279 1728 1315 pugnat,
1750 1280 1783 1304 et
1803 1274 1845 1304 ab
1867 1272 1950 1313 ipsis
1969 1271 2109 1303 Canoni-

1102 1321 1106 1356 ἦ
1132 1319 1195 1349 bus
1222 1316 1492 1355 conciliorum⁴⁷)
1522 1317 1692 1354 dissentit,
1725 1315 1767 1347 Et
1796 1322 1927 1347 constat
1951 1315 2110 1355 supersti-

1132 1361 1276 1394 ciosam,
1308 1366 1342 1392 et
1369 1358 1590 1401 periculosam
1621 1369 1708 1390 esse.
1754 1358 1843 1389 Parit
1871 1359 1957 1389 enim
1985 1357 2111 1388 infinita

1131 1402 1303 1441 scandala,
1315 1410 1465 1444 peccata,
1477 1408 1509 1434 et
1521 1400 1742 1443 corruptelam
1754 1400 1959 1442 publicorum
1971 1409 2110 1431 morum.

1103 1445 1106 1468 ¹
1132 1445 1227 1477 Aliae
1251 1445 1499 1477 controuersiae
1521 1450 1658 1476 nostrae
1680 1442 1823 1485 aliquam
1849 1443 2111 1484 disputacionem

1133 1489 1306 1519 doctorum
1329 1487 1530 1520 desiderant.
1565 1487 1600 1518 ln
1621 1486 1686 1519 hac
1709 1487 1753 1518 ita
1772 1484 1946 1517 manifesta
1968 1495 2023 1516 res
2046 1490 2110 1523 est,

1132 1531 1165 1562 in
1188 1537 1328 1573 vtraque
1349 1535 1454 1571 parte,
1476 1537 1510 1561 vt
1528 1529 1653 1562 nullam
1671 1530 1817 1572 requirat
1836 1529 2110 1569 disputacionem.

1132 1573 1273 1606 Tantum
1295 1574 1430 1615 requirit
1453 1573 1593 1605 iudicem
1617 1573 1722 1604 virum
1744 1573 1866 1603 bonum
1891 1577 1924 1602 et
1946 1572 2112 1602 timentem

1133 1616 1207 1648 Dei.
1242 1616 1283 1648 Et
1306 1627 1380 1648 cum
1402 1614 1599 1647 defendatur
1619 1627 1639 1647 a
1660 1615 1757 1646 nobis
1780 1612 1956 1646 manifesta.
1977 1614 2113 1651 veritas,

1132 1666 1243 1692 tamen
1270 1659 1454 1700 aduersarij
1490 1658 1673 1691 calumnias
1707 1658 1869 1699 quasdam
1901 1655 2113 1688 architectati

1133 1708 1221 1741 sunt,
1244 1702 1287 1733 ad
1311 1700 1499 1734 cauillanda
1520 1706 1716 1744 argumenta
1738 1706 1864 1731 nostra.

1219 1761 1374 1792 Primum.
1408 1760 1552 1792 Genesis
1571 1760 1670 1792 docet
1687 1760 1840 1791 homines
1852 1759 2003 1790 conditos
2021 1768 2112 1797 esse,

1133 1810 1168 1836 vt
1190 1805 1256 1836 sint
1278 1802 1450 1842 foecundi,
1473 1810 1506 1835 et
1528 1814 1630 1834 sexus
1654 1809 1745 1834 recta
1768 1803 1895 1834 ratione
1919 1812 2033 1833 sexum
2056 1811 2112 1843 ap—

1133 1853 1234 1889 petat.
1276 1846 1457 1888 Loquimur
1479 1847 1563 1877 enim
1585 1856 1651 1877 non
1671 1847 1712 1877 de
1734 1845 2005 1885 concupiscentia
2027 1853 2113 1885 quae

1133 1896 1305 1932 peccatum
1328 1895 1397 1927 est,
1430 1889 1491 1920 sed
1522 1889 1563 1920 de
1590 1888 1647 1920 illo
1677 1889 1823 1930 appetitu
1846 1888 1900 1929 qui
1929 1888 1961 1918 in
1985 1887 2112 1928 integra

1133 1939 1250 1965 natura
1278 1931 1408 1964 futurus
1431 1937 1520 1970 erat,
1550 1942 1646 1973 quem
1679 1937 1799 1963 vocant
1824 1929 1947 1971 σιοργήν
1973 1929 2110 1970 φυσικήν.

1134 1976 1175 2007 Et
1197 1975 1281 2007 baec
1306 1974 1413 2015 στοργή
1443 1980 1494 2005 est
1516 1985 1596 2006 vere
1619 1974 1783 2005 ordinatio
1808 1974 1918 2004 diuina
1941 1982 2045 2003 sexus
2069 1972 2111 2004 ad

1134 2029 1260 2050 sexum.
1291 2017 1372 2049 Cum
1395 2023 1502 2048 autem
1525 2016 1609 2048 haec
1632 2017 1795 2048 ordinatio
1820 2015 1881 2047 Dei
1906 2016 1978 2046 sine
2000 2015 2111 2057 singu—

1134 2061 1195 2093 lari
1218 2070 1319 2101 opere
1339 2060 1400 2091 Dei
1424 2058 1496 2091 tolli
1518 2070 1585 2091 non
1613 2060 1736 2101 possit,
1770 2059 1929 2100 Sequitur
1955 2058 2009 2089 lus
2033 2067 2112 2090 con-

1133 2104 1285 2136 trahendi
1314 2103 1509 2141 matrimonii
1539 2112 1605 2133 non
1633 2112 1736 2143 posse
1765 2100 1836 2133 tolli
1871 2101 2022 2138 statutis,
2055 2106 2113 2131 aut

1134 2148 1275 2185 votis.*)
1320 2146 1412 2178 Haec
1435 2144 1634 2177 cauillantur
1657 2145 1861 2184 aduersarij,
1884 2145 1995 2175 dicunt
2015 2143 2112 2175 inicio

1132 2190 1237 2222 fuisse
1259 2189 1447 2221 mandatum
1475 2194 1510 2220 vt
1531 2187 1716 2229 repleretur
1739 2193 1842 2225 terra,
1871 2197 1958 2217 nunc
1985 2184 2111 2227 repleta

1133 2239 1222 2265 terra
1243 2242 1311 2263 non
1335 2241 1412 2263 esse
1430 2232 1619 2263 mandatum
1638 2230 1838 2272 coniugium.
1875 2229 1991 2260 Videte
2016 2239 2114 2270 quam

1132 2276 1311 2317 prudenter
1333 2275 1486 2306 iudicent.
1533 2274 1660 2306 Natura
1683 2273 1848 2304 hominum
1872 2270 2033 2302 formatur
2056 2270 2112 2303 illo

1133 2319 1238 2351 verbo
1262 2317 1334 2355 Dei,
1358 2324 1394 2349 vt
1415 2318 1457 2349 sit
1480 2316 1657 2354 foecunda,
1681 2326 1747 2347 non
1769 2314 1876 2346 solum
1899 2315 1997 2345 inicio
2021 2323 2113 2345 orea-

1134 2361 1250 2400 tioniS,
1284 2360 1344 2392 sed
1375 2361 1534 2402 tantisper
1562 2361 1638 2391 dum
1667 2359 1751 2390 haec
1786 2367 1962 2398 corporum
1995 2361 2114 2388 natura

1134 2526 1183 2557 47)
1202 2524 1385 2556 conciliorum]
1406 2523 1455 2548 Ed.
1473 2525 1512 2547 4.:
1531 2522 1700 2546 consiliorum

1154 2567 1182 2599 ‘)
1201 2568 1266 2592 eum
1291 2571 1376 2591 autem
1401 2567 1467 2590 haee
1491 2566 1622 2590 ordinatio
1641 2577 1674 2583 -
1691 2567 1737 2588 aut
1754 2562 1841 2594 votia.l
1864 2562 1923 2588 haee
1947 2562 2024 2587 verba
2042 2562 2111 2592 (fol.

1202 2602 1256 2660 ff
1275 2602 1305 2625 2·
1323 2602 1366 2626 lin.
1386 2601 1477 2632 2—5.)
1496 2599 1661 2624 Lathon-u·
1683 2599 1711 2622 δη
1728 2605 1772 2622 ouo
1796 2597 1904 2630 «soaph
1929 2596 2005 2621 rubro
2030 2595 2112 2622 cebro

1248 2636 1350 2661 noema.
