2366 2958
287 231 364 261 xlx

379 330 470 367 Quod
491 329 566 359 fides
587 329 615 357 in
635 325 787 356 Christum
808 322 947 352 iustificat
968 347 973 351 .
1023 347 1028 351 .
1064 331 1091 360 p.
1118 321 1177 350 438
1196 328 1265 357 eqq.

380 372 470 409 Quod
501 370 710 400 renriseionem
743 369 934 406 peccatorum
964 363 1031 393 sola

423 415 480 445 fide
500 415 527 443 in
548 412 702 442 Christum
722 417 942 446 consequamur
968 433 972 437 .
1022 432 1027 437 .
1054 424 1091 428 —
1120 407 1180 434 440
1205 422 1243 426 ——

338 459 385 488 De
409 457 568 487 dilectione
588 459 615 483 et
637 452 809 492 impletione
828 451 908 489 legis
968 474 973 480 .
1024 475 1027 479 .
1073 468 1086 470 —
1120 449 1178 476 447
1207 465 1242 469 —

338 500 513 539 Responsio
538 497 574 527 ad
599 499 772 534 argumenta
794 493 1030 523 adversariorum
1055 508 1095 514 —
1121 491 1180 520 459
1207 507 1243 512 —-

338 543 385 573 De
405 541 545 573 Ecclesia
594 559 1030 568 .........
1057 552 1095 557 -—-
1122 533 1182 562 524
1209 550 1245 554 -

339 585 386 615 De
405 584 593 624 poenitencia
645 603 1030 610 ........
1055 595 1096 599 -
1121 577 1180 605 537
1207 589 1248 594 —

336 628 385 658 De
404 626 599 656 consessione
618 628 648 653 et
666 622 876 652 satisfactione
917 647 922 651 .
972 646 975 650 .
1025 645 1030 650 .
1057 638 1096 642 -—
1121 619 1181 648 553
1208 636 1247 639 -

337 669 386 700 De
405 679 525 698 numero
550 671 579 696 et
598 677 656 696 usu
674 669 928 695 sacramentorum
971 688 976 693 .
1026 688 1031 692 .
1056 680 1094 685 —-
1123 662 1182 690 569
1209 678 1247 682 ——

337 712 386 742 De
405 711 613 741 traditionibus
637 709 776 738 humanis
796 709 824 737 in
844 706 987 736 Ecclesia
1028 728 1033 733 .
1062 723 1095 727 —
1123 705 1183 733 573
1209 720 1246 725 ——

337 754 386 785 De
406 755 593 783 invocatione
612 756 783 782 sanctorum
810 774 1031 780 .....
1060 765 1089 770 —-
1123 748 1181 776 587
1211 764 1247 767 —

2235 212 2296 243 XX

1363 316 1412 347 De
1433 321 1560 355 utraque
1578 318 1685 355 specie
1703 327 1817 347 coenae
1836 316 1956 347 Domini
2000 342 2005 347 .
2054 342 2059 347 .
2096 327 2126 356 p.
2151 319 2211 347 595
2230 325 2278 356 sq.

1364 371 1413 401 De
1433 372 1573 410 coniugio
1591 371 1783 402 sacerdotum
1839 398 2061 403 .....
2086 390 2127 395 —-
2153 373 2212 401 597
2227 381 2295 410 sqq.

1366 427 1413 457 De
1432 426 1532 457 Missa
1568 448 2059 459 ..........
2095 445 2126 448 -
2153 428 2212 457 608
2237 444 2276 448 -

1410 487 1493 523 Quid
1511 487 1553 516 sit
1575 486 1772 521 sacrificium,
1791 489 1822 516 et
1840 496 1919 526 quae
1936 489 1998 518 sint
2016 498 2062 517 sa-

1454 529 1555 559 crificii
1575 529 1699 569 species
1732 553 2063 562 .......
2091 548 2129 552 —-
2154 531 2215 559 610
2240 547 2279 551 -

1410 571 1491 608 Quid
1511 576 1612 611 patres
1637 572 1676 601 de
1698 571 1848 601 sacrificio
1867 573 2021 603 senserint
2058 599 2063 605 .
2089 591 2129 596 —
2155 573 2225 602 620.

1410 615 1459 645 De
1478 625 1537 644 usu
1559 615 1757 647 sacramenti,
1781 617 1812 644 et
1830 613 1869 644 de
1891 615 2039 646 sacrificio
2064 641 2069 647 .
2095 634 2133 638 —
2158 617 2219 645 620
2232 624 2302 654 sqq.

1411 657 1460 688 De
1479 657 1636 687 vocabulis
1660 657 1779 687 Missae
1843 682 2063 689 .....
2090 676 2129 682 —
2155 659 2214 687 622
2241 676 2280 680 —

1367 701 1416 731 De
1435 701 1515 731 votis
1534 701 1712 731 monasticis
1733 723 2064 732 .......
2090 719 2131 724 -
2156 702 2214 731 627
2242 717 2281 722 —-

1367 744 1416 774 De
1435 748 1588 783 potestate
1607 743 1819 773 ecclesiastica
1843 765 2065 774 .....
2091 761 2130 767 -—
2156 745 2217 773 640
2242 761 2282 765 —
