2366 2958
140 133 147 141 ¹
157 159 223 191 53⁷

156 262 231 285 mus
243 253 297 289 ⁸⁸)
327 252 606 285 enumerationem
639 258 853 293 peccatorum
882 260 950 283 non
978 259 1056 300 esse
1081 259 1137 281 ne-

157 296 339 328 cessariam
368 296 443 327 lure
467 295 596 333 diuino,
627 294 728 336 ldque
758 294 866 336 placet
890 294 1136 330 Panormitano,

157 345 190 371 et
222 337 412 380 plaerisque
444 336 520 379 alijs
554 337 689 369 eruditis
724 338 808 368 luris
842 335 1015 368 consultis.
1066 334 1137 366 Nec

155 380 309 414 volumus
331 382 500 422 imponere
523 381 756 411 necessitatem
775 380 988 419 conscientijs
1007 384 1138 428 nostro-

155 434 227 456 rum
261 434 322 465 per
354 423 627 454 constitucionem
661 421 766 461 illam,
813 423 929 453 Omnis
957 428 1137 471 Vtriusque,

130 482 138 485 ·
155 467 198 498 de
222 477 287 508 qua
307 466 443 508 perinde
465 466 664 500 iudicamus,
687 472 722 496 vt
745 466 786 496 de
809 464 885 506 alijs
908 464 1136 495 traditionibus

154 508 328 547 humanis,
357 509 397 540 de
420 509 539 550 quibus
569 509 749 546 sentimus,
778 508 867 549 quod
890 517 955 538 non
979 507 1043 537 sint
1067 505 1136 555 cul-

154 558 208 584 tus
231 552 273 583 ad
301 552 566 583 iustificationem
595 551 788 591 necessarij.
844 550 885 581 Et
907 550 991 581 haec
1014 555 1137 580 consti-

154 596 243 627 tucio
264 604 333 626 rem
356 593 594 635 impossibilem
617 593 787 635 praecipit,
809 598 845 624 vt
867 593 975 624 omnia
997 598 1136 632 peccata

156 637 450 675 confiteamur-³⁴)
495 636 636 668 Constat
669 643 779 667 autem
806 634 948 676 plurima
981 644 1044 665 nos
1072 643 1135 665 nec

154 681 364 718 meminisse,
405 690 468 711 nec
508 678 709 721 intelligere,
750 679 840 709 iuxta
879 676 970 718 illud,
1004 676 1136 709 Delicta

155 724 229 765 quis
252 722 425 764 intelligit?
1113 763 1120 770 ·

241 766 277 797 Si
307 767 372 798 sint
404 765 481 797 boni
504 764 678 802 Pastores,
711 763 818 794 scient
845 770 1007 804 quatenus
1030 768 1137 804 prosit

155 809 343 840 examinare
365 808 477 846 rudes,
500 807 560 838 sed
583 805 672 837 illam
696 805 919 838 carnificinam
942 806 1134 838 summista—

154 862 226 883 rum
257 851 455 883 confirmare
488 859 555 880 non
584 848 756 883 volumus,
785 859 870 891 quae
898 856 1006 881 tamen
1029 849 1135 880 minus

152 893 274 926 suisset
303 891 551 930 intollerabilis,
579 892 607 922 si
636 893 773 923 verbum
796 903 894 923 vnum
918 893 1135 930 addidissent,

155 936 197 968 de
220 936 284 968 fide
307 934 520 972 consolante,
545 941 578 966 et
602 936 750 976 erigente
773 936 1014 973 conscientias,
1038 934 1135 966 Nunc

156 980 197 1011 de
220 979 284 1010 hac
308 978 373 1010 fide
404 984 630 1019 consequente
659 978 886 1009 remissionem
910 983 1135 1019 peccatorum,

154 1021 247 1054 nulla
281 1029 332 1052 est
365 1019 517 1063 syllaba,
550 1021 582 1051 in
617 1026 707 1051 tanta
736 1019 822 1051 mole
847 1021 1135 1059 constitucionum,

155 1063 339 1107 glosarum,
362 1065 587 1101 Summarum,
612 1062 928 1101 Confessionalium,
962 1064 1134 1105 Nusquam

154 1108 199 1139 ibi
223 1106 374 1138 Christus
397 1105 530 1149 legitur,
547 1108 599 1143 ³⁵)
627 1105 766 1137 Tantum
797 1106 952 1148 leguntur
980 1112 1134 1147 supputa-

155 1151 270 1181 cinnes
303 1156 526 1191 peccatorum.
582 1148 622 1179 Et
652 1149 791 1180 maxima
818 1159 896 1190 pars
930 1150 1135 1181 consumitur

153 1193 188 1224 in
217 1193 382 1233 peccatis,
410 1199 526 1224 contra
553 1191 747 1222 traditiones
772 1190 951 1230 humanas,
974 1202 1059 1233 quae
1083 1198 1134 1223 est

153 1236 345 1267 vanissima.
391 1235 483 1266 Haec
507 1235 657 1265 doctrina
679 1235 791 1276 adegit
813 1234 933 1266 multas
952 1235 1024 1276 pias
1044 1245 1133 1266 men-

153 1284 204 1310 tes
226 1279 269 1310 ad
293 1278 573 1319 desperationem,
601 1287 686 1318 quae
714 1287 780 1308 non
805 1284 981 1318 potuerunt
1003 1278 1134 1319 acquie-

153 1331 262 1358 scere,
284 1321 361 1362 quia
380 1321 568 1351 sentiebant
591 1320 664 1351 Iure
683 1320 794 1351 diuino
813 1321 1037 1352 necessariam
1057 1331 1133 1352 esse

152 1364 450 1400 enumerationem,
489 1369 522 1393 et
555 1368 664 1393 tamen
698 1364 952 1403 experiebantur
985 1363 1133 1404 impossi—

151 1405 251 1438 bilem
275 1416 363 1438 esse.
409 1406 477 1437 Sed
499 1405 637 1436 haerent
660 1404 726 1436 alia
753 1416 820 1436 non
844 1406 970 1437 minora
992 1407 1077 1437 sicia
1100 1407 1132 1438 in

152 1449 303 1481 doctrina
331 1448 598 1480 aduersariorum
628 1448 670 1479 de
696 1449 920 1489 poenitencia,
954 1459 1040 1490 quae
1067 1450 1131 1481 iam

151 1493 411 1524 recensebimus.

422 1610 485 1641 DE
508 1609 859 1641 POENITENCIA.

236 1696 272 1728 ln
295 1694 437 1728 articulo
460 1695 654 1727 duodecimo
676 1696 818 1737 probant
835 1696 972 1737 primam
991 1703 1129 1738 partem,

149 1750 215 1782 qna
238 1740 443 1781 exponimus,
465 1738 587 1780 Lapsis
610 1744 687 1779 post
709 1738 913 1780 Baptismum
937 1741 1129 1782 contingere

147 1792 251 1825 posse
269 1782 498 1814 remissionem
520 1787 732 1823 peccatorum
751 1791 950 1823 quocunque
968 1789 1128 1824 tempore,

148 1832 182 1857 et
205 1826 474 1868 quociescunque
497 1831 745 1856 conuertuntur.
790 1825 978 1856 Secundam
1000 1833 1127 1866 partem

147 1868 322 1907 damnant,
352 1869 384 1899 in
409 1878 474 1909 qua
499 1868 728 1908 poenitenciae
750 1874 864 1909 partes
887 1868 1026 1899 dicimus
1051 1879 1126 1901 esse

147 1912 384 1943 contricionem
408 1918 440 1942 et
464 1910 573 1942 fldem.
617 1910 749 1952 Negant
773 1910 868 1942 fidem
892 1921 968 1943 esse
987 1911 1127 1944 alteram

146 1961 272 1996 partem
307 1954 542 1995 poenitenciae.
592 1953 678 1988 Quid
709 1952 762 1985 hic
786 1953 908 1986 Carole
930 1953 1057 1986 Caesar
1080 1955 1127 1986 ln·

146 1997 330 2029 uictissime
353 1995 536 2028 faciamus?
579 1996 672 2028 Haec
694 2003 747 2027 est
774 1998 908 2038 propria
931 2008 997 2029 vox
1019 1997 1126 2029 Euan-

147 2039 244 2082 gelij,
272 2040 360 2081 quod
389 2040 454 2071 fide
488 2048 731 2080 consequamur
758 2041 987 2072 remissionem
1009 2051 1126 2082 pecca-

144 2089 264 2114 torum.
319 2083 414 2114 Hanc
441 2091 558 2113 vocem
584 2081 756 2124 Euangelij
791 2084 947 2115 damnant
968 2084 1022 2114 isti
1045 2085 1125 2116 scri-

144 2131 258 2167 ptores
283 2124 533 2156 confutacionis.
567 2125 637 2155 Nos
662 2125 760 2167 igitur
782 2125 873 2157 nullo
894 2127 993 2157 modo
1012 2137 1124 2159 assen-

143 2169 196 2200 tiri
226 2167 449 2199 consutacioni
482 2177 672 2209 possumus.
720 2168 794 2199 Non
826 2179 1005 2209 possumus
1036 2169 1125 2201 salu-

144 2212 319 2243 berrimam
338 2221 455 2242 vocem
474 2209 658 2252 Euangelij,
679 2216 711 2242 et
726 2210 857 2252 plenam
876 2212 1123 2244 consolacionis

144 2254 311 2286 damnare.
361 2253 446 2289 Quid
478 2260 528 2285 est
561 2252 651 2285 aliud
674 2263 814 2295 negare,
847 2255 935 2296 quod
957 2255 1022 2287 fide
1046 2266 1123 2288 con-

143 2307 182 2328 se
207 2307 324 2329 namur
357 2297 585 2328 remissionem
617 2303 849 2338 peccatorum,
882 2308 979 2339 quam
1009 2306 1122 2331 contu-

142 2308 241 2372 melia
263 2339 400 2371 afficere
428 2340 623 2381 sanguinem
651 2346 682 2370 et
706 2346 843 2371 mortem
867 2340 1011 2373 Christi?
1055 2342 1121 2373 Ro-

144 2392 262 2426 gamus
284 2383 383 2426 igitur
405 2388 438 2414 te
461 2381 581 2414 Carole
601 2381 728 2414 Caesar
751 2382 914 2415 inuictiss.
939 2390 973 2415 vt
994 2394 1058 2416 nos
1081 2386 1122 2417 de

141 2528 189 2561 ⁸3)
208 2528 344 2561 sentimus]
362 2528 451 2552 Nox-,x
471 2529 614 2552 senciamus

142 2572 190 2604 84)
209 2571 398 2603 confiteamur-,J
416 2571 464 2595 Ed.
485 2574 522 2596 4.:
543 2571 718 2595 confiteantur.

143 2615 189 2646 ⁸5)
207 2613 324 2646 legitur-‚1
341 2613 423 2638 Nor:
443 2615 546 2645 legitur.

506 157 546 190 n.
590 157 822 190 APOLOGIA
842 155 1158 190 CONFESSIONIS
1181 155 1499 191 AUGUSTANAB.
1543 157 1583 189 B.
1628 157 1820 191 ALTERA.

2102 163 2169 197 538

1188 248 1253 281 hac
1275 260 1312 281 re
1333 251 1486 290 maxima,
1508 261 1595 293 quae
1617 253 1827 294 praecipuum
1846 253 2020 297 Euangelij
2044 255 2167 296 locum,

1189 301 1275 333 quae
1298 302 1410 324 veram
1433 294 1556 326 Christi
1584 295 1823 336 cognitionem,
1853 307 1938 338 quae
1961 308 2074 330 verum
2099 298 2166 331 cul-

1189 340 1256 365 tum
1280 334 1342 366 Dei
1369 338 1522 375 continet,
1546 339 1714 378 pacienter
1737 349 1778 370 ac
1801 338 1974 382 diligenter
1995 343 2111 373 audias
2135 348 2167 374 et

1190 386 1391 418 cognoscas.
1437 379 1646 420 Comperient
1669 382 1752 412 enim
1777 391 1891 414 omnes
1914 383 1991 414 boni
2011 385 2080 420 tiri,
2105 395 2167 416 nos

1189 419 1222 449 in
1256 418 1320 450 hac
1352 430 1389 451 re
1412 424 1590 463 praecipue
1614 424 1770 455 docuisse
1794 435 1892 463 vcra,
1915 426 1986 466 pia,
2008 425 2167 465 salubria,

1189 467 1221 492 et
1254 465 1446 494 necessaria
1479 466 1654 497 vniuersae
1688 466 1860 499 Ecclesiae
1890 467 2024 501 Christi.
2070 469 2167 501 Com-

1188 504 1315 545 perient
1350 515 1391 536 ex
1424 508 1623 548 scriptis-³⁶)
1654 516 1841 541 nostrornm
1883 510 2055 552 plurimum
2084 511 2168 544 lucis

1189 549 1380 579 accessisse
1407 547 1610 591 Euangelio,
1639 559 1670 582 et
1701 551 1822 584 multos
1845 554 2053 594 perniciosos
2076 565 2166 587 erro-

1188 599 1245 620 res
1273 591 1464 622 emendatos
1494 602 1589 631 esse,
1616 595 1734 635 quibus
1763 602 1859 626 antea
1883 598 2000 628 obruta
2024 595 2084 629 fuit
2107 598 2164 630 do-

1189 633 1295 663 ctrina
1328 633 1370 664 de
1399 635 1624 675 poenitencia,
1652 647 1710 677 per
1739 637 2022 671 Scholasticorum
2051 647 2083 672 et
2107 640 2166 672 Ca-

1188 675 1395 707 nonistarum
1419 677 1603 718 opiniones.

1273 719 1325 750 Ac
1353 720 1545 761 priusquam
1572 721 1762 753 accedimus
1789 724 1831 754 ad
1859 723 2084 757 defensionem
2108 736 2165 758 no-

1189 767 1279 792 strae
1301 763 1502 799 sentenciae,
1521 763 1586 794 hoc
1608 763 1822 804 praefandum
1845 773 1908 799 est.
1943 768 2068 800 Omnes
2087 769 2164 800 boni

1188 804 1259 842 viri,
1284 805 1426 836 omnium
1451 806 1600 838 ordinum
1629 817 1668 838 ac
1691 807 1885 851 Theologici
1909 811 2033 841 ordinis
2056 813 2164 851 etiam,

1188 846 1276 878 haud
1299 848 1397 878 dubie
1421 846 1576 887 fatentur,
1599 855 1676 881 ante
1694 850 1828 883 Lutheri
1847 853 1983 893 scripta,
2002 853 2165 885 confusis-

1188 889 1302 920 simam
1317 892 1370 927 37)
1405 889 1509 922 fuisse
1544 892 1726 924 doctrinam
1760 896 1989 935 poenitentiae.
2046 897 2166 929 Extant

1188 930 1262 963 libri
1293 933 1613 973 Sentenciariorum,
1644 936 1700 966 vbi
1729 943 1805 968 sunt
1833 938 1977 970 infinitae
2000 941 2164 981 quaestio-

1186 984 1266 1013 nes,
1300 986 1383 1016 quas
1412 976 1493 1008 nulli
1516 977 1678 1020 Theologi
1713 989 1854 1021 vnquam
1884 982 1966 1012 satis
1999 981 2165 1023 explicare

1186 1024 1374 1058 potuerunt.
1420 1018 1568 1060 Populus
1596 1030 1705 1062 neque
1727 1024 1774 1053 rei
1805 1034 1964 1055 summam
1989 1024 2164 1066 complecti

1187 1062 1309 1101 potuit,
1333 1071 1396 1093 nec
1420 1063 1532 1094 videre
1555 1073 1642 1105 quae
1665 1066 1839 1106 praecipue
1862 1067 2110 1108 requirerentur
2132 1070 2164 1100 in

1186 1103 1406 1143 poenitencia,
1430 1106 1485 1136 vbi
1508 1107 1698 1147 quaerenda
1721 1115 1811 1140 esset
1839 1120 1903 1150 pax
1926 1111 2163 1143 conscientiae.

1186 1146 1329 1177 Prodeat
1364 1148 1461 1180 nobis
1493 1148 1612 1190 aliquis
1648 1160 1688 1180 ex
1720 1151 1942 1192 aduersarijs,
1976 1154 2030 1194 qui
2064 1154 2164 1194 dicat,

1185 1189 1318 1230 quando
1363 1190 1418 1221 fiat
1460 1192 1612 1223 remissio
1650 1199 1871 1233 peccatorum.
1929 1195 2024 1227 Bone
2056 1195 2162 1236 Deus,

1185 1238 1328 1273 quantae
1362 1235 1517 1265 tenebrae
1546 1241 1633 1265 sunt.
1688 1234 1860 1275 Dubitant‚
1883 1244 1991 1270 vtrum
2015 1239 2047 1270 in
2077 1241 2163 1272 attri-

1187 1275 1301 1313 cioue,
1326 1274 1379 1306 vel
1401 1277 1433 1307 in
1458 1277 1661 1309 contricione
1683 1279 1740 1310 fiat
1763 1281 1916 1312 remissio
1938 1288 2161 1323 peccatorum.

1185 1316 1227 1348 Et
1254 1318 1282 1348 si
1311 1317 1347 1349 fit
1369 1327 1505 1360 propter
1529 1321 1783 1360 contricionem,
1815 1324 1892 1364 quid
1914 1335 1999 1365 opus
2021 1332 2073 1356 est
2094 1325 2160 1357 Ab·

1184 1358 1368 1399 solucione,
1390 1363 1468 1403 quid
1489 1364 1555 1404 agit
1580 1370 1729 1404 potestas
1753 1363 1912 1405 clauium,
1936 1367 1964 1398 si
1987 1375 2161 1408 peccatum

1182 1403 1246 1434 iam
1277 1409 1328 1435 est
1355 1405 1555 1436 remissum?
1609 1406 1672 1438 Hic
1700 1417 1782 1439 vero
1809 1408 1912 1440 multo
1936 1411 2042 1452 magis
2065 1412 2162 1443 etiam

1183 1446 1322 1484 sudant,
1370 1453 1402 1478 et
1435 1454 1632 1489 potestatem
1671 1448 1813 1482 clauium
1847 1452 1944 1494 impie
1971 1459 2160 1493 extenuant,

1182 1487 1249 1529 Alij
1284 1492 1449 1521 somniant
1478 1497 1643 1532 potestate
1670 1491 1811 1525 clauium
1839 1505 1905 1526 non
1939 1497 2056 1528 remitti
2092 1496 2161 1529 cul-

1182 1541 1275 1572 pam,
1310 1533 1371 1563 sed
1397 1535 1513 1564 mutari
1542 1544 1669 1575 poenas
1698 1543 1870 1576 aeternas,
1893 1538 1925 1569 in
1949 1539 2159 1580 temporales.

1182 1574 1230 1605 lta
1262 1573 1477 1607 saluberrima
1511 1583 1676 1618 potestas,
1717 1586 1808 1611 esset
1847 1581 2059 1615 ministerium.
2092 1593 2160 1615 non

1181 1617 1287 1656 vitae,
1323 1624 1355 1649 et
1379 1619 1531 1660 spiritus,
1562 1621 1623 1651 sed
1647 1626 1771 1653 tantum
1793 1623 1878 1662 irae,
1914 1631 1945 1655 et
1967 1635 2159 1665 poenarum,

1181 1658 1236 1700 alij
1271 1659 1425 1693 videlicet
1459 1663 1624 1694 cautiores
1659 1664 1787 1705 fingunt
1818 1672 1984 1706 potestate
2017 1667 2160 1700 clauium

1180 1704 1298 1734 remitti
1325 1711 1480 1745 peccata,
1511 1715 1623 1737 coram
1646 1706 1817 1747 Ecclesia,
1849 1719 1916 1741 non
1938 1720 2050 1742 coram
2073 1710 2157 1744 Deo.

1180 1745 1242 1776 Hic
1271 1756 1403 1788 quoque
1432 1749 1640 1789 perniciosus
1669 1760 1764 1782 error
1793 1757 1852 1783 est.
1905 1753 1989 1784 Nam
2011 1754 2039 1785 si
2068 1761 2160 1796 pote-

1179 1794 1250 1819 stas
1274 1788 1415 1822 clauium
1438 1801 1503 1822 non
1528 1791 1720 1824 consolatur
1743 1803 1805 1825 nos
1829 1805 1941 1827 coram
1963 1795 2050 1833 Deo,
2074 1807 2159 1839 quae

1179 1841 1233 1862 res
1274 1833 1406 1864 tandem
1448 1834 1562 1865 reddet
1595 1842 1747 1875 pacatam
1779 1838 2037 1870 conscientiam?
2090 1839 2158 1871 lam

1178 1872 1234 1904 illa
1257 1882 1332 1906 sunt
1361 1876 1468 1918 magis
1497 1877 1594 1908 etiam
1624 1877 1793 1920 perplexa.
1838 1880 1971 1913 Docent
1993 1891 2055 1913 nos
2079 1893 2156 1914 con·

1177 1917 1316 1949 tricione
1350 1919 1466 1950 mereri
1500 1921 1649 1961 gratiam.
1708 1921 1770 1953 Vbi
1805 1923 1832 1954 si
1862 1925 1935 1965 quis
1965 1925 2158 1968 interroget,

1177 1969 1280 2001 quare
1309 1960 1408 1999 Saul,
1449 1961 1567 2001 ludas,
1607 1970 1640 1995 et
1669 1964 1793 1996 similes
1822 1976 1887 1997 non
1910 1975 2158 2009 consequantur

1178 2003 1337 2044 gratiam,
1367 2005 1421 2046 qui
1443 2003 1643 2038 horribiliter
1666 2008 1796 2039 contriti
1818 2016 1907 2047 sunt,
1931 2009 1992 2041 Hic
2015 2011 2056 2042 de
2079 2011 2155 2050 fide,

1177 2051 1209 2076 et
1244 2046 1285 2077 de
1319 2046 1502 2089 Euangelio
1532 2050 1798 2090 respondendum
1831 2058 1919 2091 erat,
1946 2054 2034 2095 quod
2057 2053 2155 2086 Iudas

1176 2098 1241 2119 non
1267 2090 1459 2129 crediderit,
1488 2101 1554 2122 non
1578 2093 1721 2124 erexerit
1747 2103 1785 2125 se
1808 2093 1989 2137 Euangelio
2018 2103 2050 2128 et
2080 2108 2155 2138 pro-

1175 2132 1335 2163 missione
1363 2132 1496 2164 Christi.
1552 2134 1652 2167 Fides
1682 2137 1770 2167 enim
1800 2139 2010 2177 ostenditssss)
2041 2140 2153 2171 discri-

1174 2185 1248 2205 men
1272 2175 1354 2206 inter
1377 2177 1611 2209 contricionem
1634 2179 1733 2210 iudae
1756 2185 1789 2211 et
1807 2179 1904 2212 Petri.
1952 2181 2074 2214 Verum
2097 2184 2153 2214 ad-

1173 2219 1313 2258 uersarij
1348 2218 1390 2250 de
1422 2218 1497 2261 lege
1530 2222 1749 2262 respondent,
1777 2224 1864 2263 quod
1893 2223 1991 2255 ludas
2020 2235 2085 2256 non
2107 2226 2153 2257 di-

1173 2258 1289 2291 lexerit
1308 2261 1427 2300 Deum,
1450 2263 1510 2293 sed
1535 2264 1677 2295 timuerit
1698 2274 1833 2306 poenas.
1879 2266 2019 2302 Quando
2043 2273 2152 2300 autem

1173 2304 1286 2335 territa
1314 2306 1535 2343 conscientia,
1569 2308 1764 2347 praesertim
1787 2308 1819 2338 in
1844 2310 1961 2349 serijs,
1986 2311 2093 2349 veris,
2121 2318 2153 2343 et

1172 2344 1238 2377 illis
1262 2348 1390 2389 magnis
1414 2349 1608 2387 terroribus,
1632 2351 1686 2392 qui
1709 2350 1941 2383 describuntur
1959 2353 1991 2383 in
2012 2352 2152 2385 Psalmis

1171 2399 1213 2420 ac
1243 2389 1436 2431 Prophetis,
1470 2397 1503 2422 et
1536 2402 1621 2433 quos
1664 2399 1754 2424 certe
1785 2393 1963 2436 degustant
1994 2396 2063 2434 isti,
2097 2398 2151 2438 qui

1170 2533 1218 2566 86)
1236 2541 1268 2558 ex
1287 2535 1397 2568 scriptis]
1417 2536 1505 2560 Nor.:
1526 2537 1627 2568 scripti:

1170 2577 1216 2608 87)
1236 2577 1450 2612 confusissimum]
1470 2579 1518 2602 Ed.
1537 2580 1562 2603 4.
1582 2583 1632 2612 ψῃ.
1654 2588 1718 2605 ενι-,ι
1736 2581 1919 2607 confusum-m

1170 2619 1216 2651 88)
1237 2620 1362 2652 ostendit]
1381 2621 1471 2645 Non:
1491 2621 1551 2645 facit
