<?xml version="1.0" encoding="UTF-8"?>
<!DOCTYPE html PUBLIC "-//W3C//DTD XHTML 1.0 Transitional//EN"
    "http://www.w3.org/TR/xhtml1/DTD/xhtml1-transitional.dtd">
<html xmlns="http://www.w3.org/1999/xhtml" xml:lang="en" lang="en">
 <head>
  <title>
</title>
<meta http-equiv="Content-Type" content="text/html;charset=utf-8" />
  <meta name='ocr-system' content='tesseract 3.04.00' />
  <meta name='ocr-capabilities' content='ocr_page ocr_carea ocr_par ocr_line ocrx_word'/>
</head>
<body>
  <div class='ocr_page' id='page_1' title='image "./operaquaesupersu27melauoft_0247.png"; bbox 0 0 2366 2958; ppageno 0'>
   <div class='ocr_carea' id='block_1_1' title="bbox 105 147 1081 307">
    <p class='ocr_par' dir='ltr' id='par_1_1' title="bbox 105 147 1081 307">
     <span class='ocr_line' id='line_1_1' title="bbox 105 147 487 180; baseline -0.003 0"><span class='ocrx_word' id='word_1_1' title='bbox 105 147 173 180; x_wconf 72' lang='lat'><strong>485·</strong></span> <span class='ocrx_word' id='word_1_2' title='bbox 448 147 487 179; x_wconf 89' lang='lat'><strong>11.</strong></span> 
     </span>
     <span class='ocr_line' id='line_1_2' title="bbox 105 241 1081 274; baseline -0.001 -8"><span class='ocrx_word' id='word_1_3' title='bbox 105 242 174 273; x_wconf 86' lang='lat' dir='ltr'><strong>apud</strong></span> <span class='ocrx_word' id='word_1_4' title='bbox 191 248 228 271; x_wconf 83' lang='lat' dir='ltr'><strong>se,</strong></span> <span class='ocrx_word' id='word_1_5' title='bbox 245 242 342 266; x_wconf 78' lang='lat' dir='ltr'>remitti</span> <span class='ocrx_word' id='word_1_6' title='bbox 361 242 421 272; x_wconf 85' lang='lat' dir='ltr'><strong>sibi,</strong></span> <span class='ocrx_word' id='word_1_7' title='bbox 439 246 466 266; x_wconf 84' lang='lat' dir='ltr'><strong>et</strong></span> <span class='ocrx_word' id='word_1_8' title='bbox 482 249 510 266; x_wconf 88' lang='lat' dir='ltr'><strong>se</strong></span> <span class='ocrx_word' id='word_1_9' title='bbox 527 242 582 274; x_wconf 88' lang='lat' dir='ltr'><strong>ipse</strong></span> <span class='ocrx_word' id='word_1_10' title='bbox 601 242 717 266; x_wconf 82' lang='lat' dir='ltr'>excludit</span> <span class='ocrx_word' id='word_1_11' title='bbox 734 241 767 266; x_wconf 82' lang='lat' dir='ltr'><strong>ab</strong></span> <span class='ocrx_word' id='word_1_12' title='bbox 789 241 932 266; x_wconf 74' lang='lat' dir='ltr'><strong>vniuersali</strong></span> <span class='ocrx_word' id='word_1_13' title='bbox 955 241 1081 265; x_wconf 82' lang='lat' dir='ltr'><strong>beneficio</strong></span> 
     </span>
     <span class='ocr_line' id='line_1_3' title="bbox 106 275 447 307; baseline 0 -7"><span class='ocrx_word' id='word_1_14' title='bbox 106 280 135 300; x_wconf 83' lang='lat' dir='ltr'><strong>et</strong></span> <span class='ocrx_word' id='word_1_15' title='bbox 151 276 323 307; x_wconf 74' lang='lat' dir='ltr'>promissione</span> <span class='ocrx_word' id='word_1_16' title='bbox 341 275 447 301; x_wconf 79' lang='lat' dir='ltr'><strong>Christi.</strong></span> 
     </span>
    </p>
   </div>
   <div class='ocr_carea' id='block_1_2' title="bbox 66 318 1082 1339">
    <p class='ocr_par' dir='ltr' id='par_1_2' title="bbox 66 318 1082 1339">
     <span class='ocr_line' id='line_1_4' title="bbox 175 318 1082 350; baseline 0 -9"><span class='ocrx_word' id='word_1_17' title='bbox 175 319 252 343; x_wconf 80' lang='lat' dir='ltr'><strong>Nunc</strong></span> <span class='ocrx_word' id='word_1_18' title='bbox 273 318 354 350; x_wconf 80' lang='lat' dir='ltr'><strong>igitur</strong></span> <span class='ocrx_word' id='word_1_19' title='bbox 377 319 528 350; x_wconf 79' lang='lat' dir='ltr'><strong>colligamus</strong></span> <span class='ocrx_word' id='word_1_20' title='bbox 553 319 654 350; x_wconf 78' lang='lat' dir='ltr'><strong>aliquot</strong></span> <span class='ocrx_word' id='word_1_21' title='bbox 678 318 825 342; x_wconf 82' lang='lat' dir='ltr'><strong>testimonia</strong></span> <span class='ocrx_word' id='word_1_22' title='bbox 848 321 955 342; x_wconf 85' lang='lat' dir='ltr'><strong>nostrae</strong></span> <span class='ocrx_word' id='word_1_23' title='bbox 978 321 1082 341; x_wconf 88' lang='lat' dir='ltr'><strong>senteu-</strong></span> 
     </span>
     <span class='ocr_line' id='line_1_5' title="bbox 105 352 1081 382; baseline -0.003 -5"><span class='ocrx_word' id='word_1_24' title='bbox 105 354 169 382; x_wconf 71' lang='lat' dir='ltr'><strong>cine,</strong></span> <span class='ocrx_word' id='word_1_25' title='bbox 187 353 309 377; x_wconf 75' lang='lat' dir='ltr'><strong>videlicet</strong></span> <span class='ocrx_word' id='word_1_26' title='bbox 327 360 383 377; x_wconf 90' lang='lat' dir='ltr'><strong>cnm</strong></span> <span class='ocrx_word' id='word_1_27' title='bbox 398 353 510 377; x_wconf 85' lang='lat' dir='ltr'><strong>donatus</strong></span> <span class='ocrx_word' id='word_1_28' title='bbox 529 354 566 378; x_wconf 84' lang='lat' dir='ltr'><strong>sit</strong></span> <span class='ocrx_word' id='word_1_29' title='bbox 584 353 659 376; x_wconf 87' lang='lat' dir='ltr'><strong>nobis</strong></span> <span class='ocrx_word' id='word_1_30' title='bbox 679 353 745 376; x_wconf 88' lang='lat' dir='ltr'><strong>filius</strong></span> <span class='ocrx_word' id='word_1_31' title='bbox 769 352 826 382; x_wconf 83' lang='lat' dir='ltr'><strong>dei,</strong></span> <span class='ocrx_word' id='word_1_32' title='bbox 851 357 877 375; x_wconf 77' lang='lat' dir='ltr'><strong>vt</strong></span> <span class='ocrx_word' id='word_1_33' title='bbox 895 355 1001 382; x_wconf 84' lang='lat' dir='ltr'><strong>propter</strong></span> <span class='ocrx_word' id='word_1_34' title='bbox 1023 358 1081 374; x_wconf 91' lang='lat' dir='ltr'><strong>eum</strong></span> 
     </span>
     <span class='ocr_line' id='line_1_6' title="bbox 104 385 1081 419; baseline -0.002 -9"><span class='ocrx_word' id='word_1_35' title='bbox 104 388 173 418; x_wconf 85' lang='lat' dir='ltr'><strong>patri</strong></span> <span class='ocrx_word' id='word_1_36' title='bbox 193 387 283 411; x_wconf 80' lang='lat' dir='ltr'><strong>fiamus</strong></span> <span class='ocrx_word' id='word_1_37' title='bbox 302 387 408 419; x_wconf 81' lang='lat' dir='ltr'><strong>accepti,</strong></span> <span class='ocrx_word' id='word_1_38' title='bbox 427 387 497 418; x_wconf 84' lang='lat' dir='ltr'><strong>quod</strong></span> <span class='ocrx_word' id='word_1_39' title='bbox 515 395 568 411; x_wconf 89' lang='lat' dir='ltr'><strong>non</strong></span> <span class='ocrx_word' id='word_1_40' title='bbox 593 386 761 410; x_wconf 83' lang='lat' dir='ltr'><strong>iustificemur</strong></span> <span class='ocrx_word' id='word_1_41' title='bbox 785 387 880 410; x_wconf 84' lang='lat' dir='ltr'><strong>nostris</strong></span> <span class='ocrx_word' id='word_1_42' title='bbox 903 386 1013 415; x_wconf 86' lang='lat' dir='ltr'><strong>meritis,</strong></span> <span class='ocrx_word' id='word_1_43' title='bbox 1037 385 1081 408; x_wconf 92' lang='lat' dir='ltr'><strong>sed</strong></span> 
     </span>
     <span class='ocr_line' id='line_1_7' title="bbox 104 419 1081 453; baseline -0.003 -8"><span class='ocrx_word' id='word_1_44' title='bbox 104 421 156 445; x_wconf 81' lang='lat' dir='ltr'><strong>lide</strong></span> <span class='ocrx_word' id='word_1_45' title='bbox 173 422 201 446; x_wconf 88' lang='lat' dir='ltr'><strong>in</strong></span> <span class='ocrx_word' id='word_1_46' title='bbox 219 421 363 451; x_wconf 84' lang='lat' dir='ltr'><strong>Christum,</strong></span> <span class='ocrx_word' id='word_1_47' title='bbox 381 420 476 445; x_wconf 85' lang='lat' dir='ltr'><strong>Paulus</strong></span> <span class='ocrx_word' id='word_1_48' title='bbox 496 422 528 445; x_wconf 90' lang='lat' dir='ltr'><strong>ad</strong></span> <span class='ocrx_word' id='word_1_49' title='bbox 548 421 623 446; x_wconf 82' lang='lat' dir='ltr'><strong>Rom.</strong></span> <span class='ocrx_word' id='word_1_50' title='bbox 643 422 691 453; x_wconf 86' lang='lat' dir='ltr'><strong>iiij.</strong></span> <span class='ocrx_word' id='word_1_51' title='bbox 711 421 806 452; x_wconf 82' lang='lat' dir='ltr'><strong>inquit,</strong></span> <span class='ocrx_word' id='word_1_52' title='bbox 831 420 862 443; x_wconf 83' lang='lat' dir='ltr'><strong>Ei</strong></span> <span class='ocrx_word' id='word_1_53' title='bbox 885 426 949 443; x_wconf 84' lang='lat' dir='ltr'><strong>vero</strong></span> <span class='ocrx_word' id='word_1_54' title='bbox 968 419 1011 450; x_wconf 89' lang='lat' dir='ltr'><strong>qui</strong></span> <span class='ocrx_word' id='word_1_55' title='bbox 1029 425 1081 442; x_wconf 89' lang='lat' dir='ltr'><strong>nou</strong></span> 
     </span>
     <span class='ocr_line' id='line_1_8' title="bbox 105 454 1081 486; baseline -0.002 -8"><span class='ocrx_word' id='word_1_56' title='bbox 105 459 241 486; x_wconf 75' lang='lat' dir='ltr'><strong>operatur,</strong></span> <span class='ocrx_word' id='word_1_57' title='bbox 264 456 377 479; x_wconf 85' lang='lat' dir='ltr'><strong>credenti</strong></span> <span class='ocrx_word' id='word_1_58' title='bbox 400 460 486 479; x_wconf 77' lang='lat' dir='ltr'><strong>autem</strong></span> <span class='ocrx_word' id='word_1_59' title='bbox 509 458 535 479; x_wconf 87' lang='lat' dir='ltr'><strong>in</strong></span> <span class='ocrx_word' id='word_1_60' title='bbox 559 463 616 479; x_wconf 89' lang='lat' dir='ltr'><strong>eum</strong></span> <span class='ocrx_word' id='word_1_61' title='bbox 641 456 684 486; x_wconf 92' lang='lat' dir='ltr'><strong>qui</strong></span> <span class='ocrx_word' id='word_1_62' title='bbox 702 455 824 479; x_wconf 82' lang='lat' dir='ltr'><strong>iustificat</strong></span> <span class='ocrx_word' id='word_1_63' title='bbox 841 454 960 485; x_wconf 89' lang='lat' dir='ltr'><strong>impium,</strong></span> <span class='ocrx_word' id='word_1_64' title='bbox 980 458 1081 484; x_wconf 84' lang='lat' dir='ltr'><strong>reputa-</strong></span> 
     </span>
     <span class='ocr_line' id='line_1_9' title="bbox 105 487 1080 520; baseline -0.004 -6"><span class='ocrx_word' id='word_1_65' title='bbox 105 493 148 514; x_wconf 86' lang='lat' dir='ltr'><strong>tur</strong></span> <span class='ocrx_word' id='word_1_66' title='bbox 169 489 234 514; x_wconf 79' lang='lat' dir='ltr'><strong>fides</strong></span> <span class='ocrx_word' id='word_1_67' title='bbox 252 490 308 514; x_wconf 86' lang='lat' dir='ltr'><strong>eins</strong></span> <span class='ocrx_word' id='word_1_68' title='bbox 331 490 366 513; x_wconf 90' lang='lat' dir='ltr'><strong>ad</strong></span> <span class='ocrx_word' id='word_1_69' title='bbox 388 491 529 519; x_wconf 85' lang='lat' dir='ltr'><strong>iusticiam,</strong></span> <span class='ocrx_word' id='word_1_70' title='bbox 554 490 693 514; x_wconf 87' lang='lat' dir='ltr'><strong>secundum</strong></span> <span class='ocrx_word' id='word_1_71' title='bbox 717 490 876 520; x_wconf 83' lang='lat' dir='ltr'><strong>propositum</strong></span> <span class='ocrx_word' id='word_1_72' title='bbox 901 488 1000 518; x_wconf 86' lang='lat' dir='ltr'><strong>gratiae</strong></span> <span class='ocrx_word' id='word_1_73' title='bbox 1021 487 1080 511; x_wconf 94' lang='lat' dir='ltr'><strong>Dei.</strong></span> 
     </span>
     <span class='ocr_line' id='line_1_10' title="bbox 104 521 1082 555; baseline -0.003 -8"><span class='ocrx_word' id='word_1_74' title='bbox 104 523 165 548; x_wconf 77' lang='lat' dir='ltr'><strong>Non</strong></span> <span class='ocrx_word' id='word_1_75' title='bbox 183 525 268 554; x_wconf 78' lang='lat' dir='ltr'><strong>pontit</strong></span> <span class='ocrx_word' id='word_1_76' title='bbox 284 525 366 554; x_wconf 83' lang='lat' dir='ltr'><strong>magis</strong></span> <span class='ocrx_word' id='word_1_77' title='bbox 385 525 517 555; x_wconf 80' lang='lat' dir='ltr'><strong>perspicue</strong></span> <span class='ocrx_word' id='word_1_78' title='bbox 536 525 616 555; x_wconf 87' lang='lat' dir='ltr'><strong>loqui,</strong></span> <span class='ocrx_word' id='word_1_79' title='bbox 635 524 698 548; x_wconf 91' lang='lat' dir='ltr'><strong>dicit</strong></span> <span class='ocrx_word' id='word_1_80' title='bbox 715 523 792 547; x_wconf 82' lang='lat' dir='ltr'><strong>fidem</strong></span> <span class='ocrx_word' id='word_1_81' title='bbox 810 523 924 554; x_wconf 79' lang='lat' dir='ltr'><strong>reputari</strong></span> <span class='ocrx_word' id='word_1_82' title='bbox 942 529 958 545; x_wconf 85' lang='lat' dir='ltr'><strong>a</strong></span> <span class='ocrx_word' id='word_1_83' title='bbox 970 521 1029 545; x_wconf 85' lang='lat' dir='ltr'><strong>Deo</strong></span> <span class='ocrx_word' id='word_1_84' title='bbox 1048 521 1082 545; x_wconf 88' lang='lat' dir='ltr'><strong>ad</strong></span> 
     </span>
     <span class='ocr_line' id='line_1_11' title="bbox 103 556 1081 589; baseline -0.003 -8"><span class='ocrx_word' id='word_1_85' title='bbox 103 558 246 588; x_wconf 80' lang='lat' dir='ltr'><strong>iusticiam,</strong></span> <span class='ocrx_word' id='word_1_86' title='bbox 271 562 297 581; x_wconf 89' lang='lat' dir='ltr'><strong>et</strong></span> <span class='ocrx_word' id='word_1_87' title='bbox 319 558 424 589; x_wconf 89' lang='lat' dir='ltr'><strong>quidem</strong></span> <span class='ocrx_word' id='word_1_88' title='bbox 451 559 509 583; x_wconf 89' lang='lat' dir='ltr'><strong>sine</strong></span> <span class='ocrx_word' id='word_1_89' title='bbox 535 558 671 589; x_wconf 81' lang='lat' dir='ltr'><strong>operibus,</strong></span> <span class='ocrx_word' id='word_1_90' title='bbox 698 557 801 581; x_wconf 82' lang='lat' dir='ltr'>addidit</span> <span class='ocrx_word' id='word_1_91' title='bbox 827 557 894 580; x_wconf 88' lang='lat' dir='ltr'><strong>enim</strong></span> <span class='ocrx_word' id='word_1_92' title='bbox 919 557 942 579; x_wconf 87' lang='lat' dir='ltr'><strong>ei</strong></span> <span class='ocrx_word' id='word_1_93' title='bbox 966 556 1081 587; x_wconf 85' lang='lat' dir='ltr'><strong>quinon</strong></span> 
     </span>
     <span class='ocr_line' id='line_1_12' title="bbox 104 590 1080 623; baseline -0.003 -8"><span class='ocrx_word' id='word_1_94' title='bbox 104 595 235 622; x_wconf 80' lang='lat' dir='ltr'>operatur.</span> <span class='ocrx_word' id='word_1_95' title='bbox 271 592 350 616; x_wconf 82' lang='lat' dir='ltr'><strong>Fides</strong></span> <span class='ocrx_word' id='word_1_96' title='bbox 369 593 449 623; x_wconf 71' lang='lat' dir='ltr'><strong>igitur</strong></span> <span class='ocrx_word' id='word_1_97' title='bbox 467 599 505 616; x_wconf 82' lang='lat' dir='ltr'><strong>est</strong></span> <span class='ocrx_word' id='word_1_98' title='bbox 523 593 568 617; x_wconf 89' lang='lat' dir='ltr'><strong>illa</strong></span> <span class='ocrx_word' id='word_1_99' title='bbox 586 599 640 621; x_wconf 89' lang='lat' dir='ltr'><strong>res,</strong></span> <span class='ocrx_word' id='word_1_100' title='bbox 659 598 735 623; x_wconf 87' lang='lat' dir='ltr'><strong>quam</strong></span> <span class='ocrx_word' id='word_1_101' title='bbox 753 591 824 615; x_wconf 86' lang='lat' dir='ltr'><strong>Deus</strong></span> <span class='ocrx_word' id='word_1_102' title='bbox 844 591 954 621; x_wconf 75' lang='lat' dir='ltr'>imputat</span> <span class='ocrx_word' id='word_1_103' title='bbox 978 597 1024 621; x_wconf 79' lang='lat' dir='ltr'><strong>pro</strong></span> <span class='ocrx_word' id='word_1_104' title='bbox 1042 590 1080 613; x_wconf 89' lang='lat' dir='ltr'><strong>iu-</strong></span> 
     </span>
     <span class='ocr_line' id='line_1_13' title="bbox 103 622 1080 658; baseline -0.003 -9"><span class='ocrx_word' id='word_1_105' title='bbox 103 626 189 655; x_wconf 86' lang='lat' dir='ltr'><strong>sticia,</strong></span> <span class='ocrx_word' id='word_1_106' title='bbox 206 633 282 657; x_wconf 81' lang='lat' dir='ltr'><strong>quam</strong></span> <span class='ocrx_word' id='word_1_107' title='bbox 301 625 372 649; x_wconf 83' lang='lat' dir='ltr'><strong>Deus</strong></span> <span class='ocrx_word' id='word_1_108' title='bbox 390 631 516 658; x_wconf 75' lang='lat' dir='ltr'><strong>acceptat,</strong></span> <span class='ocrx_word' id='word_1_109' title='bbox 535 631 562 650; x_wconf 84' lang='lat' dir='ltr'><strong>ct</strong></span> <span class='ocrx_word' id='word_1_110' title='bbox 578 626 732 658; x_wconf 79' lang='lat' dir='ltr'>pronunciat</span> <span class='ocrx_word' id='word_1_111' title='bbox 750 632 806 648; x_wconf 87' lang='lat' dir='ltr'><strong>esse</strong></span> <span class='ocrx_word' id='word_1_112' title='bbox 830 624 966 648; x_wconf 78' lang='lat' dir='ltr'><strong>iusticiam.</strong></span> <span class='ocrx_word' id='word_1_113' title='bbox 1003 622 1036 646; x_wconf 83' lang='lat' dir='ltr'><strong>Et</strong></span> <span class='ocrx_word' id='word_1_114' title='bbox 1053 624 1080 647; x_wconf 86' lang='lat' dir='ltr'><strong>in</strong></span> 
     </span>
     <span class='ocr_line' id='line_1_14' title="bbox 103 658 1080 693; baseline -0.004 -9"><span class='ocrx_word' id='word_1_115' title='bbox 103 660 196 684; x_wconf 86' lang='lat' dir='ltr'><strong>eodem</strong></span> <span class='ocrx_word' id='word_1_116' title='bbox 214 661 301 691; x_wconf 84' lang='lat' dir='ltr'><strong>capite</strong></span> <span class='ocrx_word' id='word_1_117' title='bbox 317 661 456 691; x_wconf 80' lang='lat' dir='ltr'><strong>aliquoties</strong></span> <span class='ocrx_word' id='word_1_118' title='bbox 475 661 569 693; x_wconf 78' lang='lat' dir='ltr'><strong>repetit</strong></span> <span class='ocrx_word' id='word_1_119' title='bbox 587 661 677 684; x_wconf 83' lang='lat' dir='ltr'><strong>eadem</strong></span> <span class='ocrx_word' id='word_1_120' title='bbox 695 659 790 687; x_wconf 86' lang='lat' dir='ltr'><strong>verba,</strong></span> <span class='ocrx_word' id='word_1_121' title='bbox 815 659 886 689; x_wconf 88' lang='lat' dir='ltr'><strong>quod</strong></span> <span class='ocrx_word' id='word_1_122' title='bbox 911 658 974 681; x_wconf 83' lang='lat' dir='ltr'><strong>fides</strong></span> <span class='ocrx_word' id='word_1_123' title='bbox 998 658 1080 688; x_wconf 87' lang='lat' dir='ltr'><strong>impu-</strong></span> 
     </span>
     <span class='ocr_line' id='line_1_15' title="bbox 103 691 1080 726; baseline -0.002 -9"><span class='ocrx_word' id='word_1_124' title='bbox 103 697 173 718; x_wconf 84' lang='lat' dir='ltr'><strong>tetur</strong></span> <span class='ocrx_word' id='word_1_125' title='bbox 196 694 231 718; x_wconf 80' lang='lat' dir='ltr'><strong>ad</strong></span> <span class='ocrx_word' id='word_1_126' title='bbox 255 695 389 718; x_wconf 81' lang='lat' dir='ltr'><strong>iusticiam.</strong></span> <span class='ocrx_word' id='word_1_127' title='bbox 425 695 530 719; x_wconf 81' lang='lat' dir='ltr'><strong>Deinde</strong></span> <span class='ocrx_word' id='word_1_128' title='bbox 555 701 611 726; x_wconf 83' lang='lat' dir='ltr'><strong>cap.</strong></span> <span class='ocrx_word' id='word_1_129' title='bbox 637 694 667 718; x_wconf 90' lang='lat' dir='ltr'><strong>V.</strong></span> <span class='ocrx_word' id='word_1_130' title='bbox 689 693 787 724; x_wconf 88' lang='lat' dir='ltr'><strong>lnquit,</strong></span> <span class='ocrx_word' id='word_1_131' title='bbox 814 693 948 716; x_wconf 80' lang='lat' dir='ltr'><strong>Iustificati</strong></span> <span class='ocrx_word' id='word_1_132' title='bbox 973 699 1005 716; x_wconf 87' lang='lat' dir='ltr'><strong>ex</strong></span> <span class='ocrx_word' id='word_1_133' title='bbox 1028 691 1080 716; x_wconf 81' lang='lat' dir='ltr'><strong>fide</strong></span> 
     </span>
     <span class='ocr_line' id='line_1_16' title="bbox 103 727 1080 760; baseline -0.003 -8"><span class='ocrx_word' id='word_1_134' title='bbox 103 735 192 760; x_wconf 89' lang='lat' dir='ltr'><strong>pacem</strong></span> <span class='ocrx_word' id='word_1_135' title='bbox 211 728 335 752; x_wconf 87' lang='lat' dir='ltr'><strong>habemus</strong></span> <span class='ocrx_word' id='word_1_136' title='bbox 354 736 415 760; x_wconf 77' lang='lat' dir='ltr'><strong>erga</strong></span> <span class='ocrx_word' id='word_1_137' title='bbox 437 729 536 758; x_wconf 82' lang='lat' dir='ltr'><strong>Deum,</strong></span> <span class='ocrx_word' id='word_1_138' title='bbox 561 729 588 752; x_wconf 86' lang='lat' dir='ltr'><strong>id</strong></span> <span class='ocrx_word' id='word_1_139' title='bbox 611 732 650 751; x_wconf 85' lang='lat' dir='ltr'><strong>est</strong></span> <span class='ocrx_word' id='word_1_140' title='bbox 667 727 791 751; x_wconf 81' lang='lat' dir='ltr'><strong>habemus</strong></span> <span class='ocrx_word' id='word_1_141' title='bbox 815 727 986 750; x_wconf 78' lang='lat' dir='ltr'><strong>conscientias</strong></span> <span class='ocrx_word' id='word_1_142' title='bbox 1011 730 1080 749; x_wconf 80' lang='lat' dir='ltr'><strong>tran-</strong></span> 
     </span>
     <span class='ocr_line' id='line_1_17' title="bbox 103 760 1079 793; baseline -0.002 -8"><span class='ocrx_word' id='word_1_143' title='bbox 103 763 197 793; x_wconf 83' lang='lat' dir='ltr'><strong>quillas</strong></span> <span class='ocrx_word' id='word_1_144' title='bbox 220 767 247 786; x_wconf 88' lang='lat' dir='ltr'><strong>et</strong></span> <span class='ocrx_word' id='word_1_145' title='bbox 268 763 351 786; x_wconf 77' lang='lat' dir='ltr'><strong>laetas</strong></span> <span class='ocrx_word' id='word_1_146' title='bbox 377 770 464 787; x_wconf 79' lang='lat' dir='ltr'><strong>coram</strong></span> <span class='ocrx_word' id='word_1_147' title='bbox 486 763 553 787; x_wconf 89' lang='lat' dir='ltr'><strong>Deo.</strong></span> <span class='ocrx_word' id='word_1_148' title='bbox 579 762 664 785; x_wconf 84' lang='lat' dir='ltr'><strong>Galat.</strong></span> <span class='ocrx_word' id='word_1_149' title='bbox 691 762 718 792; x_wconf 91' lang='lat' dir='ltr'><strong>ij.</strong></span> <span class='ocrx_word' id='word_1_150' title='bbox 756 761 812 785; x_wconf 87' lang='lat' dir='ltr'><strong>Nos</strong></span> <span class='ocrx_word' id='word_1_151' title='bbox 841 762 867 786; x_wconf 91' lang='lat' dir='ltr'><strong>in</strong></span> <span class='ocrx_word' id='word_1_152' title='bbox 892 760 997 784; x_wconf 79' lang='lat' dir='ltr'><strong>Christo</strong></span> <span class='ocrx_word' id='word_1_153' title='bbox 1020 760 1079 784; x_wconf 79' lang='lat' dir='ltr'><strong>Iesu</strong></span> 
     </span>
     <span class='ocr_line' id='line_1_18' title="bbox 103 795 1079 826; baseline -0.002 -6"><span class='ocrx_word' id='word_1_154' title='bbox 103 796 248 826; x_wconf 85' lang='lat' dir='ltr'><strong>credimus,</strong></span> <span class='ocrx_word' id='word_1_155' title='bbox 272 801 299 820; x_wconf 84' lang='lat' dir='ltr'><strong>vt</strong></span> <span class='ocrx_word' id='word_1_156' title='bbox 321 797 488 821; x_wconf 80' lang='lat' dir='ltr'><strong>iustificemur</strong></span> <span class='ocrx_word' id='word_1_157' title='bbox 511 803 542 819; x_wconf 81' lang='lat' dir='ltr'><strong>ex</strong></span> <span class='ocrx_word' id='word_1_158' title='bbox 566 796 617 819; x_wconf 87' lang='lat' dir='ltr'><strong>fide</strong></span> <span class='ocrx_word' id='word_1_159' title='bbox 640 795 752 824; x_wconf 82' lang='lat' dir='ltr'><strong>Christi,</strong></span> <span class='ocrx_word' id='word_1_160' title='bbox 775 800 801 819; x_wconf 86' lang='lat' dir='ltr'><strong>et</strong></span> <span class='ocrx_word' id='word_1_161' title='bbox 823 803 876 819; x_wconf 88' lang='lat' dir='ltr'><strong>non</strong></span> <span class='ocrx_word' id='word_1_162' title='bbox 899 802 931 818; x_wconf 85' lang='lat' dir='ltr'><strong>ex</strong></span> <span class='ocrx_word' id='word_1_163' title='bbox 958 796 1079 825; x_wconf 83' lang='lat' dir='ltr'><strong>operibus</strong></span> 
     </span>
     <span class='ocr_line' id='line_1_19' title="bbox 103 829 1079 860; baseline -0.002 -6"><span class='ocrx_word' id='word_1_164' title='bbox 103 829 178 860; x_wconf 80' lang='lat' dir='ltr'><strong>legis.</strong></span> <span class='ocrx_word' id='word_1_165' title='bbox 213 831 279 854; x_wconf 84' lang='lat' dir='ltr'><strong>Item</strong></span> <span class='ocrx_word' id='word_1_166' title='bbox 297 829 370 855; x_wconf 83' lang='lat' dir='ltr'><strong>Gala.</strong></span> <span class='ocrx_word' id='word_1_167' title='bbox 392 830 423 854; x_wconf 85' lang='lat' dir='ltr'><strong>V.</strong></span> <span class='ocrx_word' id='word_1_168' title='bbox 459 830 516 854; x_wconf 86' lang='lat' dir='ltr'><strong>Nos</strong></span> <span class='ocrx_word' id='word_1_169' title='bbox 542 831 634 860; x_wconf 86' lang='lat' dir='ltr'><strong>spiritu</strong></span> <span class='ocrx_word' id='word_1_170' title='bbox 658 837 691 853; x_wconf 89' lang='lat' dir='ltr'><strong>ex</strong></span> <span class='ocrx_word' id='word_1_171' title='bbox 715 829 780 858; x_wconf 82' lang='lat' dir='ltr'><strong>fide,</strong></span> <span class='ocrx_word' id='word_1_172' title='bbox 804 837 875 860; x_wconf 87' lang='lat' dir='ltr'><strong>spem</strong></span> <span class='ocrx_word' id='word_1_173' title='bbox 899 830 1016 853; x_wconf 83' lang='lat' dir='ltr'><strong>iusticiae</strong></span> <span class='ocrx_word' id='word_1_174' title='bbox 1035 835 1079 853; x_wconf 77' lang='lat' dir='ltr'><strong>ex-</strong></span> 
     </span>
     <span class='ocr_line' id='line_1_20' title="bbox 102 863 1079 896; baseline -0.002 -8"><span class='ocrx_word' id='word_1_175' title='bbox 102 868 242 895; x_wconf 83' lang='lat' dir='ltr'><strong>pectamus.</strong></span> <span class='ocrx_word' id='word_1_176' title='bbox 269 865 365 896; x_wconf 75' lang='lat' dir='ltr'><strong>Ephes.</strong></span> <span class='ocrx_word' id='word_1_177' title='bbox 390 865 418 896; x_wconf 85' lang='lat' dir='ltr'><strong>ij.</strong></span> <span class='ocrx_word' id='word_1_178' title='bbox 454 863 548 888; x_wconf 77' lang='lat' dir='ltr'><strong>Gratia</strong></span> <span class='ocrx_word' id='word_1_179' title='bbox 571 865 639 888; x_wconf 88' lang='lat' dir='ltr'><strong>enim</strong></span> <span class='ocrx_word' id='word_1_180' title='bbox 662 864 756 887; x_wconf 82' lang='lat' dir='ltr'><strong>saluati</strong></span> <span class='ocrx_word' id='word_1_181' title='bbox 781 866 844 887; x_wconf 84' lang='lat' dir='ltr'><strong>estis</strong></span> <span class='ocrx_word' id='word_1_182' title='bbox 867 871 912 894; x_wconf 86' lang='lat' dir='ltr'><strong>per</strong></span> <span class='ocrx_word' id='word_1_183' title='bbox 935 863 1027 891; x_wconf 84' lang='lat' dir='ltr'><strong>fidem,</strong></span> <span class='ocrx_word' id='word_1_184' title='bbox 1053 867 1079 886; x_wconf 88' lang='lat' dir='ltr'><strong>et</strong></span> 
     </span>
     <span class='ocr_line' id='line_1_21' title="bbox 66 898 1078 929; baseline -0.002 -7"><span class='ocrx_word' id='word_1_185' title='bbox 66 911 68 913; x_wconf 63' lang='lat'>&gt;</span> <span class='ocrx_word' id='word_1_186' title='bbox 103 898 154 922; x_wconf 88' lang='lat' dir='ltr'><strong>hoc</strong></span> <span class='ocrx_word' id='word_1_187' title='bbox 172 905 226 922; x_wconf 88' lang='lat' dir='ltr'><strong>non</strong></span> <span class='ocrx_word' id='word_1_188' title='bbox 244 905 277 922; x_wconf 86' lang='lat' dir='ltr'><strong>ex</strong></span> <span class='ocrx_word' id='word_1_189' title='bbox 296 899 385 928; x_wconf 77' lang='lat' dir='ltr'><strong>vobis,</strong></span> <span class='ocrx_word' id='word_1_190' title='bbox 408 898 457 922; x_wconf 90' lang='lat' dir='ltr'><strong>Dei</strong></span> <span class='ocrx_word' id='word_1_191' title='bbox 477 899 545 922; x_wconf 86' lang='lat' dir='ltr'><strong>enim</strong></span> <span class='ocrx_word' id='word_1_192' title='bbox 565 899 661 922; x_wconf 83' lang='lat' dir='ltr'><strong>donum</strong></span> <span class='ocrx_word' id='word_1_193' title='bbox 680 903 732 926; x_wconf 91' lang='lat' dir='ltr'><strong>est,</strong></span> <span class='ocrx_word' id='word_1_194' title='bbox 756 905 809 921; x_wconf 92' lang='lat' dir='ltr'><strong>non</strong></span> <span class='ocrx_word' id='word_1_195' title='bbox 833 905 866 921; x_wconf 80' lang='lat' dir='ltr'><strong>ex</strong></span> <span class='ocrx_word' id='word_1_196' title='bbox 890 898 1026 929; x_wconf 77' lang='lat' dir='ltr'><strong>operibus,</strong></span> <span class='ocrx_word' id='word_1_197' title='bbox 1045 904 1078 921; x_wconf 87' lang='lat' dir='ltr'><strong>nc</strong></span> 
     </span>
     <span class='ocr_line' id='line_1_22' title="bbox 103 932 1078 963; baseline -0.001 -7"><span class='ocrx_word' id='word_1_198' title='bbox 103 933 160 963; x_wconf 86' lang='lat' dir='ltr'><strong>quis</strong></span> <span class='ocrx_word' id='word_1_199' title='bbox 178 933 313 963; x_wconf 76' lang='lat' dir='ltr'><strong>glorietur.</strong></span> <span class='ocrx_word' id='word_1_200' title='bbox 349 932 418 956; x_wconf 72' lang='lat' dir='ltr'><strong>Ecce</strong></span> <span class='ocrx_word' id='word_1_201' title='bbox 437 932 478 956; x_wconf 85' lang='lat' dir='ltr'><strong>hic</strong></span> <span class='ocrx_word' id='word_1_202' title='bbox 501 932 568 956; x_wconf 83' lang='lat' dir='ltr'><strong>tollit</strong></span> <span class='ocrx_word' id='word_1_203' title='bbox 591 933 683 956; x_wconf 86' lang='lat' dir='ltr'><strong>merita</strong></span> <span class='ocrx_word' id='word_1_204' title='bbox 706 939 827 963; x_wconf 87' lang='lat' dir='ltr'><strong>operum,</strong></span> <span class='ocrx_word' id='word_1_205' title='bbox 852 935 878 955; x_wconf 91' lang='lat' dir='ltr'><strong>et</strong></span> <span class='ocrx_word' id='word_1_206' title='bbox 899 932 963 956; x_wconf 88' lang='lat' dir='ltr'><strong>dicit</strong></span> <span class='ocrx_word' id='word_1_207' title='bbox 981 932 1078 955; x_wconf 86' lang='lat' dir='ltr'><strong>donum</strong></span> 
     </span>
     <span class='ocr_line' id='line_1_23' title="bbox 102 966 1078 997; baseline -0.001 -7"><span class='ocrx_word' id='word_1_208' title='bbox 102 973 174 996; x_wconf 53' lang='lat' dir='ltr'><strong>esse,</strong></span> <span class='ocrx_word' id='word_1_209' title='bbox 191 966 406 996; x_wconf 83' lang='lat' dir='ltr'><strong>iustificationem,</strong></span> <span class='ocrx_word' id='word_1_210' title='bbox 425 974 504 997; x_wconf 84' lang='lat' dir='ltr'><strong>quare</strong></span> <span class='ocrx_word' id='word_1_211' title='bbox 521 974 575 990; x_wconf 86' lang='lat' dir='ltr'><strong>ncn</strong></span> <span class='ocrx_word' id='word_1_212' title='bbox 594 967 701 990; x_wconf 89' lang='lat' dir='ltr'><strong>debetur</strong></span> <span class='ocrx_word' id='word_1_213' title='bbox 719 967 817 990; x_wconf 87' lang='lat' dir='ltr'><strong>meritis</strong></span> <span class='ocrx_word' id='word_1_214' title='bbox 842 967 951 996; x_wconf 83' lang='lat' dir='ltr'><strong>nostris,</strong></span> <span class='ocrx_word' id='word_1_215' title='bbox 975 966 1010 989; x_wconf 81' lang='lat' dir='ltr'><strong>Et</strong></span> <span class='ocrx_word' id='word_1_216' title='bbox 1033 966 1078 989; x_wconf 77' lang='lat' dir='ltr'><strong>ad-</strong></span> 
     </span>
     <span class='ocr_line' id='line_1_24' title="bbox 103 1000 1078 1031; baseline 0 -7"><span class='ocrx_word' id='word_1_217' title='bbox 103 1001 180 1030; x_wconf 86' lang='lat' dir='ltr'><strong>didit,</strong></span> <span class='ocrx_word' id='word_1_218' title='bbox 198 1001 330 1031; x_wconf 85' lang='lat' dir='ltr'><strong>quomodo</strong></span> <span class='ocrx_word' id='word_1_219' title='bbox 349 1002 483 1031; x_wconf 82' lang='lat' dir='ltr'><strong>contingat</strong></span> <span class='ocrx_word' id='word_1_220' title='bbox 501 1001 660 1029; x_wconf 85' lang='lat' dir='ltr'><strong>iustificatio,</strong></span> <span class='ocrx_word' id='word_1_221' title='bbox 679 1007 770 1031; x_wconf 82' lang='lat' dir='ltr'>nempe</span> <span class='ocrx_word' id='word_1_222' title='bbox 792 1007 839 1031; x_wconf 89' lang='lat' dir='ltr'><strong>per</strong></span> <span class='ocrx_word' id='word_1_223' title='bbox 856 1000 940 1024; x_wconf 82' lang='lat' dir='ltr'><strong>fidem.</strong></span> <span class='ocrx_word' id='word_1_224' title='bbox 977 1001 1011 1024; x_wconf 84' lang='lat' dir='ltr'><strong>Et</strong></span> <span class='ocrx_word' id='word_1_225' title='bbox 1032 1000 1078 1024; x_wconf 89' lang='lat' dir='ltr'><strong>hu-</strong></span> 
     </span>
     <span class='ocr_line' id='line_1_25' title="bbox 101 1034 1078 1066; baseline 0 -8"><span class='ocrx_word' id='word_1_226' title='bbox 101 1034 216 1059; x_wconf 85' lang='lat' dir='ltr'><strong>iusmodi</strong></span> <span class='ocrx_word' id='word_1_227' title='bbox 233 1035 367 1059; x_wconf 69' lang='lat' dir='ltr'><strong>sententiis</strong></span> <span class='ocrx_word' id='word_1_228' title='bbox 386 1035 476 1065; x_wconf 88' lang='lat' dir='ltr'><strong>plenus</strong></span> <span class='ocrx_word' id='word_1_229' title='bbox 495 1040 534 1058; x_wconf 88' lang='lat' dir='ltr'><strong>est</strong></span> <span class='ocrx_word' id='word_1_230' title='bbox 551 1035 656 1058; x_wconf 87' lang='lat' dir='ltr'><strong>Paulus.</strong></span> <span class='ocrx_word' id='word_1_231' title='bbox 691 1035 746 1058; x_wconf 87' lang='lat' dir='ltr'><strong>Imo</strong></span> <span class='ocrx_word' id='word_1_232' title='bbox 765 1035 792 1058; x_wconf 92' lang='lat' dir='ltr'><strong>in</strong></span> <span class='ocrx_word' id='word_1_233' title='bbox 815 1035 934 1058; x_wconf 85' lang='lat' dir='ltr'><strong>omuibus</strong></span> <span class='ocrx_word' id='word_1_234' title='bbox 953 1034 1078 1066; x_wconf 78' lang='lat' dir='ltr'><strong>Epistolis</strong></span> 
     </span>
     <span class='ocr_line' id='line_1_26' title="bbox 101 1068 1076 1100; baseline 0 -8"><span class='ocrx_word' id='word_1_235' title='bbox 101 1069 208 1100; x_wconf 78' lang='lat' dir='ltr'><strong>quocies</strong></span> <span class='ocrx_word' id='word_1_236' title='bbox 230 1069 324 1100; x_wconf 85' lang='lat' dir='ltr'><strong>incipit</strong></span> <span class='ocrx_word' id='word_1_237' title='bbox 347 1069 498 1093; x_wconf 78' lang='lat' dir='ltr'><strong>concionari</strong></span> <span class='ocrx_word' id='word_1_238' title='bbox 525 1069 557 1092; x_wconf 89' lang='lat' dir='ltr'><strong>de</strong></span> <span class='ocrx_word' id='word_1_239' title='bbox 582 1068 779 1097; x_wconf 78' lang='lat' dir='ltr'><strong>iustificatione,</strong></span> <span class='ocrx_word' id='word_1_240' title='bbox 803 1068 871 1093; x_wconf 85' lang='lat' dir='ltr'><strong>hunc</strong></span> <span class='ocrx_word' id='word_1_241' title='bbox 893 1069 978 1092; x_wconf 69' lang='lat' dir='ltr'><strong>locum</strong></span> <span class='ocrx_word' id='word_1_242' title='bbox 996 1069 1076 1092; x_wconf 84' lang='lat' dir='ltr'><strong>inicio</strong></span> 
     </span>
     <span class='ocr_line' id='line_1_27' title="bbox 101 1102 1078 1134; baseline 0 -8"><span class='ocrx_word' id='word_1_243' title='bbox 101 1103 189 1132; x_wconf 66' lang='lat' dir='ltr'><strong>uadit,</strong></span> <span class='ocrx_word' id='word_1_244' title='bbox 206 1103 278 1134; x_wconf 86' lang='lat' dir='ltr'><strong>qnod</strong></span> <span class='ocrx_word' id='word_1_245' title='bbox 296 1103 359 1126; x_wconf 77' lang='lat' dir='ltr'><strong>fides</strong></span> <span class='ocrx_word' id='word_1_246' title='bbox 377 1105 404 1127; x_wconf 91' lang='lat' dir='ltr'><strong>iu</strong></span> <span class='ocrx_word' id='word_1_247' title='bbox 415 1103 544 1127; x_wconf 72' lang='lat' dir='ltr'><strong>Christum</strong></span> <span class='ocrx_word' id='word_1_248' title='bbox 555 1102 682 1132; x_wconf 80' lang='lat' dir='ltr'><strong>iustificet,</strong></span> <span class='ocrx_word' id='word_1_249' title='bbox 693 1103 754 1134; x_wconf 81' lang='lat' dir='ltr'><strong>quia</strong></span> <span class='ocrx_word' id='word_1_250' title='bbox 768 1102 885 1127; x_wconf 86' lang='lat' dir='ltr'><strong>Christus</strong></span> <span class='ocrx_word' id='word_1_251' title='bbox 905 1103 981 1126; x_wconf 82' lang='lat' dir='ltr'><strong>datus</strong></span> <span class='ocrx_word' id='word_1_252' title='bbox 1001 1104 1041 1132; x_wconf 85' lang='lat' dir='ltr'><strong>sit,</strong></span> <span class='ocrx_word' id='word_1_253' title='bbox 1051 1106 1078 1126; x_wconf 81' lang='lat' dir='ltr'><strong>vt</strong></span> 
     </span>
     <span class='ocr_line' id='line_1_28' title="bbox 100 1137 1077 1168; baseline 0 -8"><span class='ocrx_word' id='word_1_254' title='bbox 100 1137 229 1162; x_wconf 78' lang='lat' dir='ltr'><strong>mediator</strong></span> <span class='ocrx_word' id='word_1_255' title='bbox 238 1138 306 1161; x_wconf 89' lang='lat' dir='ltr'><strong>inter</strong></span> <span class='ocrx_word' id='word_1_256' title='bbox 315 1141 422 1167; x_wconf 81' lang='lat' dir='ltr'><strong>patrem,</strong></span> <span class='ocrx_word' id='word_1_257' title='bbox 434 1141 460 1160; x_wconf 88' lang='lat' dir='ltr'><strong>et</strong></span> <span class='ocrx_word' id='word_1_258' title='bbox 469 1144 525 1168; x_wconf 88' lang='lat' dir='ltr'><strong>nos,</strong></span> <span class='ocrx_word' id='word_1_259' title='bbox 536 1142 561 1161; x_wconf 85' lang='lat' dir='ltr'><strong>et</strong></span> <span class='ocrx_word' id='word_1_260' title='bbox 571 1141 599 1160; x_wconf 87' lang='lat' dir='ltr'><strong>vt</strong></span> <span class='ocrx_word' id='word_1_261' title='bbox 607 1144 652 1168; x_wconf 84' lang='lat' dir='ltr'><strong>por</strong></span> <span class='ocrx_word' id='word_1_262' title='bbox 662 1144 718 1160; x_wconf 90' lang='lat' dir='ltr'><strong>cum</strong></span> <span class='ocrx_word' id='word_1_263' title='bbox 730 1137 926 1161; x_wconf 81' lang='lat' dir='ltr'><strong>reconciliemur</strong></span> <span class='ocrx_word' id='word_1_264' title='bbox 937 1137 1004 1166; x_wconf 85' lang='lat' dir='ltr'><strong>Deo,</strong></span> <span class='ocrx_word' id='word_1_265' title='bbox 1023 1144 1077 1160; x_wconf 90' lang='lat' dir='ltr'><strong>non</strong></span> 
     </span>
     <span class='ocr_line' id='line_1_29' title="bbox 100 1170 1077 1202; baseline 0 -8"><span class='ocrx_word' id='word_1_266' title='bbox 100 1175 208 1202; x_wconf 85' lang='lat' dir='ltr'><strong>propter</strong></span> <span class='ocrx_word' id='word_1_267' title='bbox 226 1170 293 1202; x_wconf 81' lang='lat' dir='ltr'><strong>(sol.</strong></span> <span class='ocrx_word' id='word_1_268' title='bbox 311 1171 328 1194; x_wconf 84' lang='lat' dir='ltr'>k</span> <span class='ocrx_word' id='word_1_269' title='bbox 347 1172 396 1201; x_wconf 72' lang='lat'><strong>41³)</strong></span> <span class='ocrx_word' id='word_1_270' title='bbox 415 1172 467 1195; x_wconf 82' lang='lat' dir='ltr'><strong>vlla</strong></span> <span class='ocrx_word' id='word_1_271' title='bbox 485 1176 576 1195; x_wconf 84' lang='lat' dir='ltr'><strong>nostra</strong></span> <span class='ocrx_word' id='word_1_272' title='bbox 592 1172 694 1195; x_wconf 82' lang='lat' dir='ltr'><strong>merita.</strong></span> <span class='ocrx_word' id='word_1_273' title='bbox 730 1171 847 1196; x_wconf 82' lang='lat' dir='ltr'><strong>Pertinet</strong></span> <span class='ocrx_word' id='word_1_274' title='bbox 870 1171 950 1202; x_wconf 87' lang='lat' dir='ltr'><strong>igitur</strong></span> <span class='ocrx_word' id='word_1_275' title='bbox 968 1171 1002 1195; x_wconf 87' lang='lat' dir='ltr'><strong>ad</strong></span> <span class='ocrx_word' id='word_1_276' title='bbox 1019 1171 1077 1202; x_wconf 87' lang='lat' dir='ltr'><strong>glo-</strong></span> 
     </span>
     <span class='ocr_line' id='line_1_30' title="bbox 99 1204 1078 1237; baseline 0.001 -9"><span class='ocrx_word' id='word_1_277' title='bbox 99 1205 165 1228; x_wconf 78' lang='lat' dir='ltr'><strong>riam</strong></span> <span class='ocrx_word' id='word_1_278' title='bbox 184 1204 282 1229; x_wconf 80' lang='lat' dir='ltr'><strong>Christi</strong></span> <span class='ocrx_word' id='word_1_279' title='bbox 299 1206 411 1235; x_wconf 85' lang='lat' dir='ltr'><strong>sentire,</strong></span> <span class='ocrx_word' id='word_1_280' title='bbox 435 1206 506 1236; x_wconf 89' lang='lat' dir='ltr'><strong>qnod</strong></span> <span class='ocrx_word' id='word_1_281' title='bbox 530 1210 637 1237; x_wconf 89' lang='lat' dir='ltr'><strong>propter</strong></span> <span class='ocrx_word' id='word_1_282' title='bbox 660 1206 757 1236; x_wconf 89' lang='lat' dir='ltr'><strong>ipsum,</strong></span> <span class='ocrx_word' id='word_1_283' title='bbox 779 1212 832 1229; x_wconf 90' lang='lat' dir='ltr'><strong>non</strong></span> <span class='ocrx_word' id='word_1_284' title='bbox 857 1210 963 1237; x_wconf 84' lang='lat' dir='ltr'><strong>propter</strong></span> <span class='ocrx_word' id='word_1_285' title='bbox 985 1206 1078 1229; x_wconf 76' lang='lat' dir='ltr'><strong>merita</strong></span> 
     </span>
     <span class='ocr_line' id='line_1_31' title="bbox 99 1239 1078 1271; baseline 0.001 -9"><span class='ocrx_word' id='word_1_286' title='bbox 99 1242 189 1263; x_wconf 82' lang='lat' dir='ltr'><strong>nostra</strong></span> <span class='ocrx_word' id='word_1_287' title='bbox 211 1239 290 1262; x_wconf 88' lang='lat' dir='ltr'><strong>simus</strong></span> <span class='ocrx_word' id='word_1_288' title='bbox 311 1240 410 1270; x_wconf 87' lang='lat' dir='ltr'><strong>accepti</strong></span> <span class='ocrx_word' id='word_1_289' title='bbox 439 1239 514 1268; x_wconf 86' lang='lat' dir='ltr'><strong>Deo,</strong></span> <span class='ocrx_word' id='word_1_290' title='bbox 545 1245 570 1263; x_wconf 89' lang='lat' dir='ltr'><strong>et</strong></span> <span class='ocrx_word' id='word_1_291' title='bbox 594 1246 640 1270; x_wconf 86' lang='lat' dir='ltr'><strong>per</strong></span> <span class='ocrx_word' id='word_1_292' title='bbox 667 1240 750 1271; x_wconf 86' lang='lat' dir='ltr'><strong>ipsum</strong></span> <span class='ocrx_word' id='word_1_293' title='bbox 777 1240 933 1270; x_wconf 80' lang='lat' dir='ltr'><strong>accipiamus</strong></span> <span class='ocrx_word' id='word_1_294' title='bbox 959 1240 1078 1270; x_wconf 87' lang='lat' dir='ltr'><strong>spiritum</strong></span> 
     </span>
     <span class='ocr_line' id='line_1_32' title="bbox 99 1273 1077 1304; baseline 0.001 -7"><span class='ocrx_word' id='word_1_295' title='bbox 99 1276 226 1297; x_wconf 77' lang='lat' dir='ltr'><strong>sanctum.</strong></span> <span class='ocrx_word' id='word_1_296' title='bbox 264 1273 333 1298; x_wconf 83' lang='lat' dir='ltr'><strong>Sunt</strong></span> <span class='ocrx_word' id='word_1_297' title='bbox 350 1277 376 1296; x_wconf 88' lang='lat' dir='ltr'><strong>et</strong></span> <span class='ocrx_word' id='word_1_298' title='bbox 394 1274 462 1304; x_wconf 90' lang='lat' dir='ltr'><strong>apud</strong></span> <span class='ocrx_word' id='word_1_299' title='bbox 480 1273 622 1297; x_wconf 77' lang='lat' dir='ltr'><strong>Iohannem</strong></span> <span class='ocrx_word' id='word_1_300' title='bbox 641 1274 716 1297; x_wconf 86' lang='lat' dir='ltr'><strong>valde</strong></span> <span class='ocrx_word' id='word_1_301' title='bbox 735 1274 815 1296; x_wconf 78' lang='lat' dir='ltr'><strong>multa</strong></span> <span class='ocrx_word' id='word_1_302' title='bbox 833 1274 985 1298; x_wconf 79' lang='lat' dir='ltr'><strong>testimonia</strong></span> <span class='ocrx_word' id='word_1_303' title='bbox 1003 1273 1077 1298; x_wconf 89' lang='lat' dir='ltr'><strong>Chri-</strong></span> 
     </span>
     <span class='ocr_line' id='line_1_33' title="bbox 97 1306 856 1339; baseline 0 -9"><span class='ocrx_word' id='word_1_304' title='bbox 97 1307 132 1330; x_wconf 81' lang='lat' dir='ltr'><strong>sti</strong></span> <span class='ocrx_word' id='word_1_305' title='bbox 150 1307 183 1330; x_wconf 81' lang='lat' dir='ltr'><strong>de</strong></span> <span class='ocrx_word' id='word_1_306' title='bbox 199 1306 259 1335; x_wconf 77' lang='lat' dir='ltr'><strong>fide,</strong></span> <span class='ocrx_word' id='word_1_307' title='bbox 277 1314 388 1338; x_wconf 87' lang='lat' dir='ltr'><strong>quorum</strong></span> <span class='ocrx_word' id='word_1_308' title='bbox 405 1307 492 1337; x_wconf 84' lang='lat' dir='ltr'><strong>aliqua</strong></span> <span class='ocrx_word' id='word_1_309' title='bbox 509 1308 587 1339; x_wconf 83' lang='lat' dir='ltr'><strong>paulo</strong></span> <span class='ocrx_word' id='word_1_310' title='bbox 607 1311 665 1338; x_wconf 90' lang='lat' dir='ltr'><strong>post</strong></span> <span class='ocrx_word' id='word_1_311' title='bbox 683 1307 856 1332; x_wconf 78' lang='lat' dir='ltr'><strong>recitabimus.</strong></span> 
     </span>
    </p>
   </div>
   <div class='ocr_carea' id='block_1_3' title="bbox 96 1352 1078 2512">
    <p class='ocr_par' dir='ltr' id='par_1_3' title="bbox 96 1352 1078 2512">
     <span class='ocr_line' id='line_1_34' title="bbox 168 1352 1078 1385; baseline 0.002 -9"><span class='ocrx_word' id='word_1_312' title='bbox 168 1352 239 1382; x_wconf 82' lang='lat' dir='ltr'><strong>Quid</strong></span> <span class='ocrx_word' id='word_1_313' title='bbox 257 1356 343 1376; x_wconf 84' lang='lat' dir='ltr'><strong>autem</strong></span> <span class='ocrx_word' id='word_1_314' title='bbox 362 1353 449 1377; x_wconf 81' lang='lat' dir='ltr'><strong>dicent</strong></span> <span class='ocrx_word' id='word_1_315' title='bbox 467 1354 606 1385; x_wconf 83' lang='lat' dir='ltr'><strong>Sophistae</strong></span> <span class='ocrx_word' id='word_1_316' title='bbox 625 1354 658 1377; x_wconf 87' lang='lat' dir='ltr'><strong>ad</strong></span> <span class='ocrx_word' id='word_1_317' title='bbox 677 1353 741 1377; x_wconf 90' lang='lat' dir='ltr'><strong>haec</strong></span> <span class='ocrx_word' id='word_1_318' title='bbox 763 1354 914 1378; x_wconf 78' lang='lat' dir='ltr'><strong>testimonia</strong></span> <span class='ocrx_word' id='word_1_319' title='bbox 937 1354 1034 1378; x_wconf 85' lang='lat' dir='ltr'><strong>Christi</strong></span> <span class='ocrx_word' id='word_1_320' title='bbox 1053 1358 1078 1378; x_wconf 89' lang='lat' dir='ltr'><strong>et</strong></span> 
     </span>
     <span class='ocr_line' id='line_1_35' title="bbox 97 1385 1077 1419; baseline 0.002 -9"><span class='ocrx_word' id='word_1_321' title='bbox 97 1385 194 1411; x_wconf 77' lang='lat' dir='ltr'><strong>Pauli?</strong></span> <span class='ocrx_word' id='word_1_322' title='bbox 227 1386 298 1411; x_wconf 82' lang='lat' dir='ltr'><strong>Num</strong></span> <span class='ocrx_word' id='word_1_323' title='bbox 316 1388 350 1411; x_wconf 85' lang='lat' dir='ltr'><strong>ad</strong></span> <span class='ocrx_word' id='word_1_324' title='bbox 373 1387 438 1411; x_wconf 85' lang='lat' dir='ltr'><strong>haec</strong></span> <span class='ocrx_word' id='word_1_325' title='bbox 456 1388 532 1411; x_wconf 88' lang='lat' dir='ltr'><strong>etiam</strong></span> <span class='ocrx_word' id='word_1_326' title='bbox 558 1388 690 1412; x_wconf 77' lang='lat' dir='ltr'><strong>ascribent</strong></span> <span class='ocrx_word' id='word_1_327' title='bbox 711 1387 764 1411; x_wconf 89' lang='lat' dir='ltr'><strong>hoc</strong></span> <span class='ocrx_word' id='word_1_328' title='bbox 788 1388 950 1419; x_wconf 81' lang='lat' dir='ltr'><strong>praeclarum</strong></span> <span class='ocrx_word' id='word_1_329' title='bbox 972 1392 1077 1412; x_wconf 80' lang='lat' dir='ltr'><strong>senatus</strong></span> 
     </span>
     <span class='ocr_line' id='line_1_36' title="bbox 98 1420 1077 1453; baseline 0.001 -8"><span class='ocrx_word' id='word_1_330' title='bbox 98 1421 253 1445; x_wconf 80' lang='lat' dir='ltr'><strong>consultum.</strong></span> <span class='ocrx_word' id='word_1_331' title='bbox 289 1420 349 1445; x_wconf 84' lang='lat' dir='ltr'><strong>Non</strong></span> <span class='ocrx_word' id='word_1_332' title='bbox 371 1422 516 1446; x_wconf 74' lang='lat' dir='ltr'><strong>admittitur</strong></span> <span class='ocrx_word' id='word_1_333' title='bbox 539 1422 610 1452; x_wconf 86' lang='lat' dir='ltr'><strong>quod</strong></span> <span class='ocrx_word' id='word_1_334' title='bbox 632 1426 684 1446; x_wconf 84' lang='lat' dir='ltr'><strong>tam</strong></span> <span class='ocrx_word' id='word_1_335' title='bbox 707 1429 784 1453; x_wconf 83' lang='lat' dir='ltr'><strong>saepe</strong></span> <span class='ocrx_word' id='word_1_336' title='bbox 807 1422 925 1446; x_wconf 86' lang='lat' dir='ltr'><strong>tribuunt</strong></span> <span class='ocrx_word' id='word_1_337' title='bbox 954 1422 1077 1446; x_wconf 83' lang='lat' dir='ltr'><strong>iustifica-</strong></span> 
     </span>
     <span class='ocr_line' id='line_1_37' title="bbox 98 1455 1077 1488; baseline 0.001 -9"><span class='ocrx_word' id='word_1_338' title='bbox 98 1456 196 1479; x_wconf 81' lang='lat' dir='ltr'><strong>tionem</strong></span> <span class='ocrx_word' id='word_1_339' title='bbox 214 1455 276 1479; x_wconf 83' lang='lat' dir='ltr'><strong>fidei</strong></span> <span class='ocrx_word' id='word_1_340' title='bbox 294 1455 412 1480; x_wconf 87' lang='lat' dir='ltr'><strong>Christus</strong></span> <span class='ocrx_word' id='word_1_341' title='bbox 431 1460 457 1480; x_wconf 86' lang='lat' dir='ltr'><strong>ct</strong></span> <span class='ocrx_word' id='word_1_342' title='bbox 474 1456 588 1480; x_wconf 78' lang='lat' dir='ltr'><strong>Paulus?</strong></span> <span class='ocrx_word' id='word_1_343' title='bbox 622 1456 762 1480; x_wconf 83' lang='lat' dir='ltr'><strong>Asci-ibent</strong></span> <span class='ocrx_word' id='word_1_344' title='bbox 779 1456 907 1488; x_wconf 81' lang='lat' dir='ltr'><strong>profecto,</strong></span> <span class='ocrx_word' id='word_1_345' title='bbox 926 1457 977 1481; x_wconf 88' lang='lat' dir='ltr'><strong>nisi</strong></span> <span class='ocrx_word' id='word_1_346' title='bbox 995 1458 1077 1488; x_wconf 87' lang='lat' dir='ltr'><strong>impu-</strong></span> 
     </span>
     <span class='ocr_line' id='line_1_38' title="bbox 97 1489 1076 1522; baseline 0.002 -9"><span class='ocrx_word' id='word_1_347' title='bbox 97 1489 217 1514; x_wconf 85' lang='lat' dir='ltr'><strong>denciam</strong></span> <span class='ocrx_word' id='word_1_348' title='bbox 235 1497 324 1514; x_wconf 85' lang='lat' dir='ltr'><strong>eorum</strong></span> <span class='ocrx_word' id='word_1_349' title='bbox 342 1491 432 1522; x_wconf 88' lang='lat' dir='ltr'><strong>optimi</strong></span> <span class='ocrx_word' id='word_1_350' title='bbox 450 1490 581 1522; x_wconf 79' lang='lat' dir='ltr'><strong>Principis</strong></span> <span class='ocrx_word' id='word_1_351' title='bbox 599 1491 719 1516; x_wconf 86' lang='lat' dir='ltr'><strong>Caesaris</strong></span> <span class='ocrx_word' id='word_1_352' title='bbox 745 1491 834 1516; x_wconf 80' lang='lat' dir='ltr'><strong>Caroli</strong></span> <span class='ocrx_word' id='word_1_353' title='bbox 856 1492 983 1515; x_wconf 75' lang='lat' dir='ltr'><strong>autoritas</strong></span> <span class='ocrx_word' id='word_1_354' title='bbox 1007 1499 1076 1515; x_wconf 86' lang='lat' dir='ltr'><strong>com-</strong></span> 
     </span>
     <span class='ocr_line' id='line_1_39' title="bbox 97 1523 1077 1556; baseline 0.001 -8"><span class='ocrx_word' id='word_1_355' title='bbox 97 1527 192 1555; x_wconf 82' lang='lat' dir='ltr'><strong>pescet.</strong></span> <span class='ocrx_word' id='word_1_356' title='bbox 225 1523 318 1556; x_wconf 78' lang='lat' dir='ltr'><strong>Neque</strong></span> <span class='ocrx_word' id='word_1_357' title='bbox 344 1531 407 1548; x_wconf 82' lang='lat' dir='ltr'><strong>vero</strong></span> <span class='ocrx_word' id='word_1_358' title='bbox 434 1528 533 1549; x_wconf 85' lang='lat' dir='ltr'><strong>tantum</strong></span> <span class='ocrx_word' id='word_1_359' title='bbox 562 1525 703 1556; x_wconf 80' lang='lat' dir='ltr'><strong>scripturae</strong></span> <span class='ocrx_word' id='word_1_360' title='bbox 728 1525 877 1549; x_wconf 85' lang='lat' dir='ltr'><strong>testimonia</strong></span> <span class='ocrx_word' id='word_1_361' title='bbox 902 1525 1026 1549; x_wconf 84' lang='lat' dir='ltr'><strong>habemus</strong></span> <span class='ocrx_word' id='word_1_362' title='bbox 1049 1526 1077 1549; x_wconf 89' lang='lat' dir='ltr'><strong>iu</strong></span> 
     </span>
     <span class='ocr_line' id='line_1_40' title="bbox 97 1558 1076 1590; baseline 0.002 -9"><span class='ocrx_word' id='word_1_363' title='bbox 97 1558 148 1582; x_wconf 80' lang='lat' dir='ltr'><strong>hac</strong></span> <span class='ocrx_word' id='word_1_364' title='bbox 167 1565 260 1588; x_wconf 78' lang='lat' dir='ltr'><strong>eausa,</strong></span> <span class='ocrx_word' id='word_1_365' title='bbox 277 1558 323 1582; x_wconf 86' lang='lat' dir='ltr'><strong>sed</strong></span> <span class='ocrx_word' id='word_1_366' title='bbox 341 1559 504 1590; x_wconf 82' lang='lat' dir='ltr'><strong>Augustinus</strong></span> <span class='ocrx_word' id='word_1_367' title='bbox 523 1559 599 1582; x_wconf 78' lang='lat' dir='ltr'><strong>etiam</strong></span> <span class='ocrx_word' id='word_1_368' title='bbox 622 1562 716 1583; x_wconf 77' lang='lat' dir='ltr'><strong>contra</strong></span> <span class='ocrx_word' id='word_1_369' title='bbox 741 1558 898 1590; x_wconf 79' lang='lat' dir='ltr'><strong>Pelagianos</strong></span> <span class='ocrx_word' id='word_1_370' title='bbox 921 1559 990 1583; x_wconf 83' lang='lat' dir='ltr'><strong>idem</strong></span> <span class='ocrx_word' id='word_1_371' title='bbox 1013 1560 1076 1584; x_wconf 85' lang='lat' dir='ltr'><strong>scri-</strong></span> 
     </span>
     <span class='ocr_line' id='line_1_41' title="bbox 99 1592 1077 1624; baseline 0.002 -8"><span class='ocrx_word' id='word_1_372' title='bbox 99 1593 162 1624; x_wconf 83' lang='lat' dir='ltr'><strong>psit,</strong></span> <span class='ocrx_word' id='word_1_373' title='bbox 179 1592 266 1616; x_wconf 86' lang='lat' dir='ltr'><strong>multis</strong></span> <span class='ocrx_word' id='word_1_374' title='bbox 285 1592 460 1618; x_wconf 80' lang='lat' dir='ltr'><strong>voluminibus</strong></span> <span class='ocrx_word' id='word_1_375' title='bbox 479 1592 620 1617; x_wconf 76' lang='lat' dir='ltr'><strong>defendens</strong></span> <span class='ocrx_word' id='word_1_376' title='bbox 638 1594 764 1618; x_wconf 80' lang='lat' dir='ltr'><strong>iusticiam</strong></span> <span class='ocrx_word' id='word_1_377' title='bbox 787 1593 857 1618; x_wconf 59' lang='lat' dir='ltr'><strong>fidei}</strong></span> <span class='ocrx_word' id='word_1_378' title='bbox 876 1598 968 1618; x_wconf 87' lang='lat' dir='ltr'><strong>contra</strong></span> <span class='ocrx_word' id='word_1_379' title='bbox 984 1595 1077 1618; x_wconf 85' lang='lat' dir='ltr'><strong>merita</strong></span> 
     </span>
     <span class='ocr_line' id='line_1_42' title="bbox 99 1626 1076 1659; baseline 0.001 -9"><span class='ocrx_word' id='word_1_380' title='bbox 99 1633 215 1658; x_wconf 83' lang='lat' dir='ltr'><strong>operum.</strong></span> <span class='ocrx_word' id='word_1_381' title='bbox 250 1626 342 1658; x_wconf 85' lang='lat' dir='ltr'><strong>Itaque</strong></span> <span class='ocrx_word' id='word_1_382' title='bbox 360 1627 392 1650; x_wconf 89' lang='lat' dir='ltr'><strong>de</strong></span> <span class='ocrx_word' id='word_1_383' title='bbox 410 1628 504 1658; x_wconf 85' lang='lat' dir='ltr'><strong>spiritu</strong></span> <span class='ocrx_word' id='word_1_384' title='bbox 522 1631 547 1650; x_wconf 90' lang='lat' dir='ltr'><strong>et</strong></span> <span class='ocrx_word' id='word_1_385' title='bbox 569 1627 645 1651; x_wconf 85' lang='lat' dir='ltr'><strong>litera</strong></span> <span class='ocrx_word' id='word_1_386' title='bbox 669 1628 707 1651; x_wconf 88' lang='lat' dir='ltr'><strong>sic</strong></span> <span class='ocrx_word' id='word_1_387' title='bbox 726 1629 776 1657; x_wconf 84' lang='lat' dir='ltr'><strong>ait,</strong></span> <span class='ocrx_word' id='word_1_388' title='bbox 799 1628 957 1652; x_wconf 81' lang='lat' dir='ltr'><strong>Discernens</strong></span> <span class='ocrx_word' id='word_1_389' title='bbox 981 1629 1076 1659; x_wconf 80' lang='lat' dir='ltr'><strong>legem,</strong></span> 
     </span>
     <span class='ocr_line' id='line_1_43' title="bbox 99 1660 1076 1692; baseline 0.002 -8"><span class='ocrx_word' id='word_1_390' title='bbox 99 1664 125 1684; x_wconf 84' lang='lat' dir='ltr'><strong>et</strong></span> <span class='ocrx_word' id='word_1_391' title='bbox 142 1660 228 1690; x_wconf 77' lang='lat' dir='ltr'><strong>iidem,</strong></span> <span class='ocrx_word' id='word_1_392' title='bbox 247 1667 278 1684; x_wconf 87' lang='lat' dir='ltr'><strong>ac</strong></span> <span class='ocrx_word' id='word_1_393' title='bbox 296 1661 401 1691; x_wconf 76' lang='lat' dir='ltr'><strong>doeens,</strong></span> <span class='ocrx_word' id='word_1_394' title='bbox 420 1661 491 1692; x_wconf 86' lang='lat' dir='ltr'><strong>quod</strong></span> <span class='ocrx_word' id='word_1_395' title='bbox 509 1661 551 1685; x_wconf 90' lang='lat' dir='ltr'><strong>lex</strong></span> <span class='ocrx_word' id='word_1_396' title='bbox 569 1665 665 1686; x_wconf 84' lang='lat' dir='ltr'><strong>terreat</strong></span> <span class='ocrx_word' id='word_1_397' title='bbox 687 1662 876 1692; x_wconf 67' lang='lat' dir='ltr'><strong>conscientias,</strong></span> <span class='ocrx_word' id='word_1_398' title='bbox 900 1662 963 1686; x_wconf 84' lang='lat' dir='ltr'><strong>fides</strong></span> <span class='ocrx_word' id='word_1_399' title='bbox 990 1663 1076 1686; x_wconf 79' lang='lat' dir='ltr'><strong>autem</strong></span> 
     </span>
     <span class='ocr_line' id='line_1_44' title="bbox 97 1694 1076 1728; baseline 0.002 -10"><span class='ocrx_word' id='word_1_400' title='bbox 97 1694 234 1724; x_wconf 78' lang='lat' dir='ltr'><strong>instificet,</strong></span> <span class='ocrx_word' id='word_1_401' title='bbox 252 1698 279 1718; x_wconf 86' lang='lat' dir='ltr'><strong>et</strong></span> <span class='ocrx_word' id='word_1_402' title='bbox 296 1695 461 1725; x_wconf 83' lang='lat' dir='ltr'><strong>consoletur,</strong></span> <span class='ocrx_word' id='word_1_403' title='bbox 480 1698 507 1719; x_wconf 86' lang='lat' dir='ltr'><strong>et</strong></span> <span class='ocrx_word' id='word_1_404' title='bbox 524 1696 634 1727; x_wconf 83' lang='lat' dir='ltr'><strong>accipiat</strong></span> <span class='ocrx_word' id='word_1_405' title='bbox 652 1696 769 1728; x_wconf 89' lang='lat' dir='ltr'><strong>spiritum</strong></span> <span class='ocrx_word' id='word_1_406' title='bbox 794 1700 918 1720; x_wconf 83' lang='lat' dir='ltr'><strong>sanctum.</strong></span> <span class='ocrx_word' id='word_1_407' title='bbox 955 1695 997 1720; x_wconf 80' lang='lat' dir='ltr'><strong>Ex</strong></span> <span class='ocrx_word' id='word_1_408' title='bbox 1018 1697 1076 1728; x_wconf 86' lang='lat' dir='ltr'><strong>lege</strong></span> 
     </span>
     <span class='ocr_line' id='line_1_45' title="bbox 96 1728 1074 1763; baseline 0.002 -11"><span class='ocrx_word' id='word_1_409' title='bbox 96 1729 216 1752; x_wconf 74' lang='lat' dir='ltr'><strong>timemus</strong></span> <span class='ocrx_word' id='word_1_410' title='bbox 234 1728 328 1759; x_wconf 86' lang='lat' dir='ltr'><strong>Deum,</strong></span> <span class='ocrx_word' id='word_1_411' title='bbox 348 1736 380 1753; x_wconf 86' lang='lat' dir='ltr'><strong>ex</strong></span> <span class='ocrx_word' id='word_1_412' title='bbox 399 1729 451 1753; x_wconf 76' lang='lat' dir='ltr'><strong>fide</strong></span> <span class='ocrx_word' id='word_1_413' title='bbox 469 1737 600 1761; x_wconf 81' lang='lat' dir='ltr'><strong>speramus</strong></span> <span class='ocrx_word' id='word_1_414' title='bbox 618 1731 644 1754; x_wconf 94' lang='lat' dir='ltr'><strong>in</strong></span> <span class='ocrx_word' id='word_1_415' title='bbox 663 1730 761 1760; x_wconf 84' lang='lat' dir='ltr'><strong>Deum,</strong></span> <span class='ocrx_word' id='word_1_416' title='bbox 779 1729 832 1755; x_wconf 86' lang='lat' dir='ltr'><strong>Sed</strong></span> <span class='ocrx_word' id='word_1_417' title='bbox 850 1730 996 1755; x_wconf 86' lang='lat' dir='ltr'><strong>timentibus</strong></span> <span class='ocrx_word' id='word_1_418' title='bbox 1013 1737 1074 1763; x_wconf 83' lang='lat' dir='ltr'><strong>poe·</strong></span> 
     </span>
     <span class='ocr_line' id='line_1_46' title="bbox 96 1763 1075 1796; baseline 0.003 -10"><span class='ocrx_word' id='word_1_419' title='bbox 96 1769 158 1787; x_wconf 81' lang='lat' dir='ltr'><strong>nam</strong></span> <span class='ocrx_word' id='word_1_420' title='bbox 175 1763 345 1787; x_wconf 83' lang='lat' dir='ltr'><strong>absconditur</strong></span> <span class='ocrx_word' id='word_1_421' title='bbox 361 1763 455 1795; x_wconf 83' lang='lat' dir='ltr'><strong>gratia,</strong></span> <span class='ocrx_word' id='word_1_422' title='bbox 473 1764 520 1787; x_wconf 89' lang='lat' dir='ltr'><strong>sub</strong></span> <span class='ocrx_word' id='word_1_423' title='bbox 539 1772 589 1795; x_wconf 88' lang='lat' dir='ltr'><strong>quo</strong></span> <span class='ocrx_word' id='word_1_424' title='bbox 608 1765 702 1789; x_wconf 83' lang='lat' dir='ltr'><strong>timore</strong></span> <span class='ocrx_word' id='word_1_425' title='bbox 720 1765 808 1789; x_wconf 82' lang='lat' dir='ltr'><strong>anima</strong></span> <span class='ocrx_word' id='word_1_426' title='bbox 820 1765 952 1795; x_wconf 86' lang='lat' dir='ltr'><strong>laborans,</strong></span> <span class='ocrx_word' id='word_1_427' title='bbox 971 1766 1075 1796; x_wconf 90' lang='lat' dir='ltr'><strong>qnando</strong></span> 
     </span>
     <span class='ocr_line' id='line_1_47' title="bbox 98 1797 1075 1830; baseline 0.003 -10"><span class='ocrx_word' id='word_1_428' title='bbox 98 1797 336 1828; x_wconf 70' lang='lat' dir='ltr'><strong>concupiscentiam</strong></span> <span class='ocrx_word' id='word_1_429' title='bbox 354 1798 446 1822; x_wconf 84' lang='lat' dir='ltr'><strong>malam</strong></span> <span class='ocrx_word' id='word_1_430' title='bbox 466 1805 518 1822; x_wconf 90' lang='lat' dir='ltr'><strong>non</strong></span> <span class='ocrx_word' id='word_1_431' title='bbox 537 1799 637 1828; x_wconf 79' lang='lat' dir='ltr'><strong>vicerit,</strong></span> <span class='ocrx_word' id='word_1_432' title='bbox 655 1806 703 1823; x_wconf 90' lang='lat' dir='ltr'><strong>nec</strong></span> <span class='ocrx_word' id='word_1_433' title='bbox 722 1800 800 1823; x_wconf 88' lang='lat' dir='ltr'><strong>timor</strong></span> <span class='ocrx_word' id='word_1_434' title='bbox 825 1800 868 1823; x_wconf 91' lang='lat' dir='ltr'><strong>ille</strong></span> <span class='ocrx_word' id='word_1_435' title='bbox 891 1800 964 1830; x_wconf 83' lang='lat' dir='ltr'><strong>quasi</strong></span> <span class='ocrx_word' id='word_1_436' title='bbox 989 1804 1075 1823; x_wconf 82' lang='lat' dir='ltr'><strong>custos</strong></span> 
     </span>
     <span class='ocr_line' id='line_1_48' title="bbox 97 1831 1076 1864; baseline 0.002 -9"><span class='ocrx_word' id='word_1_437' title='bbox 97 1838 204 1856; x_wconf 71' lang='lat' dir='ltr'><strong>seuerus</strong></span> <span class='ocrx_word' id='word_1_438' title='bbox 223 1831 389 1861; x_wconf 79' lang='lat' dir='ltr'><strong>abscesserit,</strong></span> <span class='ocrx_word' id='word_1_439' title='bbox 415 1839 459 1863; x_wconf 87' lang='lat' dir='ltr'><strong>per</strong></span> <span class='ocrx_word' id='word_1_440' title='bbox 480 1832 557 1856; x_wconf 88' lang='lat' dir='ltr'><strong>fidem</strong></span> <span class='ocrx_word' id='word_1_441' title='bbox 581 1834 716 1864; x_wconf 75' lang='lat' dir='ltr'><strong>confugiat</strong></span> <span class='ocrx_word' id='word_1_442' title='bbox 737 1834 770 1857; x_wconf 84' lang='lat' dir='ltr'><strong>ad</strong></span> <span class='ocrx_word' id='word_1_443' title='bbox 793 1834 999 1858; x_wconf 85' lang='lat' dir='ltr'><strong>misericordiam</strong></span> <span class='ocrx_word' id='word_1_444' title='bbox 1017 1834 1076 1862; x_wconf 90' lang='lat' dir='ltr'><strong>Dei,</strong></span> 
     </span>
     <span class='ocr_line' id='line_1_49' title="bbox 97 1865 1075 1900; baseline 0.003 -11"><span class='ocrx_word' id='word_1_445' title='bbox 97 1869 127 1889; x_wconf 78' lang='lat' dir='ltr'><strong>vt</strong></span> <span class='ocrx_word' id='word_1_446' title='bbox 144 1865 190 1889; x_wconf 83' lang='lat' dir='ltr'><strong>det</strong></span> <span class='ocrx_word' id='word_1_447' title='bbox 210 1865 280 1897; x_wconf 90' lang='lat' dir='ltr'><strong>quod</strong></span> <span class='ocrx_word' id='word_1_448' title='bbox 303 1866 388 1896; x_wconf 87' lang='lat' dir='ltr'><strong>iubet,</strong></span> <span class='ocrx_word' id='word_1_449' title='bbox 413 1870 491 1898; x_wconf 82' lang='lat' dir='ltr'><strong>atque</strong></span> <span class='ocrx_word' id='word_1_450' title='bbox 513 1867 639 1898; x_wconf 82' lang='lat' dir='ltr'><strong>inspirata</strong></span> <span class='ocrx_word' id='word_1_451' title='bbox 663 1868 763 1898; x_wconf 83' lang='lat' dir='ltr'><strong>gratiae</strong></span> <span class='ocrx_word' id='word_1_452' title='bbox 787 1869 917 1892; x_wconf 80' lang='lat' dir='ltr'><strong>suauitate</strong></span> <span class='ocrx_word' id='word_1_453' title='bbox 935 1875 980 1899; x_wconf 90' lang='lat' dir='ltr'><strong>per</strong></span> <span class='ocrx_word' id='word_1_454' title='bbox 999 1869 1075 1900; x_wconf 81' lang='lat' dir='ltr'><strong>spiri-</strong></span> 
     </span>
     <span class='ocr_line' id='line_1_50' title="bbox 98 1899 1077 1934; baseline 0.003 -11"><span class='ocrx_word' id='word_1_455' title='bbox 98 1902 153 1923; x_wconf 83' lang='lat' dir='ltr'><strong>tum</strong></span> <span class='ocrx_word' id='word_1_456' title='bbox 170 1903 295 1928; x_wconf 76' lang='lat' dir='ltr'><strong>sanctum,</strong></span> <span class='ocrx_word' id='word_1_457' title='bbox 312 1899 394 1924; x_wconf 71' lang='lat' dir='ltr'><strong>faciat</strong></span> <span class='ocrx_word' id='word_1_458' title='bbox 410 1901 467 1932; x_wconf 88' lang='lat' dir='ltr'><strong>plus</strong></span> <span class='ocrx_word' id='word_1_459' title='bbox 485 1901 615 1926; x_wconf 73' lang='lat' dir='ltr'><strong>delectare</strong></span> <span class='ocrx_word' id='word_1_460' title='bbox 634 1902 703 1932; x_wconf 90' lang='lat' dir='ltr'><strong>quod</strong></span> <span class='ocrx_word' id='word_1_461' title='bbox 722 1902 856 1934; x_wconf 77' lang='lat' dir='ltr'><strong>praecipit,</strong></span> <span class='ocrx_word' id='word_1_462' title='bbox 875 1909 951 1933; x_wconf 84' lang='lat' dir='ltr'><strong>quam</strong></span> <span class='ocrx_word' id='word_1_463' title='bbox 966 1903 1077 1926; x_wconf 83' lang='lat' dir='ltr'><strong>delectat</strong></span> 
     </span>
     <span class='ocr_line' id='line_1_51' title="bbox 98 1933 1076 1967; baseline 0.003 -10"><span class='ocrx_word' id='word_1_464' title='bbox 98 1933 171 1964; x_wconf 86' lang='lat' dir='ltr'><strong>quod</strong></span> <span class='ocrx_word' id='word_1_465' title='bbox 193 1934 308 1965; x_wconf 71' lang='lat' dir='ltr'><strong>impedit.</strong></span> <span class='ocrx_word' id='word_1_466' title='bbox 344 1934 398 1959; x_wconf 71' lang='lat' dir='ltr'><strong>Sed</strong></span> <span class='ocrx_word' id='word_1_467' title='bbox 420 1935 502 1959; x_wconf 87' lang='lat' dir='ltr'><strong>multo</strong></span> <span class='ocrx_word' id='word_1_468' title='bbox 524 1935 650 1959; x_wconf 87' lang='lat' dir='ltr'><strong>illustrior</strong></span> <span class='ocrx_word' id='word_1_469' title='bbox 673 1937 807 1960; x_wconf 81' lang='lat' dir='ltr'><strong>sentencia</strong></span> <span class='ocrx_word' id='word_1_470' title='bbox 827 1940 900 1960; x_wconf 84' lang='lat' dir='ltr'><strong>extat</strong></span> <span class='ocrx_word' id='word_1_471' title='bbox 921 1937 990 1967; x_wconf 86' lang='lat' dir='ltr'><strong>apud</strong></span> <span class='ocrx_word' id='word_1_472' title='bbox 1013 1938 1076 1960; x_wconf 82' lang='lat' dir='ltr'><strong>Am-</strong></span> 
     </span>
     <span class='ocr_line' id='line_1_52' title="bbox 98 1967 1075 2002; baseline 0.004 -11"><span class='ocrx_word' id='word_1_473' title='bbox 98 1967 214 1992; x_wconf 81' lang='lat' dir='ltr'><strong>brosium</strong></span> <span class='ocrx_word' id='word_1_474' title='bbox 231 1968 258 1992; x_wconf 81' lang='lat' dir='ltr'><strong>in</strong></span> <span class='ocrx_word' id='word_1_475' title='bbox 276 1967 394 1999; x_wconf 75' lang='lat' dir='ltr'><strong>Epistola</strong></span> <span class='ocrx_word' id='word_1_476' title='bbox 411 1969 445 1994; x_wconf 88' lang='lat' dir='ltr'><strong>ad</strong></span> <span class='ocrx_word' id='word_1_477' title='bbox 461 1969 580 1993; x_wconf 87' lang='lat' dir='ltr'><strong>Ireneum</strong></span> <span class='ocrx_word' id='word_1_478' title='bbox 599 1971 736 2002; x_wconf 84' lang='lat' dir='ltr'><strong>quendam.</strong></span> <span class='ocrx_word' id='word_1_479' title='bbox 763 1970 888 1995; x_wconf 86' lang='lat' dir='ltr'><strong>Subditus</strong></span> <span class='ocrx_word' id='word_1_480' title='bbox 907 1975 994 1994; x_wconf 84' lang='lat' dir='ltr'><strong>antem</strong></span> <span class='ocrx_word' id='word_1_481' title='bbox 1003 1978 1075 1995; x_wconf 89' lang='lat' dir='ltr'><strong>mun-</strong></span> 
     </span>
     <span class='ocr_line' id='line_1_53' title="bbox 99 2002 1077 2037; baseline 0.004 -12"><span class='ocrx_word' id='word_1_482' title='bbox 99 2002 148 2026; x_wconf 88' lang='lat' dir='ltr'><strong>dus</strong></span> <span class='ocrx_word' id='word_1_483' title='bbox 170 2009 202 2026; x_wconf 85' lang='lat' dir='ltr'><strong>eo</strong></span> <span class='ocrx_word' id='word_1_484' title='bbox 227 2009 273 2034; x_wconf 87' lang='lat' dir='ltr'><strong>per</strong></span> <span class='ocrx_word' id='word_1_485' title='bbox 295 2003 379 2033; x_wconf 86' lang='lat' dir='ltr'><strong>legem</strong></span> <span class='ocrx_word' id='word_1_486' title='bbox 401 2002 484 2027; x_wconf 79' lang='lat' dir='ltr'><strong>sactus</strong></span> <span class='ocrx_word' id='word_1_487' title='bbox 508 2007 559 2033; x_wconf 85' lang='lat' dir='ltr'><strong>est,</strong></span> <span class='ocrx_word' id='word_1_488' title='bbox 579 2005 641 2035; x_wconf 88' lang='lat' dir='ltr'><strong>quia</strong></span> <span class='ocrx_word' id='word_1_489' title='bbox 663 2012 698 2029; x_wconf 82' lang='lat' dir='ltr'><strong>ex</strong></span> <span class='ocrx_word' id='word_1_490' title='bbox 720 2006 877 2037; x_wconf 82' lang='lat' dir='ltr'><strong>praescripto</strong></span> <span class='ocrx_word' id='word_1_491' title='bbox 900 2005 966 2035; x_wconf 87' lang='lat' dir='ltr'><strong>legis</strong></span> <span class='ocrx_word' id='word_1_492' title='bbox 985 2012 1077 2029; x_wconf 88' lang='lat' dir='ltr'><strong>omues</strong></span> 
     </span>
     <span class='ocr_line' id='line_1_54' title="bbox 99 2037 1074 2071; baseline 0.003 -11"><span class='ocrx_word' id='word_1_493' title='bbox 99 2037 292 2065; x_wconf 85' lang='lat' dir='ltr'><strong>conueniuntnr,</strong></span> <span class='ocrx_word' id='word_1_494' title='bbox 311 2040 338 2060; x_wconf 88' lang='lat' dir='ltr'><strong>et</strong></span> <span class='ocrx_word' id='word_1_495' title='bbox 355 2043 387 2060; x_wconf 87' lang='lat' dir='ltr'><strong>ex</strong></span> <span class='ocrx_word' id='word_1_496' title='bbox 405 2037 526 2068; x_wconf 86' lang='lat' dir='ltr'><strong>operibus</strong></span> <span class='ocrx_word' id='word_1_497' title='bbox 543 2038 609 2068; x_wconf 81' lang='lat' dir='ltr'><strong>legis</strong></span> <span class='ocrx_word' id='word_1_498' title='bbox 628 2046 704 2063; x_wconf 88' lang='lat' dir='ltr'><strong>nemo</strong></span> <span class='ocrx_word' id='word_1_499' title='bbox 722 2039 891 2069; x_wconf 72' lang='lat' dir='ltr'><strong>iustificetur,</strong></span> <span class='ocrx_word' id='word_1_500' title='bbox 915 2039 980 2070; x_wconf 80' lang='lat' dir='ltr'><strong>(fol.</strong></span> <span class='ocrx_word' id='word_1_501' title='bbox 1000 2040 1007 2062; x_wconf 93' lang='lat' dir='ltr'><strong>l</strong></span> <span class='ocrx_word' id='word_1_502' title='bbox 1027 2040 1074 2071; x_wconf 74' lang='lat'><strong>1⁵)</strong></span> 
     </span>
     <span class='ocr_line' id='line_1_55' title="bbox 98 2071 1074 2104; baseline 0.004 -10"><span class='ocrx_word' id='word_1_503' title='bbox 98 2071 128 2094; x_wconf 90' lang='lat' dir='ltr'><strong>id</strong></span> <span class='ocrx_word' id='word_1_504' title='bbox 146 2074 198 2100; x_wconf 83' lang='lat' dir='ltr'><strong>est,</strong></span> <span class='ocrx_word' id='word_1_505' title='bbox 218 2071 278 2102; x_wconf 79' lang='lat' dir='ltr'><strong>quia</strong></span> <span class='ocrx_word' id='word_1_506' title='bbox 296 2077 341 2102; x_wconf 86' lang='lat' dir='ltr'><strong>per</strong></span> <span class='ocrx_word' id='word_1_507' title='bbox 359 2071 444 2102; x_wconf 89' lang='lat' dir='ltr'><strong>legem</strong></span> <span class='ocrx_word' id='word_1_508' title='bbox 461 2075 595 2103; x_wconf 81' lang='lat' dir='ltr'><strong>peccatum</strong></span> <span class='ocrx_word' id='word_1_509' title='bbox 613 2075 788 2104; x_wconf 83' lang='lat' dir='ltr'><strong>cognoscitur,</strong></span> <span class='ocrx_word' id='word_1_510' title='bbox 806 2074 853 2098; x_wconf 87' lang='lat' dir='ltr'><strong>sed</strong></span> <span class='ocrx_word' id='word_1_511' title='bbox 872 2073 947 2104; x_wconf 83' lang='lat' dir='ltr'><strong>culpa</strong></span> <span class='ocrx_word' id='word_1_512' title='bbox 966 2081 1017 2097; x_wconf 90' lang='lat' dir='ltr'><strong>non</strong></span> <span class='ocrx_word' id='word_1_513' title='bbox 1035 2081 1074 2098; x_wconf 80' lang='lat' dir='ltr'><strong>re-</strong></span> 
     </span>
     <span class='ocr_line' id='line_1_56' title="bbox 97 2104 1075 2140; baseline 0.004 -12"><span class='ocrx_word' id='word_1_514' title='bbox 97 2104 209 2128; x_wconf 78' lang='lat' dir='ltr'><strong>laxatur.</strong></span> <span class='ocrx_word' id='word_1_515' title='bbox 244 2104 388 2129; x_wconf 85' lang='lat' dir='ltr'><strong>Videbatur</strong></span> <span class='ocrx_word' id='word_1_516' title='bbox 410 2105 454 2129; x_wconf 80' lang='lat' dir='ltr'><strong>lex</strong></span> <span class='ocrx_word' id='word_1_517' title='bbox 477 2106 611 2135; x_wconf 84' lang='lat' dir='ltr'><strong>nocuisse,</strong></span> <span class='ocrx_word' id='word_1_518' title='bbox 634 2115 700 2139; x_wconf 81' lang='lat' dir='ltr'><strong>quae</strong></span> <span class='ocrx_word' id='word_1_519' title='bbox 722 2115 810 2132; x_wconf 85' lang='lat' dir='ltr'><strong>omnes</strong></span> <span class='ocrx_word' id='word_1_520' title='bbox 835 2108 933 2132; x_wconf 76' lang='lat' dir='ltr'><strong>fecerat</strong></span> <span class='ocrx_word' id='word_1_521' title='bbox 956 2113 1075 2140; x_wconf 78' lang='lat' dir='ltr'><strong>peccato-</strong></span> 
     </span>
     <span class='ocr_line' id='line_1_57' title="bbox 98 2137 1075 2174; baseline 0.005 -12"><span class='ocrx_word' id='word_1_522' title='bbox 98 2146 149 2169; x_wconf 85' lang='lat' dir='ltr'><strong>res,</strong></span> <span class='ocrx_word' id='word_1_523' title='bbox 157 2137 211 2163; x_wconf 85' lang='lat' dir='ltr'><strong>Sed</strong></span> <span class='ocrx_word' id='word_1_524' title='bbox 223 2139 329 2162; x_wconf 80' lang='lat' dir='ltr'><strong>veniens</strong></span> <span class='ocrx_word' id='word_1_525' title='bbox 340 2139 459 2163; x_wconf 76' lang='lat' dir='ltr'><strong>dominus</strong></span> <span class='ocrx_word' id='word_1_526' title='bbox 474 2140 556 2169; x_wconf 80' lang='lat' dir='ltr'><strong>Iesus,</strong></span> <span class='ocrx_word' id='word_1_527' title='bbox 567 2146 698 2172; x_wconf 82' lang='lat' dir='ltr'><strong>peccatum</strong></span> <span class='ocrx_word' id='word_1_528' title='bbox 709 2143 826 2166; x_wconf 88' lang='lat' dir='ltr'><strong>omnibus</strong></span> <span class='ocrx_word' id='word_1_529' title='bbox 836 2143 906 2174; x_wconf 89' lang='lat' dir='ltr'><strong>quod</strong></span> <span class='ocrx_word' id='word_1_530' title='bbox 919 2149 993 2166; x_wconf 88' lang='lat' dir='ltr'><strong>nemo</strong></span> <span class='ocrx_word' id='word_1_531' title='bbox 1003 2147 1075 2174; x_wconf 88' lang='lat' dir='ltr'><strong>pote-</strong></span> 
     </span>
     <span class='ocr_line' id='line_1_58' title="bbox 98 2173 1076 2208; baseline 0.005 -12"><span class='ocrx_word' id='word_1_532' title='bbox 98 2177 140 2197; x_wconf 77' lang='lat' dir='ltr'><strong>rat</strong></span> <span class='ocrx_word' id='word_1_533' title='bbox 158 2173 265 2203; x_wconf 80' lang='lat' dir='ltr'><strong>euitare,</strong></span> <span class='ocrx_word' id='word_1_534' title='bbox 283 2173 400 2204; x_wconf 86' lang='lat' dir='ltr'><strong>donauit,</strong></span> <span class='ocrx_word' id='word_1_535' title='bbox 421 2178 446 2197; x_wconf 90' lang='lat' dir='ltr'><strong>et</strong></span> <span class='ocrx_word' id='word_1_536' title='bbox 464 2174 662 2206; x_wconf 83' lang='lat' dir='ltr'><strong>chirographum</strong></span> <span class='ocrx_word' id='word_1_537' title='bbox 685 2180 801 2200; x_wconf 84' lang='lat' dir='ltr'><strong>nostrum</strong></span> <span class='ocrx_word' id='word_1_538' title='bbox 819 2178 859 2201; x_wconf 88' lang='lat' dir='ltr'><strong>sui</strong></span> <span class='ocrx_word' id='word_1_539' title='bbox 880 2178 1015 2208; x_wconf 80' lang='lat' dir='ltr'><strong>sanguinis</strong></span> <span class='ocrx_word' id='word_1_540' title='bbox 1039 2177 1076 2201; x_wconf 74' lang='lat' dir='ltr'><strong>cf·</strong></span> 
     </span>
     <span class='ocr_line' id='line_1_59' title="bbox 97 2207 1075 2243; baseline 0.004 -11"><span class='ocrx_word' id='word_1_541' title='bbox 97 2207 199 2232; x_wconf 73' lang='lat' dir='ltr'><strong>fusione</strong></span> <span class='ocrx_word' id='word_1_542' title='bbox 217 2207 321 2231; x_wconf 87' lang='lat' dir='ltr'><strong>deleuit.</strong></span> <span class='ocrx_word' id='word_1_543' title='bbox 353 2207 413 2232; x_wconf 83' lang='lat' dir='ltr'><strong>Hoc</strong></span> <span class='ocrx_word' id='word_1_544' title='bbox 431 2212 470 2232; x_wconf 87' lang='lat' dir='ltr'><strong>est</strong></span> <span class='ocrx_word' id='word_1_545' title='bbox 487 2209 558 2239; x_wconf 83' lang='lat' dir='ltr'><strong>quod</strong></span> <span class='ocrx_word' id='word_1_546' title='bbox 576 2209 620 2238; x_wconf 84' lang='lat' dir='ltr'><strong>ait,</strong></span> <span class='ocrx_word' id='word_1_547' title='bbox 637 2209 863 2242; x_wconf 85' lang='lat' dir='ltr'><strong>Superabundanit</strong></span> <span class='ocrx_word' id='word_1_548' title='bbox 879 2216 1011 2243; x_wconf 80' lang='lat' dir='ltr'><strong>peccatum</strong></span> <span class='ocrx_word' id='word_1_549' title='bbox 1029 2219 1075 2243; x_wconf 82' lang='lat' dir='ltr'><strong>per</strong></span> 
     </span>
     <span class='ocr_line' id='line_1_60' title="bbox 99 2240 1076 2277; baseline 0.005 -12"><span class='ocrx_word' id='word_1_550' title='bbox 99 2241 194 2272; x_wconf 82' lang='lat' dir='ltr'><strong>legem.</strong></span> <span class='ocrx_word' id='word_1_551' title='bbox 229 2240 457 2272; x_wconf 82' lang='lat' dir='ltr'><strong>Superabnndauit</strong></span> <span class='ocrx_word' id='word_1_552' title='bbox 483 2248 568 2266; x_wconf 85' lang='lat' dir='ltr'><strong>autem</strong></span> <span class='ocrx_word' id='word_1_553' title='bbox 597 2245 682 2273; x_wconf 83' lang='lat' dir='ltr'><strong>gratia</strong></span> <span class='ocrx_word' id='word_1_554' title='bbox 704 2251 751 2276; x_wconf 91' lang='lat' dir='ltr'><strong>pcr</strong></span> <span class='ocrx_word' id='word_1_555' title='bbox 776 2244 871 2270; x_wconf 83' lang='lat' dir='ltr'><strong>Iesum.</strong></span> <span class='ocrx_word' id='word_1_556' title='bbox 908 2245 978 2275; x_wconf 87' lang='lat' dir='ltr'><strong>Quia</strong></span> <span class='ocrx_word' id='word_1_557' title='bbox 1005 2250 1076 2277; x_wconf 87' lang='lat' dir='ltr'><strong>post-</strong></span> 
     </span>
     <span class='ocr_line' id='line_1_61' title="bbox 100 2276 1075 2312; baseline 0.007 -14"><span class='ocrx_word' id='word_1_558' title='bbox 100 2282 177 2306; x_wconf 76' lang='lat' dir='ltr'><strong>quam</strong></span> <span class='ocrx_word' id='word_1_559' title='bbox 195 2280 264 2299; x_wconf 89' lang='lat' dir='ltr'><strong>totus</strong></span> <span class='ocrx_word' id='word_1_560' title='bbox 281 2276 392 2300; x_wconf 85' lang='lat' dir='ltr'><strong>mundus</strong></span> <span class='ocrx_word' id='word_1_561' title='bbox 410 2276 527 2301; x_wconf 85' lang='lat' dir='ltr'><strong>subditus</strong></span> <span class='ocrx_word' id='word_1_562' title='bbox 546 2276 630 2301; x_wconf 80' lang='lat' dir='ltr'><strong>sactus</strong></span> <span class='ocrx_word' id='word_1_563' title='bbox 653 2283 705 2308; x_wconf 90' lang='lat' dir='ltr'><strong>est,</strong></span> <span class='ocrx_word' id='word_1_564' title='bbox 728 2279 808 2303; x_wconf 87' lang='lat' dir='ltr'><strong>totius</strong></span> <span class='ocrx_word' id='word_1_565' title='bbox 827 2279 916 2304; x_wconf 89' lang='lat' dir='ltr'><strong>mundi</strong></span> <span class='ocrx_word' id='word_1_566' title='bbox 940 2286 1075 2312; x_wconf 76' lang='lat' dir='ltr'><strong>peccatum</strong></span> 
     </span>
     <span class='ocr_line' id='line_1_62' title="bbox 100 2308 1074 2345; baseline 0.007 -13"><span class='ocrx_word' id='word_1_567' title='bbox 100 2308 213 2339; x_wconf 76' lang='lat' dir='ltr'><strong>abstulit,</strong></span> <span class='ocrx_word' id='word_1_568' title='bbox 230 2311 296 2334; x_wconf 88' lang='lat' dir='ltr'><strong>sicut</strong></span> <span class='ocrx_word' id='word_1_569' title='bbox 313 2310 464 2334; x_wconf 75' lang='lat' dir='ltr'><strong>testificatus</strong></span> <span class='ocrx_word' id='word_1_570' title='bbox 483 2316 521 2335; x_wconf 87' lang='lat' dir='ltr'><strong>est</strong></span> <span class='ocrx_word' id='word_1_571' title='bbox 538 2311 682 2342; x_wconf 74' lang='lat' dir='ltr'><strong>Iohannes,</strong></span> <span class='ocrx_word' id='word_1_572' title='bbox 702 2312 806 2344; x_wconf 87' lang='lat' dir='ltr'><strong>dicens,</strong></span> <span class='ocrx_word' id='word_1_573' title='bbox 824 2313 892 2338; x_wconf 86' lang='lat' dir='ltr'><strong>Ecce</strong></span> <span class='ocrx_word' id='word_1_574' title='bbox 915 2321 997 2345; x_wconf 84' lang='lat' dir='ltr'><strong>agnus</strong></span> <span class='ocrx_word' id='word_1_575' title='bbox 1015 2315 1074 2344; x_wconf 82' lang='lat' dir='ltr'><strong>Dei,</strong></span> 
     </span>
     <span class='ocr_line' id='line_1_63' title="bbox 100 2343 1075 2379; baseline 0.006 -12"><span class='ocrx_word' id='word_1_576' title='bbox 100 2349 161 2367; x_wconf 77' lang='lat' dir='ltr'><strong>ecce</strong></span> <span class='ocrx_word' id='word_1_577' title='bbox 189 2345 233 2375; x_wconf 80' lang='lat' dir='ltr'><strong>qui</strong></span> <span class='ocrx_word' id='word_1_578' title='bbox 262 2343 331 2368; x_wconf 85' lang='lat' dir='ltr'><strong>tollit</strong></span> <span class='ocrx_word' id='word_1_579' title='bbox 356 2351 488 2376; x_wconf 80' lang='lat' dir='ltr'><strong>peccatum</strong></span> <span class='ocrx_word' id='word_1_580' title='bbox 515 2347 612 2371; x_wconf 87' lang='lat' dir='ltr'><strong>mundi.</strong></span> <span class='ocrx_word' id='word_1_581' title='bbox 654 2346 689 2370; x_wconf 84' lang='lat' dir='ltr'><strong>Et</strong></span> <span class='ocrx_word' id='word_1_582' title='bbox 715 2347 774 2370; x_wconf 82' lang='lat' dir='ltr'><strong>idco</strong></span> <span class='ocrx_word' id='word_1_583' title='bbox 796 2355 873 2371; x_wconf 88' lang='lat' dir='ltr'><strong>nemo</strong></span> <span class='ocrx_word' id='word_1_584' title='bbox 897 2348 1024 2379; x_wconf 75' lang='lat' dir='ltr'><strong>glorietur</strong></span> <span class='ocrx_word' id='word_1_585' title='bbox 1047 2350 1075 2373; x_wconf 92' lang='lat' dir='ltr'><strong>in</strong></span> 
     </span>
     <span class='ocr_line' id='line_1_64' title="bbox 99 2377 1076 2414; baseline 0.007 -14"><span class='ocrx_word' id='word_1_586' title='bbox 99 2377 236 2408; x_wconf 79' lang='lat' dir='ltr'><strong>operibus,</strong></span> <span class='ocrx_word' id='word_1_587' title='bbox 258 2379 318 2408; x_wconf 90' lang='lat' dir='ltr'><strong>quia</strong></span> <span class='ocrx_word' id='word_1_588' title='bbox 341 2386 418 2403; x_wconf 91' lang='lat' dir='ltr'><strong>nemo</strong></span> <span class='ocrx_word' id='word_1_589' title='bbox 436 2380 511 2404; x_wconf 80' lang='lat' dir='ltr'><strong>sactis</strong></span> <span class='ocrx_word' id='word_1_590' title='bbox 530 2381 581 2404; x_wconf 87' lang='lat' dir='ltr'><strong>suis</strong></span> <span class='ocrx_word' id='word_1_591' title='bbox 600 2381 766 2411; x_wconf 68' lang='lat' dir='ltr'><strong>iustihcatur,</strong></span> <span class='ocrx_word' id='word_1_592' title='bbox 789 2380 843 2406; x_wconf 84' lang='lat' dir='ltr'><strong>Sed</strong></span> <span class='ocrx_word' id='word_1_593' title='bbox 866 2383 909 2413; x_wconf 84' lang='lat' dir='ltr'><strong>qui</strong></span> <span class='ocrx_word' id='word_1_594' title='bbox 926 2383 1008 2407; x_wconf 81' lang='lat' dir='ltr'><strong>iustus</strong></span> <span class='ocrx_word' id='word_1_595' title='bbox 1028 2387 1076 2414; x_wconf 88' lang='lat' dir='ltr'><strong>est,</strong></span> 
     </span>
     <span class='ocr_line' id='line_1_65' title="bbox 101 2411 1074 2449; baseline 0.007 -14"><span class='ocrx_word' id='word_1_596' title='bbox 101 2411 225 2435; x_wconf 80' lang='lat' dir='ltr'><strong>donatum</strong></span> <span class='ocrx_word' id='word_1_597' title='bbox 243 2411 329 2442; x_wconf 83' lang='lat' dir='ltr'><strong>habet,</strong></span> <span class='ocrx_word' id='word_1_598' title='bbox 347 2415 408 2444; x_wconf 82' lang='lat' dir='ltr'><strong>qnia</strong></span> <span class='ocrx_word' id='word_1_599' title='bbox 423 2420 483 2446; x_wconf 82' lang='lat' dir='ltr'><strong>post</strong></span> <span class='ocrx_word' id='word_1_600' title='bbox 501 2415 631 2438; x_wconf 81' lang='lat' dir='ltr'><strong>lauacrum</strong></span> <span class='ocrx_word' id='word_1_601' title='bbox 655 2415 804 2440; x_wconf 72' lang='lat' dir='ltr'><strong>iustificam</strong></span> <span class='ocrx_word' id='word_1_602' title='bbox 829 2420 875 2440; x_wconf 84' lang='lat' dir='ltr'><strong>est.</strong></span> <span class='ocrx_word' id='word_1_603' title='bbox 910 2415 987 2441; x_wconf 82' lang='lat' dir='ltr'><strong>Fides</strong></span> <span class='ocrx_word' id='word_1_604' title='bbox 1013 2425 1074 2449; x_wconf 81' lang='lat' dir='ltr'><strong>ergo</strong></span> 
     </span>
     <span class='ocr_line' id='line_1_66' title="bbox 101 2446 1075 2484; baseline 0.009 -16"><span class='ocrx_word' id='word_1_605' title='bbox 101 2448 148 2476; x_wconf 67' lang='lat' dir='ltr'><strong>est,</strong></span> <span class='ocrx_word' id='word_1_606' title='bbox 166 2452 231 2476; x_wconf 73' lang='lat' dir='ltr'><strong>quae</strong></span> <span class='ocrx_word' id='word_1_607' title='bbox 249 2446 344 2471; x_wconf 83' lang='lat' dir='ltr'><strong>liberat</strong></span> <span class='ocrx_word' id='word_1_608' title='bbox 360 2455 406 2479; x_wconf 84' lang='lat' dir='ltr'><strong>per</strong></span> <span class='ocrx_word' id='word_1_609' title='bbox 422 2449 575 2480; x_wconf 84' lang='lat' dir='ltr'><strong>sanguinem</strong></span> <span class='ocrx_word' id='word_1_610' title='bbox 594 2449 701 2479; x_wconf 75' lang='lat' dir='ltr'><strong>Christi,</strong></span> <span class='ocrx_word' id='word_1_611' title='bbox 714 2449 773 2480; x_wconf 87' lang='lat' dir='ltr'><strong>quia</strong></span> <span class='ocrx_word' id='word_1_612' title='bbox 791 2450 880 2474; x_wconf 79' lang='lat' dir='ltr'><strong>beatus</strong></span> <span class='ocrx_word' id='word_1_613' title='bbox 897 2450 941 2475; x_wconf 86' lang='lat' dir='ltr'><strong>ille</strong></span> <span class='ocrx_word' id='word_1_614' title='bbox 959 2452 1000 2476; x_wconf 91' lang='lat' dir='ltr'><strong>cui</strong></span> <span class='ocrx_word' id='word_1_615' title='bbox 1017 2459 1075 2484; x_wconf 90' lang='lat' dir='ltr'><strong>pec-</strong></span> 
     </span>
     <span class='ocr_line' id='line_1_67' title="bbox 100 2481 629 2512; baseline 0.006 -8"><span class='ocrx_word' id='word_1_616' title='bbox 100 2484 186 2504; x_wconf 82' lang='lat' dir='ltr'><strong>catum</strong></span> <span class='ocrx_word' id='word_1_617' title='bbox 205 2481 351 2512; x_wconf 80' lang='lat' dir='ltr'><strong>remittitur,</strong></span> <span class='ocrx_word' id='word_1_618' title='bbox 369 2486 396 2506; x_wconf 87' lang='lat' dir='ltr'><strong>et</strong></span> <span class='ocrx_word' id='word_1_619' title='bbox 412 2483 489 2507; x_wconf 84' lang='lat' dir='ltr'><strong>venia</strong></span> <span class='ocrx_word' id='word_1_620' title='bbox 507 2483 629 2507; x_wconf 72' lang='lat' dir='ltr'><strong>donatur.</strong></span> 
     </span>
    </p>
   </div>
   <div class='ocr_carea' id='block_1_4' title="bbox 98 2526 1075 2630">
    <p class='ocr_par' dir='ltr' id='par_1_4' title="bbox 98 2526 1075 2630">
     <span class='ocr_line' id='line_1_68' title="bbox 169 2526 1075 2563; baseline 0.007 -13"><span class='ocrx_word' id='word_1_621' title='bbox 169 2526 343 2552; x_wconf 67' lang='lat' dir='ltr'><strong>Conseruntur</strong></span> <span class='ocrx_word' id='word_1_622' title='bbox 361 2529 387 2552; x_wconf 89' lang='lat' dir='ltr'><strong>in</strong></span> <span class='ocrx_word' id='word_1_623' title='bbox 406 2537 483 2554; x_wconf 83' lang='lat' dir='ltr'><strong>vnum</strong></span> <span class='ocrx_word' id='word_1_624' title='bbox 501 2537 621 2554; x_wconf 86' lang='lat' dir='ltr'><strong>aceruum</strong></span> <span class='ocrx_word' id='word_1_625' title='bbox 644 2537 733 2554; x_wconf 77' lang='lat' dir='ltr'><strong>omncs</strong></span> <span class='ocrx_word' id='word_1_626' title='bbox 756 2530 941 2562; x_wconf 83' lang='lat' dir='ltr'><strong>Sentenciarii‚</strong></span> <span class='ocrx_word' id='word_1_627' title='bbox 960 2533 1004 2563; x_wconf 83' lang='lat' dir='ltr'><strong>qui</strong></span> <span class='ocrx_word' id='word_1_628' title='bbox 1022 2540 1075 2557; x_wconf 86' lang='lat' dir='ltr'><strong>ma-</strong></span> 
     </span>
     <span class='ocr_line' id='line_1_69' title="bbox 99 2560 1075 2597; baseline 0.007 -13"><span class='ocrx_word' id='word_1_629' title='bbox 99 2560 201 2591; x_wconf 79' lang='lat' dir='ltr'><strong>gnificis</strong></span> <span class='ocrx_word' id='word_1_630' title='bbox 219 2562 301 2586; x_wconf 80' lang='lat' dir='ltr'><strong>titulis</strong></span> <span class='ocrx_word' id='word_1_631' title='bbox 319 2568 453 2593; x_wconf 81' lang='lat' dir='ltr'><strong>ornantur,</strong></span> <span class='ocrx_word' id='word_1_632' title='bbox 471 2565 516 2589; x_wconf 81' lang='lat' dir='ltr'><strong>alii</strong></span> <span class='ocrx_word' id='word_1_633' title='bbox 534 2570 661 2588; x_wconf 84' lang='lat' dir='ltr'><strong>vocantur</strong></span> <span class='ocrx_word' id='word_1_634' title='bbox 679 2565 800 2595; x_wconf 79' lang='lat' dir='ltr'><strong>angelici,</strong></span> <span class='ocrx_word' id='word_1_635' title='bbox 817 2565 862 2589; x_wconf 84' lang='lat' dir='ltr'><strong>alii</strong></span> <span class='ocrx_word' id='word_1_636' title='bbox 875 2566 1075 2597; x_wconf 77' lang='lat' dir='ltr'><strong>irrefragabiles,</strong></span> 
     </span>
     <span class='ocr_line' id='line_1_70' title="bbox 98 2595 1074 2630; baseline 0.007 -11"><span class='ocrx_word' id='word_1_637' title='bbox 98 2595 145 2619; x_wconf 74' lang='lat' dir='ltr'><strong>alii</strong></span> <span class='ocrx_word' id='word_1_638' title='bbox 163 2595 278 2625; x_wconf 78' lang='lat' dir='ltr'><strong>subtiles,</strong></span> <span class='ocrx_word' id='word_1_639' title='bbox 296 2597 341 2621; x_wconf 75' lang='lat' dir='ltr'><strong>alii</strong></span> <span class='ocrx_word' id='word_1_640' title='bbox 360 2598 489 2623; x_wconf 78' lang='lat' dir='ltr'><strong>solennes.</strong></span> <span class='ocrx_word' id='word_1_641' title='bbox 521 2598 617 2623; x_wconf 64' lang='lat' dir='ltr'><strong>Omnes</strong></span> <span class='ocrx_word' id='word_1_642' title='bbox 636 2600 678 2623; x_wconf 82' lang='lat' dir='ltr'><strong>isti</strong></span> <span class='ocrx_word' id='word_1_643' title='bbox 699 2600 804 2630; x_wconf 82' lang='lat' dir='ltr'><strong>perlecti</strong></span> <span class='ocrx_word' id='word_1_644' title='bbox 823 2607 877 2624; x_wconf 86' lang='lat' dir='ltr'><strong>non</strong></span> <span class='ocrx_word' id='word_1_645' title='bbox 895 2604 994 2625; x_wconf 86' lang='lat' dir='ltr'><strong>tantum</strong></span> <span class='ocrx_word' id='word_1_646' title='bbox 1012 2608 1074 2626; x_wconf 84' lang='lat' dir='ltr'><strong>con-</strong></span> 
     </span>
    </p>
   </div>
   <div class='ocr_carea' id='block_1_5' title="bbox 303 2655 727 2678">
    <p class='ocr_par' dir='ltr' id='par_1_5' title="bbox 303 2655 727 2678">
     <span class='ocr_line' id='line_1_71' title="bbox 303 2655 727 2678; baseline 0.005 -4"><span class='ocrx_word' id='word_1_647' title='bbox 303 2655 451 2678; x_wconf 67' lang='lat' dir='ltr'><strong>ultuma.</strong></span> <span class='ocrx_word' id='word_1_648' title='bbox 465 2657 547 2676; x_wconf 74' lang='grc' dir='ltr'><strong>ΟΡΒΒ.</strong></span> <span class='ocrx_word' id='word_1_649' title='bbox 562 2657 624 2676; x_wconf 78' lang='lat' dir='ltr'><strong>vm..</strong></span> <span class='ocrx_word' id='word_1_650' title='bbox 636 2657 727 2677; x_wconf 78' lang='lat' dir='ltr'><strong>nvn.</strong></span> 
     </span>
    </p>
   </div>
   <div class='ocr_carea' id='block_1_6' title="bbox 530 145 1762 181">
    <p class='ocr_par' dir='ltr' id='par_1_6' title="bbox 530 145 1762 181">
     <span class='ocr_line' id='line_1_72' title="bbox 530 145 1762 181; baseline 0 -2"><span class='ocrx_word' id='word_1_651' title='bbox 530 146 762 180; x_wconf 75' lang='lat' dir='ltr'><strong>APOn0G1A</strong></span> <span class='ocrx_word' id='word_1_652' title='bbox 787 145 1105 180; x_wconf 68' lang='lat' dir='ltr'><strong>comsstoms</strong></span> <span class='ocrx_word' id='word_1_653' title='bbox 1129 146 1445 181; x_wconf 74' lang='lat' dir='ltr'><strong>AUGUSTANAE.</strong></span> <span class='ocrx_word' id='word_1_654' title='bbox 1487 146 1529 180; x_wconf 86' lang='lat' dir='ltr'><strong>B.</strong></span> <span class='ocrx_word' id='word_1_655' title='bbox 1559 146 1762 179; x_wconf 65' lang='lat' dir='ltr'><strong>ALTERA.</strong></span> 
     </span>
    </p>
   </div>
   <div class='ocr_carea' id='block_1_7' title="bbox 2045 148 2112 180">
    <p class='ocr_par' dir='ltr' id='par_1_7' title="bbox 2045 148 2112 180">
     <span class='ocr_line' id='line_1_73' title="bbox 2045 148 2112 180; baseline 0 0"><span class='ocrx_word' id='word_1_656' title='bbox 2045 148 2112 180; x_wconf 76' lang='lat'><strong>466</strong></span> 
     </span>
    </p>
   </div>
   <div class='ocr_carea' id='block_1_8' title="bbox 1132 241 2110 441">
    <p class='ocr_par' dir='ltr' id='par_1_8' title="bbox 1132 241 2110 441">
     <span class='ocr_line' id='line_1_74' title="bbox 1133 241 2110 273; baseline 0.002 -9"><span class='ocrx_word' id='word_1_657' title='bbox 1133 241 1231 265; x_wconf 90' lang='lat' dir='ltr'><strong>ducunt</strong></span> <span class='ocrx_word' id='word_1_658' title='bbox 1247 241 1281 265; x_wconf 82' lang='lat' dir='ltr'><strong>ad</strong></span> <span class='ocrx_word' id='word_1_659' title='bbox 1300 242 1499 273; x_wconf 86' lang='lat' dir='ltr'><strong>intelligendum</strong></span> <span class='ocrx_word' id='word_1_660' title='bbox 1522 241 1643 271; x_wconf 82' lang='lat' dir='ltr'><strong>Paulum,</strong></span> <span class='ocrx_word' id='word_1_661' title='bbox 1668 245 1790 273; x_wconf 79' lang='lat' dir='ltr'><strong>qnantum</strong></span> <span class='ocrx_word' id='word_1_662' title='bbox 1814 241 1877 265; x_wconf 81' lang='lat' dir='ltr'><strong>haec</strong></span> <span class='ocrx_word' id='word_1_663' title='bbox 1899 249 1950 265; x_wconf 87' lang='lat' dir='ltr'><strong>vna</strong></span> <span class='ocrx_word' id='word_1_664' title='bbox 1974 242 2110 267; x_wconf 78' lang='lat' dir='ltr'><strong>Ambrosii</strong></span> 
     </span>
     <span class='ocr_line' id='line_1_75' title="bbox 1133 276 2108 306; baseline 0.002 -8"><span class='ocrx_word' id='word_1_665' title='bbox 1133 276 1276 300; x_wconf 82' lang='lat' dir='ltr'><strong>sentencia.</strong></span> <span class='ocrx_word' id='word_1_666' title='bbox 1312 276 1442 300; x_wconf 69' lang='lat' dir='ltr'><strong>Fortassis</strong></span> <span class='ocrx_word' id='word_1_667' title='bbox 1461 280 1546 300; x_wconf 82' lang='lat' dir='ltr'><strong>autem</strong></span> <span class='ocrx_word' id='word_1_668' title='bbox 1565 280 1590 301; x_wconf 83' lang='lat' dir='ltr'><strong>et</strong></span> <span class='ocrx_word' id='word_1_669' title='bbox 1609 276 1650 299; x_wconf 90' lang='lat' dir='ltr'><strong>hic</strong></span> <span class='ocrx_word' id='word_1_670' title='bbox 1669 276 1799 300; x_wconf 76' lang='lat' dir='ltr'><strong>ascribent</strong></span> <span class='ocrx_word' id='word_1_671' title='bbox 1816 277 1899 299; x_wconf 88' lang='lat' dir='ltr'><strong>nostri</strong></span> <span class='ocrx_word' id='word_1_672' title='bbox 1923 276 2027 306; x_wconf 87' lang='lat' dir='ltr'><strong>Critici,</strong></span> <span class='ocrx_word' id='word_1_673' title='bbox 2045 277 2108 301; x_wconf 87' lang='lat' dir='ltr'><strong>Non</strong></span> 
     </span>
     <span class='ocr_line' id='line_1_76' title="bbox 1133 309 2109 341; baseline 0.003 -9"><span class='ocrx_word' id='word_1_674' title='bbox 1133 309 1291 338; x_wconf 77' lang='lat' dir='ltr'><strong>admittitur,</strong></span> <span class='ocrx_word' id='word_1_675' title='bbox 1315 311 1386 341; x_wconf 89' lang='lat' dir='ltr'><strong>quod</strong></span> <span class='ocrx_word' id='word_1_676' title='bbox 1410 310 1499 334; x_wconf 86' lang='lat' dir='ltr'><strong>tribuit</strong></span> <span class='ocrx_word' id='word_1_677' title='bbox 1516 310 1575 334; x_wconf 87' lang='lat' dir='ltr'><strong>fidei</strong></span> <span class='ocrx_word' id='word_1_678' title='bbox 1594 310 1823 339; x_wconf 83' lang='lat' dir='ltr'><strong>iustificationem,</strong></span> <span class='ocrx_word' id='word_1_679' title='bbox 1846 310 1899 334; x_wconf 86' lang='lat' dir='ltr'><strong>Sed</strong></span> <span class='ocrx_word' id='word_1_680' title='bbox 1928 311 1959 333; x_wconf 85' lang='lat' dir='ltr'><strong>de</strong></span> <span class='ocrx_word' id='word_1_681' title='bbox 1982 318 2009 334; x_wconf 90' lang='lat' dir='ltr'><strong>re</strong></span> <span class='ocrx_word' id='word_1_682' title='bbox 2034 315 2109 335; x_wconf 75' lang='lat' dir='ltr'><strong>tanta</strong></span> 
     </span>
     <span class='ocr_line' id='line_1_77' title="bbox 1133 343 2107 375; baseline 0.002 -9"><span class='ocrx_word' id='word_1_683' title='bbox 1133 343 1255 367; x_wconf 85' lang='lat' dir='ltr'><strong>iudicium</strong></span> <span class='ocrx_word' id='word_1_684' title='bbox 1275 344 1352 367; x_wconf 85' lang='lat' dir='ltr'><strong>debet</strong></span> <span class='ocrx_word' id='word_1_685' title='bbox 1370 352 1426 368; x_wconf 78' lang='lat' dir='ltr'><strong>esse</strong></span> <span class='ocrx_word' id='word_1_686' title='bbox 1444 351 1522 375; x_wconf 86' lang='lat' dir='ltr'><strong>penes</strong></span> <span class='ocrx_word' id='word_1_687' title='bbox 1541 345 1685 374; x_wconf 81' lang='lat' dir='ltr'><strong>ecclesiam,</strong></span> <span class='ocrx_word' id='word_1_688' title='bbox 1704 344 1754 368; x_wconf 92' lang='lat' dir='ltr'><strong>hoc</strong></span> <span class='ocrx_word' id='word_1_689' title='bbox 1773 349 1810 368; x_wconf 88' lang='lat' dir='ltr'><strong>est</strong></span> <span class='ocrx_word' id='word_1_690' title='bbox 1829 345 1885 375; x_wconf 90' lang='lat' dir='ltr'><strong>pios</strong></span> <span class='ocrx_word' id='word_1_691' title='bbox 1905 350 1931 367; x_wconf 83' lang='lat' dir='ltr'><strong>et</strong></span> <span class='ocrx_word' id='word_1_692' title='bbox 1955 346 2048 375; x_wconf 73' lang='lat' dir='ltr'><strong>peritos</strong></span> <span class='ocrx_word' id='word_1_693' title='bbox 2067 352 2107 368; x_wconf 82' lang='lat' dir='ltr'><strong>ro-</strong></span> 
     </span>
     <span class='ocr_line' id='line_1_78' title="bbox 1132 378 2108 410; baseline 0.002 -10"><span class='ocrx_word' id='word_1_694' title='bbox 1132 384 1188 401; x_wconf 86' lang='lat' dir='ltr'><strong>rum</strong></span> <span class='ocrx_word' id='word_1_695' title='bbox 1211 378 1395 408; x_wconf 83' lang='lat' dir='ltr'><strong>spiritualium,</strong></span> <span class='ocrx_word' id='word_1_696' title='bbox 1422 386 1473 401; x_wconf 88' lang='lat' dir='ltr'><strong>non</strong></span> <span class='ocrx_word' id='word_1_697' title='bbox 1501 386 1578 409; x_wconf 84' lang='lat' dir='ltr'><strong>penes</strong></span> <span class='ocrx_word' id='word_1_698' title='bbox 1608 379 1671 402; x_wconf 88' lang='lat' dir='ltr'><strong>istos</strong></span> <span class='ocrx_word' id='word_1_699' title='bbox 1695 379 1739 410; x_wconf 88' lang='lat' dir='ltr'><strong>qui</strong></span> <span class='ocrx_word' id='word_1_700' title='bbox 1763 379 1916 409; x_wconf 88' lang='lat' dir='ltr'><strong>religionem</strong></span> <span class='ocrx_word' id='word_1_701' title='bbox 1941 378 1974 402; x_wconf 84' lang='lat' dir='ltr'><strong>ad</strong></span> <span class='ocrx_word' id='word_1_702' title='bbox 1993 383 2108 410; x_wconf 88' lang='lat' dir='ltr'><strong>questum</strong></span> 
     </span>
     <span class='ocr_line' id='line_1_79' title="bbox 1133 412 1618 441; baseline 0.004 -7"><span class='ocrx_word' id='word_1_703' title='bbox 1133 418 1215 440; x_wconf 85' lang='lat' dir='ltr'><strong>snum,</strong></span> <span class='ocrx_word' id='word_1_704' title='bbox 1232 415 1277 434; x_wconf 85' lang='lat' dir='ltr'><strong>aut</strong></span> <span class='ocrx_word' id='word_1_705' title='bbox 1293 412 1453 441; x_wconf 84' lang='lat' dir='ltr'><strong>tyrannidem</strong></span> <span class='ocrx_word' id='word_1_706' title='bbox 1473 412 1618 436; x_wconf 72' lang='lat' dir='ltr'><strong>conferunt.</strong></span> 
     </span>
    </p>
   </div>
   <div class='ocr_carea' id='block_1_9' title="bbox 1131 453 2110 861">
    <p class='ocr_par' dir='ltr' id='par_1_9' title="bbox 1131 453 2110 861">
     <span class='ocr_line' id='line_1_80' title="bbox 1201 453 2108 487; baseline 0 -9"><span class='ocrx_word' id='word_1_707' title='bbox 1201 453 1253 478; x_wconf 82' lang='lat' dir='ltr'><strong>Sed</strong></span> <span class='ocrx_word' id='word_1_708' title='bbox 1273 457 1301 476; x_wconf 86' lang='lat' dir='ltr'><strong>vt</strong></span> <span class='ocrx_word' id='word_1_709' title='bbox 1318 454 1400 484; x_wconf 83' lang='lat' dir='ltr'><strong>magis</strong></span> <span class='ocrx_word' id='word_1_710' title='bbox 1420 455 1528 485; x_wconf 79' lang='lat' dir='ltr'><strong>intelligi</strong></span> <span class='ocrx_word' id='word_1_711' title='bbox 1549 456 1643 486; x_wconf 78' lang='lat' dir='ltr'><strong>possit,</strong></span> <span class='ocrx_word' id='word_1_712' title='bbox 1668 463 1748 487; x_wconf 86' lang='lat' dir='ltr'><strong>quare</strong></span> <span class='ocrx_word' id='word_1_713' title='bbox 1771 455 1840 478; x_wconf 78' lang='lat' dir='ltr'><strong>hunc</strong></span> <span class='ocrx_word' id='word_1_714' title='bbox 1865 455 2012 483; x_wconf 85' lang='lat' dir='ltr'><strong>articulum,</strong></span> <span class='ocrx_word' id='word_1_715' title='bbox 2037 456 2108 486; x_wconf 83' lang='lat' dir='ltr'><strong>quod</strong></span> 
     </span>
     <span class='ocr_line' id='line_1_81' title="bbox 1132 487 2108 520; baseline 0.002 -10"><span class='ocrx_word' id='word_1_716' title='bbox 1132 487 1196 511; x_wconf 87' lang='lat' dir='ltr'><strong>fides</strong></span> <span class='ocrx_word' id='word_1_717' title='bbox 1214 487 1350 517; x_wconf 71' lang='lat' dir='ltr'><strong>iustificat,</strong></span> <span class='ocrx_word' id='word_1_718' title='bbox 1369 492 1504 519; x_wconf 80' lang='lat' dir='ltr'><strong>tantopere</strong></span> <span class='ocrx_word' id='word_1_719' title='bbox 1524 489 1714 513; x_wconf 78' lang='lat' dir='ltr'><strong>defendendum</strong></span> <span class='ocrx_word' id='word_1_720' title='bbox 1733 496 1789 513; x_wconf 86' lang='lat' dir='ltr'><strong>esse</strong></span> <span class='ocrx_word' id='word_1_721' title='bbox 1813 490 2006 517; x_wconf 78' lang='lat' dir='ltr'><strong>existimemus,</strong></span> <span class='ocrx_word' id='word_1_722' title='bbox 2031 496 2108 520; x_wconf 83' lang='lat' dir='ltr'><strong>quae-</strong></span> 
     </span>
     <span class='ocr_line' id='line_1_82' title="bbox 1134 521 2110 554; baseline 0.002 -9"><span class='ocrx_word' id='word_1_723' title='bbox 1134 521 1194 545; x_wconf 86' lang='lat' dir='ltr'><strong>dam</strong></span> <span class='ocrx_word' id='word_1_724' title='bbox 1211 522 1332 545; x_wconf 86' lang='lat' dir='ltr'><strong>addeuda</strong></span> <span class='ocrx_word' id='word_1_725' title='bbox 1355 526 1423 545; x_wconf 88' lang='lat' dir='ltr'><strong>sunt.</strong></span> <span class='ocrx_word' id='word_1_726' title='bbox 1458 522 1585 546; x_wconf 72' lang='lat' dir='ltr'><strong>Fortassis</strong></span> <span class='ocrx_word' id='word_1_727' title='bbox 1603 524 1682 554; x_wconf 88' lang='lat' dir='ltr'><strong>aliqui</strong></span> <span class='ocrx_word' id='word_1_728' title='bbox 1706 524 1845 554; x_wconf 82' lang='lat' dir='ltr'><strong>prudentes</strong></span> <span class='ocrx_word' id='word_1_729' title='bbox 1864 524 1911 547; x_wconf 75' lang='lat' dir='ltr'><strong>viri</strong></span> <span class='ocrx_word' id='word_1_730' title='bbox 1936 524 2110 547; x_wconf 83' lang='lat' dir='ltr'><strong>assencientur</strong></span> 
     </span>
     <span class='ocr_line' id='line_1_83' title="bbox 1132 556 2108 588; baseline 0.002 -9"><span class='ocrx_word' id='word_1_731' title='bbox 1132 556 1206 579; x_wconf 88' lang='lat' dir='ltr'><strong>nobis</strong></span> <span class='ocrx_word' id='word_1_732' title='bbox 1226 557 1295 587; x_wconf 89' lang='lat' dir='ltr'><strong>quod</strong></span> <span class='ocrx_word' id='word_1_733' title='bbox 1315 557 1384 579; x_wconf 91' lang='lat' dir='ltr'><strong>bona</strong></span> <span class='ocrx_word' id='word_1_734' title='bbox 1403 563 1482 587; x_wconf 86' lang='lat' dir='ltr'><strong>opera</strong></span> <span class='ocrx_word' id='word_1_735' title='bbox 1502 557 1572 580; x_wconf 61' lang='lat' dir='ltr'><strong>liberi</strong></span> <span class='ocrx_word' id='word_1_736' title='bbox 1593 558 1707 588; x_wconf 79' lang='lat' dir='ltr'><strong>arbitrii,</strong></span> <span class='ocrx_word' id='word_1_737' title='bbox 1727 565 1809 588; x_wconf 86' lang='lat' dir='ltr'><strong>neque</strong></span> <span class='ocrx_word' id='word_1_738' title='bbox 1828 557 1966 582; x_wconf 79' lang='lat' dir='ltr'><strong>iustificent</strong></span> <span class='ocrx_word' id='word_1_739' title='bbox 1984 565 2047 587; x_wconf 83' lang='lat' dir='ltr'><strong>nos,</strong></span> <span class='ocrx_word' id='word_1_740' title='bbox 2066 565 2108 581; x_wconf 73' lang='lat' dir='ltr'><strong>ne-</strong></span> 
     </span>
     <span class='ocr_line' id='line_1_84' title="bbox 1132 590 2107 623; baseline 0.003 -11"><span class='ocrx_word' id='word_1_741' title='bbox 1132 597 1182 621; x_wconf 90' lang='lat' dir='ltr'><strong>que</strong></span> <span class='ocrx_word' id='word_1_742' title='bbox 1201 590 1265 621; x_wconf 85' lang='lat' dir='ltr'><strong>(fol.</strong></span> <span class='ocrx_word' id='word_1_743' title='bbox 1285 590 1293 613; x_wconf 94' lang='lat' dir='ltr'><strong>l</strong></span> <span class='ocrx_word' id='word_1_744' title='bbox 1317 591 1360 621; x_wconf 81' lang='lat' dir='ltr'><strong>lb)</strong></span> <span class='ocrx_word' id='word_1_745' title='bbox 1387 595 1532 613; x_wconf 85' lang='lat' dir='ltr'><strong>mereantur</strong></span> <span class='ocrx_word' id='word_1_746' title='bbox 1555 593 1678 621; x_wconf 81' lang='lat' dir='ltr'><strong>gratiam,</strong></span> <span class='ocrx_word' id='word_1_747' title='bbox 1702 593 1747 615; x_wconf 84' lang='lat' dir='ltr'><strong>sed</strong></span> <span class='ocrx_word' id='word_1_748' title='bbox 1772 592 1841 623; x_wconf 90' lang='lat' dir='ltr'><strong>quod</strong></span> <span class='ocrx_word' id='word_1_749' title='bbox 1867 599 1912 623; x_wconf 89' lang='lat' dir='ltr'><strong>per</strong></span> <span class='ocrx_word' id='word_1_750' title='bbox 1935 592 2046 622; x_wconf 82' lang='lat' dir='ltr'><strong>gratiam</strong></span> <span class='ocrx_word' id='word_1_751' title='bbox 2070 592 2107 615; x_wconf 90' lang='lat' dir='ltr'><strong>iu-</strong></span> 
     </span>
     <span class='ocr_line' id='line_1_85' title="bbox 1132 623 2105 657; baseline 0.003 -10"><span class='ocrx_word' id='word_1_752' title='bbox 1132 624 1278 648; x_wconf 82' lang='lat' dir='ltr'><strong>stificemnr.</strong></span> <span class='ocrx_word' id='word_1_753' title='bbox 1310 623 1404 648; x_wconf 90' lang='lat' dir='ltr'><strong>Verum</strong></span> <span class='ocrx_word' id='word_1_754' title='bbox 1423 624 1472 647; x_wconf 90' lang='lat' dir='ltr'><strong>hoc</strong></span> <span class='ocrx_word' id='word_1_755' title='bbox 1491 626 1660 655; x_wconf 87' lang='lat' dir='ltr'><strong>mirabuntur,</strong></span> <span class='ocrx_word' id='word_1_756' title='bbox 1681 633 1760 657; x_wconf 84' lang='lat' dir='ltr'><strong>quare</strong></span> <span class='ocrx_word' id='word_1_757' title='bbox 1779 633 1830 649; x_wconf 92' lang='lat' dir='ltr'><strong>non</strong></span> <span class='ocrx_word' id='word_1_758' title='bbox 1841 626 2015 657; x_wconf 82' lang='lat' dir='ltr'><strong>profiteamur,</strong></span> <span class='ocrx_word' id='word_1_759' title='bbox 2035 626 2105 657; x_wconf 83' lang='lat' dir='ltr'><strong>quod</strong></span> 
     </span>
     <span class='ocr_line' id='line_1_86' title="bbox 1133 657 2109 691; baseline 0.002 -10"><span class='ocrx_word' id='word_1_760' title='bbox 1133 665 1178 689; x_wconf 90' lang='lat' dir='ltr'><strong>per</strong></span> <span class='ocrx_word' id='word_1_761' title='bbox 1197 659 1326 682; x_wconf 84' lang='lat' dir='ltr'><strong>caritatem</strong></span> <span class='ocrx_word' id='word_1_762' title='bbox 1345 658 1529 687; x_wconf 80' lang='lat' dir='ltr'><strong>iustificemur,</strong></span> <span class='ocrx_word' id='word_1_763' title='bbox 1556 667 1611 682; x_wconf 82' lang='lat' dir='ltr'><strong>cum</strong></span> <span class='ocrx_word' id='word_1_764' title='bbox 1635 661 1737 690; x_wconf 85' lang='lat' dir='ltr'><strong>quidem</strong></span> <span class='ocrx_word' id='word_1_765' title='bbox 1754 657 1886 683; x_wconf 72' lang='lat' dir='ltr'><strong>‘fateamur</strong></span> <span class='ocrx_word' id='word_1_766' title='bbox 1911 661 1965 683; x_wconf 87' lang='lat' dir='ltr'><strong>dari</strong></span> <span class='ocrx_word' id='word_1_767' title='bbox 1990 661 2109 691; x_wconf 87' lang='lat' dir='ltr'><strong>spiritum</strong></span> 
     </span>
     <span class='ocr_line' id='line_1_87' title="bbox 1132 691 2108 724; baseline 0.001 -8"><span class='ocrx_word' id='word_1_768' title='bbox 1132 698 1264 722; x_wconf 78' lang='lat' dir='ltr'><strong>sanctum,</strong></span> <span class='ocrx_word' id='word_1_769' title='bbox 1283 693 1326 724; x_wconf 86' lang='lat' dir='ltr'><strong>qui</strong></span> <span class='ocrx_word' id='word_1_770' title='bbox 1345 697 1414 716; x_wconf 79' lang='lat' dir='ltr'><strong>certe</strong></span> <span class='ocrx_word' id='word_1_771' title='bbox 1433 691 1513 717; x_wconf 73' lang='lat' dir='ltr'><strong>efficit</strong></span> <span class='ocrx_word' id='word_1_772' title='bbox 1536 693 1702 716; x_wconf 73' lang='lat' dir='ltr'><strong>dilectionem</strong></span> <span class='ocrx_word' id='word_1_773' title='bbox 1725 694 1776 717; x_wconf 87' lang='lat' dir='ltr'><strong>Dei</strong></span> <span class='ocrx_word' id='word_1_774' title='bbox 1800 695 1826 718; x_wconf 89' lang='lat' dir='ltr'><strong>in</strong></span> <span class='ocrx_word' id='word_1_775' title='bbox 1851 694 1979 718; x_wconf 85' lang='lat' dir='ltr'><strong>cordibus.</strong></span> <span class='ocrx_word' id='word_1_776' title='bbox 2016 695 2050 718; x_wconf 85' lang='lat' dir='ltr'><strong>Et</strong></span> <span class='ocrx_word' id='word_1_777' title='bbox 2074 694 2108 718; x_wconf 93' lang='lat' dir='ltr'><strong>ob</strong></span> 
     </span>
     <span class='ocr_line' id='line_1_88' title="bbox 1131 726 2108 758; baseline 0.002 -8"><span class='ocrx_word' id='word_1_778' title='bbox 1131 726 1199 750; x_wconf 84' lang='lat' dir='ltr'><strong>hanc</strong></span> <span class='ocrx_word' id='word_1_779' title='bbox 1217 734 1319 750; x_wconf 76' lang='lat' dir='ltr'><strong>causam</strong></span> <span class='ocrx_word' id='word_1_780' title='bbox 1338 726 1487 750; x_wconf 74' lang='lat' dir='ltr'><strong>scholastici</strong></span> <span class='ocrx_word' id='word_1_781' title='bbox 1505 728 1614 757; x_wconf 77' lang='lat' dir='ltr'><strong>gratiam</strong></span> <span class='ocrx_word' id='word_1_782' title='bbox 1633 728 1754 751; x_wconf 83' lang='lat' dir='ltr'><strong>dixerunt</strong></span> <span class='ocrx_word' id='word_1_783' title='bbox 1773 735 1828 751; x_wconf 82' lang='lat' dir='ltr'><strong>esse</strong></span> <span class='ocrx_word' id='word_1_784' title='bbox 1839 731 1981 758; x_wconf 78' lang='lat' dir='ltr'><strong>caritatem,</strong></span> <span class='ocrx_word' id='word_1_785' title='bbox 2002 733 2027 751; x_wconf 87' lang='lat' dir='ltr'><strong>et</strong></span> <span class='ocrx_word' id='word_1_786' title='bbox 2045 735 2108 752; x_wconf 89' lang='lat' dir='ltr'><strong>con-</strong></span> 
     </span>
     <span class='ocr_line' id='line_1_89' title="bbox 1132 761 2107 794; baseline 0.002 -10"><span class='ocrx_word' id='word_1_787' title='bbox 1132 761 1248 790; x_wconf 89' lang='lat' dir='ltr'><strong>tendunt,</strong></span> <span class='ocrx_word' id='word_1_788' title='bbox 1267 761 1338 791; x_wconf 89' lang='lat' dir='ltr'><strong>quod</strong></span> <span class='ocrx_word' id='word_1_789' title='bbox 1356 768 1401 792; x_wconf 86' lang='lat' dir='ltr'><strong>per</strong></span> <span class='ocrx_word' id='word_1_790' title='bbox 1419 762 1553 785; x_wconf 81' lang='lat' dir='ltr'><strong>caritatem</strong></span> <span class='ocrx_word' id='word_1_791' title='bbox 1572 761 1745 786; x_wconf 77' lang='lat' dir='ltr'><strong>iustificemur.</strong></span> <span class='ocrx_word' id='word_1_792' title='bbox 1784 762 1826 786; x_wconf 84' lang='lat' dir='ltr'><strong>Ad</strong></span> <span class='ocrx_word' id='word_1_793' title='bbox 1845 762 1910 785; x_wconf 88' lang='lat' dir='ltr'><strong>hauc</strong></span> <span class='ocrx_word' id='word_1_794' title='bbox 1930 763 2107 794; x_wconf 86' lang='lat' dir='ltr'><strong>quaestionem</strong></span> 
     </span>
     <span class='ocr_line' id='line_1_90' title="bbox 1131 795 2107 826; baseline 0.002 -8"><span class='ocrx_word' id='word_1_795' title='bbox 1131 796 1337 826; x_wconf 83' lang='lat' dir='ltr'><strong>respondendum</strong></span> <span class='ocrx_word' id='word_1_796' title='bbox 1357 799 1397 818; x_wconf 77' lang='lat' dir='ltr'><strong>est</strong></span> <span class='ocrx_word' id='word_1_797' title='bbox 1415 795 1528 818; x_wconf 83' lang='lat' dir='ltr'><strong>maxime</strong></span> <span class='ocrx_word' id='word_1_798' title='bbox 1546 802 1602 818; x_wconf 89' lang='lat' dir='ltr'><strong>cum</strong></span> <span class='ocrx_word' id='word_1_799' title='bbox 1621 796 1763 819; x_wconf 83' lang='lat' dir='ltr'><strong>aduersarii</strong></span> <span class='ocrx_word' id='word_1_800' title='bbox 1782 797 1916 826; x_wconf 79' lang='lat' dir='ltr'><strong>posuerint</strong></span> <span class='ocrx_word' id='word_1_801' title='bbox 1934 796 1982 819; x_wconf 89' lang='lat' dir='ltr'><strong>hoc</strong></span> <span class='ocrx_word' id='word_1_802' title='bbox 2001 798 2026 820; x_wconf 89' lang='lat' dir='ltr'><strong>in</strong></span> <span class='ocrx_word' id='word_1_803' title='bbox 2047 804 2107 820; x_wconf 85' lang='lat' dir='ltr'><strong>con-</strong></span> 
     </span>
     <span class='ocr_line' id='line_1_91' title="bbox 1131 829 2071 861; baseline 0.002 -9"><span class='ocrx_word' id='word_1_804' title='bbox 1131 829 1276 858; x_wconf 82' lang='lat' dir='ltr'><strong>sutacione,</strong></span> <span class='ocrx_word' id='word_1_805' title='bbox 1295 829 1365 860; x_wconf 88' lang='lat' dir='ltr'><strong>quod</strong></span> <span class='ocrx_word' id='word_1_806' title='bbox 1383 829 1531 853; x_wconf 83' lang='lat' dir='ltr'><strong>iustificatio</strong></span> <span class='ocrx_word' id='word_1_807' title='bbox 1550 830 1679 861; x_wconf 85' lang='lat' dir='ltr'><strong>pertineat</strong></span> <span class='ocrx_word' id='word_1_808' title='bbox 1697 831 1729 853; x_wconf 85' lang='lat' dir='ltr'><strong>ad</strong></span> <span class='ocrx_word' id='word_1_809' title='bbox 1748 831 1859 860; x_wconf 84' lang='lat' dir='ltr'><strong>gratiam</strong></span> <span class='ocrx_word' id='word_1_810' title='bbox 1879 835 1904 854; x_wconf 89' lang='lat' dir='ltr'><strong>et</strong></span> <span class='ocrx_word' id='word_1_811' title='bbox 1928 831 2071 854; x_wconf 80' lang='lat' dir='ltr'><strong>caritatem.</strong></span> 
     </span>
    </p>
   </div>
   <div class='ocr_carea' id='block_1_10' title="bbox 1127 871 2110 1752">
    <p class='ocr_par' dir='ltr' id='par_1_10' title="bbox 1127 871 2110 1752">
     <span class='ocr_line' id='line_1_92' title="bbox 1199 871 2109 903; baseline 0.001 -8"><span class='ocrx_word' id='word_1_812' title='bbox 1199 871 1311 895; x_wconf 90' lang='lat' dir='ltr'><strong>Primum</strong></span> <span class='ocrx_word' id='word_1_813' title='bbox 1331 872 1408 895; x_wconf 85' lang='lat' dir='ltr'><strong>etiam</strong></span> <span class='ocrx_word' id='word_1_814' title='bbox 1427 873 1448 895; x_wconf 90' lang='lat' dir='ltr'><strong>si</strong></span> <span class='ocrx_word' id='word_1_815' title='bbox 1465 872 1530 895; x_wconf 89' lang='lat' dir='ltr'><strong>nihil</strong></span> <span class='ocrx_word' id='word_1_816' title='bbox 1549 877 1664 896; x_wconf 85' lang='lat' dir='ltr'><strong>moneret</strong></span> <span class='ocrx_word' id='word_1_817' title='bbox 1686 879 1748 901; x_wconf 83' lang='lat' dir='ltr'><strong>nos,</strong></span> <span class='ocrx_word' id='word_1_818' title='bbox 1768 880 1813 896; x_wconf 85' lang='lat' dir='ltr'><strong>cur</strong></span> <span class='ocrx_word' id='word_1_819' title='bbox 1837 873 2003 903; x_wconf 85' lang='lat' dir='ltr'><strong>profiteamur</strong></span> <span class='ocrx_word' id='word_1_820' title='bbox 2026 873 2109 897; x_wconf 86' lang='lat' dir='ltr'><strong>homi-</strong></span> 
     </span>
     <span class='ocr_line' id='line_1_93' title="bbox 1130 905 2106 938; baseline 0.002 -9"><span class='ocrx_word' id='word_1_821' title='bbox 1130 912 1188 929; x_wconf 90' lang='lat' dir='ltr'><strong>nem</strong></span> <span class='ocrx_word' id='word_1_822' title='bbox 1207 905 1341 930; x_wconf 79' lang='lat' dir='ltr'><strong>iustificari</strong></span> <span class='ocrx_word' id='word_1_823' title='bbox 1361 908 1476 936; x_wconf 83' lang='lat' dir='ltr'><strong>caritate,</strong></span> <span class='ocrx_word' id='word_1_824' title='bbox 1495 907 1546 930; x_wconf 75' lang='lat' dir='ltr'><strong>nisi</strong></span> <span class='ocrx_word' id='word_1_825' title='bbox 1559 907 1737 938; x_wconf 49' lang='lat' dir='ltr'><strong>perspicuitas</strong></span> <span class='ocrx_word' id='word_1_826' title='bbox 1748 912 1833 930; x_wconf 85' lang='lat' dir='ltr'><strong>tamen</strong></span> <span class='ocrx_word' id='word_1_827' title='bbox 1853 912 1919 930; x_wconf 77' lang='lat' dir='ltr'><strong>esset</strong></span> <span class='ocrx_word' id='word_1_828' title='bbox 1937 907 2106 938; x_wconf 84' lang='lat' dir='ltr'><strong>probandum,</strong></span> 
     </span>
     <span class='ocr_line' id='line_1_94' title="bbox 1129 941 2108 972; baseline 0.002 -9"><span class='ocrx_word' id='word_1_829' title='bbox 1129 944 1266 971; x_wconf 87' lang='lat' dir='ltr'><strong>postquam</strong></span> <span class='ocrx_word' id='word_1_830' title='bbox 1290 947 1363 964; x_wconf 88' lang='lat' dir='ltr'><strong>more</strong></span> <span class='ocrx_word' id='word_1_831' title='bbox 1387 941 1530 972; x_wconf 82' lang='lat' dir='ltr'><strong>scripturae</strong></span> <span class='ocrx_word' id='word_1_832' title='bbox 1554 941 1690 971; x_wconf 85' lang='lat' dir='ltr'><strong>loquimur.</strong></span> <span class='ocrx_word' id='word_1_833' title='bbox 1726 941 1780 964; x_wconf 79' lang='lat' dir='ltr'><strong>Nos</strong></span> <span class='ocrx_word' id='word_1_834' title='bbox 1803 941 1870 963; x_wconf 88' lang='lat' dir='ltr'><strong>enim</strong></span> <span class='ocrx_word' id='word_1_835' title='bbox 1893 941 1943 964; x_wconf 86' lang='lat' dir='ltr'><strong>hoc</strong></span> <span class='ocrx_word' id='word_1_836' title='bbox 1968 941 2045 965; x_wconf 89' lang='lat' dir='ltr'><strong>modo</strong></span> <span class='ocrx_word' id='word_1_837' title='bbox 2071 942 2108 965; x_wconf 92' lang='lat' dir='ltr'><strong>lo-</strong></span> 
     </span>
     <span class='ocr_line' id='line_1_95' title="bbox 1130 975 2108 1006; baseline 0.001 -9"><span class='ocrx_word' id='word_1_838' title='bbox 1130 978 1246 1005; x_wconf 82' lang='lat' dir='ltr'><strong>quentes,</strong></span> <span class='ocrx_word' id='word_1_839' title='bbox 1266 975 1426 998; x_wconf 82' lang='lat' dir='ltr'><strong>ostendimus</strong></span> <span class='ocrx_word' id='word_1_840' title='bbox 1445 975 1548 999; x_wconf 88' lang='lat' dir='ltr'><strong>modum</strong></span> <span class='ocrx_word' id='word_1_841' title='bbox 1567 975 1764 1002; x_wconf 78' lang='lat' dir='ltr'><strong>iustificationis,</strong></span> <span class='ocrx_word' id='word_1_842' title='bbox 1783 975 1853 1006; x_wconf 87' lang='lat' dir='ltr'><strong>quod</strong></span> <span class='ocrx_word' id='word_1_843' title='bbox 1872 975 1970 998; x_wconf 82' lang='lat' dir='ltr'><strong>scilicet</strong></span> <span class='ocrx_word' id='word_1_844' title='bbox 1994 979 2049 999; x_wconf 88' lang='lat' dir='ltr'><strong>tota</strong></span> <span class='ocrx_word' id='word_1_845' title='bbox 2067 982 2108 998; x_wconf 88' lang='lat' dir='ltr'><strong>res</strong></span> 
     </span>
     <span class='ocr_line' id='line_1_96' title="bbox 1130 1009 2106 1040; baseline 0.002 -9"><span class='ocrx_word' id='word_1_846' title='bbox 1130 1015 1175 1040; x_wconf 88' lang='lat' dir='ltr'><strong>per</strong></span> <span class='ocrx_word' id='word_1_847' title='bbox 1194 1009 1299 1032; x_wconf 81' lang='lat' dir='ltr'><strong>verbnm</strong></span> <span class='ocrx_word' id='word_1_848' title='bbox 1317 1013 1433 1039; x_wconf 84' lang='lat' dir='ltr'><strong>geratur,</strong></span> <span class='ocrx_word' id='word_1_849' title='bbox 1453 1016 1510 1032; x_wconf 90' lang='lat' dir='ltr'><strong>cum</strong></span> <span class='ocrx_word' id='word_1_850' title='bbox 1529 1016 1573 1033; x_wconf 89' lang='lat' dir='ltr'><strong>cor</strong></span> <span class='ocrx_word' id='word_1_851' title='bbox 1591 1009 1761 1040; x_wconf 86' lang='lat' dir='ltr'><strong>apprehendit</strong></span> <span class='ocrx_word' id='word_1_852' title='bbox 1778 1009 1885 1032; x_wconf 66' lang='lat' dir='ltr'><strong>verbum</strong></span> <span class='ocrx_word' id='word_1_853' title='bbox 1905 1009 1964 1038; x_wconf 85' lang='lat' dir='ltr'><strong>Dei,</strong></span> <span class='ocrx_word' id='word_1_854' title='bbox 1984 1017 2034 1040; x_wconf 87' lang='lat' dir='ltr'><strong>quo</strong></span> <span class='ocrx_word' id='word_1_855' title='bbox 2054 1010 2106 1033; x_wconf 91' lang='lat' dir='ltr'><strong>eri-</strong></span> 
     </span>
     <span class='ocr_line' id='line_1_97' title="bbox 1130 1043 2106 1074; baseline 0.001 -8"><span class='ocrx_word' id='word_1_856' title='bbox 1130 1044 1200 1070; x_wconf 77' lang='lat' dir='ltr'><strong>gitur</strong></span> <span class='ocrx_word' id='word_1_857' title='bbox 1219 1047 1245 1066; x_wconf 89' lang='lat' dir='ltr'><strong>et</strong></span> <span class='ocrx_word' id='word_1_858' title='bbox 1262 1044 1357 1074; x_wconf 82' lang='lat' dir='ltr'><strong>accipit</strong></span> <span class='ocrx_word' id='word_1_859' title='bbox 1375 1043 1580 1067; x_wconf 84' lang='lat' dir='ltr'><strong>consolationem</strong></span> <span class='ocrx_word' id='word_1_860' title='bbox 1599 1044 1722 1067; x_wconf 82' lang='lat' dir='ltr'><strong>aduersus</strong></span> <span class='ocrx_word' id='word_1_861' title='bbox 1741 1048 1854 1066; x_wconf 84' lang='lat' dir='ltr'><strong>terrores</strong></span> <span class='ocrx_word' id='word_1_862' title='bbox 1878 1045 1975 1074; x_wconf 85' lang='lat' dir='ltr'><strong>peccati</strong></span> <span class='ocrx_word' id='word_1_863' title='bbox 1995 1048 2020 1067; x_wconf 90' lang='lat' dir='ltr'><strong>et</strong></span> <span class='ocrx_word' id='word_1_864' title='bbox 2038 1051 2106 1067; x_wconf 89' lang='lat' dir='ltr'><strong>mor-</strong></span> 
     </span>
     <span class='ocr_line' id='line_1_98' title="bbox 1131 1077 2109 1108; baseline 0.001 -8"><span class='ocrx_word' id='word_1_865' title='bbox 1131 1077 1170 1100; x_wconf 77' lang='lat' dir='ltr'><strong>tis.</strong></span> <span class='ocrx_word' id='word_1_866' title='bbox 1207 1077 1240 1100; x_wconf 88' lang='lat' dir='ltr'><strong>Et</strong></span> <span class='ocrx_word' id='word_1_867' title='bbox 1259 1077 1285 1100; x_wconf 90' lang='lat' dir='ltr'><strong>hi</strong></span> <span class='ocrx_word' id='word_1_868' title='bbox 1308 1081 1434 1107; x_wconf 84' lang='lat' dir='ltr'><strong>terrores,</strong></span> <span class='ocrx_word' id='word_1_869' title='bbox 1456 1085 1485 1101; x_wconf 87' lang='lat' dir='ltr'><strong>ac</strong></span> <span class='ocrx_word' id='word_1_870' title='bbox 1509 1078 1701 1103; x_wconf 78' lang='lat' dir='ltr'><strong>consolationes</strong></span> <span class='ocrx_word' id='word_1_871' title='bbox 1726 1077 1836 1108; x_wconf 77' lang='lat' dir='ltr'><strong>intelligi</strong></span> <span class='ocrx_word' id='word_1_872' title='bbox 1860 1082 1976 1108; x_wconf 79' lang='lat' dir='ltr'><strong>possunt.</strong></span> <span class='ocrx_word' id='word_1_873' title='bbox 2009 1078 2109 1102; x_wconf 78' lang='lat' dir='ltr'><strong>Aduer-</strong></span> 
     </span>
     <span class='ocr_line' id='line_1_99' title="bbox 1129 1112 2108 1143; baseline 0 -8"><span class='ocrx_word' id='word_1_874' title='bbox 1129 1113 1191 1136; x_wconf 87' lang='lat' dir='ltr'><strong>sarii</strong></span> <span class='ocrx_word' id='word_1_875' title='bbox 1209 1119 1336 1143; x_wconf 87' lang='lat' dir='ltr'><strong>nusquam</strong></span> <span class='ocrx_word' id='word_1_876' title='bbox 1354 1112 1459 1135; x_wconf 88' lang='lat' dir='ltr'><strong>tradunt</strong></span> <span class='ocrx_word' id='word_1_877' title='bbox 1481 1112 1586 1136; x_wconf 90' lang='lat' dir='ltr'><strong>modum</strong></span> <span class='ocrx_word' id='word_1_878' title='bbox 1610 1112 1814 1141; x_wconf 74' lang='lat' dir='ltr'><strong>iustificationis,</strong></span> <span class='ocrx_word' id='word_1_879' title='bbox 1840 1116 1883 1135; x_wconf 90' lang='lat' dir='ltr'><strong>aut</strong></span> <span class='ocrx_word' id='word_1_880' title='bbox 1908 1112 2040 1143; x_wconf 85' lang='lat' dir='ltr'><strong>quomodo</strong></span> <span class='ocrx_word' id='word_1_881' title='bbox 2065 1112 2108 1135; x_wconf 91' lang='lat' dir='ltr'><strong>de-</strong></span> 
     </span>
     <span class='ocr_line' id='line_1_100' title="bbox 1130 1145 2108 1177; baseline 0 -8"><span class='ocrx_word' id='word_1_882' title='bbox 1130 1150 1171 1169; x_wconf 90' lang='lat' dir='ltr'><strong>tur</strong></span> <span class='ocrx_word' id='word_1_883' title='bbox 1189 1146 1294 1177; x_wconf 86' lang='lat' dir='ltr'><strong>spiritus</strong></span> <span class='ocrx_word' id='word_1_884' title='bbox 1313 1149 1425 1176; x_wconf 84' lang='lat' dir='ltr'><strong>sanctus,</strong></span> <span class='ocrx_word' id='word_1_885' title='bbox 1445 1150 1469 1170; x_wconf 89' lang='lat' dir='ltr'><strong>ct</strong></span> <span class='ocrx_word' id='word_1_886' title='bbox 1487 1147 1599 1177; x_wconf 85' lang='lat' dir='ltr'><strong>ingenue</strong></span> <span class='ocrx_word' id='word_1_887' title='bbox 1624 1146 1738 1170; x_wconf 75' lang='lat' dir='ltr'><strong>fatentur</strong></span> <span class='ocrx_word' id='word_1_888' title='bbox 1761 1153 1788 1169; x_wconf 87' lang='lat' dir='ltr'><strong>se</strong></span> <span class='ocrx_word' id='word_1_889' title='bbox 1811 1145 1925 1169; x_wconf 81' lang='lat' dir='ltr'><strong>habitum</strong></span> <span class='ocrx_word' id='word_1_890' title='bbox 1951 1146 2022 1169; x_wconf 88' lang='lat' dir='ltr'><strong>illum</strong></span> <span class='ocrx_word' id='word_1_891' title='bbox 2046 1146 2108 1169; x_wconf 88' lang='lat' dir='ltr'><strong>dile-</strong></span> 
     </span>
     <span class='ocr_line' id='line_1_101' title="bbox 1130 1179 2108 1211; baseline 0.001 -8"><span class='ocrx_word' id='word_1_892' title='bbox 1130 1181 1224 1204; x_wconf 86' lang='lat' dir='ltr'><strong>ctionis</strong></span> <span class='ocrx_word' id='word_1_893' title='bbox 1243 1187 1296 1203; x_wconf 89' lang='lat' dir='ltr'><strong>non</strong></span> <span class='ocrx_word' id='word_1_894' title='bbox 1313 1180 1475 1211; x_wconf 84' lang='lat' dir='ltr'><strong>intelligere,</strong></span> <span class='ocrx_word' id='word_1_895' title='bbox 1495 1188 1542 1204; x_wconf 89' lang='lat' dir='ltr'><strong>nec</strong></span> <span class='ocrx_word' id='word_1_896' title='bbox 1561 1181 1627 1204; x_wconf 78' lang='lat' dir='ltr'><strong>scire</strong></span> <span class='ocrx_word' id='word_1_897' title='bbox 1651 1181 1756 1211; x_wconf 85' lang='lat' dir='ltr'><strong>quaudo</strong></span> <span class='ocrx_word' id='word_1_898' title='bbox 1781 1180 1856 1203; x_wconf 85' lang='lat' dir='ltr'><strong>adsit.</strong></span> <span class='ocrx_word' id='word_1_899' title='bbox 1893 1179 1949 1203; x_wconf 85' lang='lat' dir='ltr'><strong>Nec</strong></span> <span class='ocrx_word' id='word_1_900' title='bbox 1972 1181 2039 1204; x_wconf 87' lang='lat' dir='ltr'><strong>serio</strong></span> <span class='ocrx_word' id='word_1_901' title='bbox 2064 1180 2108 1204; x_wconf 88' lang='lat' dir='ltr'><strong>de-</strong></span> 
     </span>
     <span class='ocr_line' id='line_1_102' title="bbox 1129 1213 2109 1245; baseline 0 -7"><span class='ocrx_word' id='word_1_902' title='bbox 1129 1214 1239 1238; x_wconf 80' lang='lat' dir='ltr'><strong>fendunt</strong></span> <span class='ocrx_word' id='word_1_903' title='bbox 1264 1221 1358 1238; x_wconf 87' lang='lat' dir='ltr'><strong>nomen</strong></span> <span class='ocrx_word' id='word_1_904' title='bbox 1382 1215 1513 1244; x_wconf 85' lang='lat' dir='ltr'><strong>caritatis,</strong></span> <span class='ocrx_word' id='word_1_905' title='bbox 1541 1216 1578 1238; x_wconf 80' lang='lat' dir='ltr'><strong>ita</strong></span> <span class='ocrx_word' id='word_1_906' title='bbox 1600 1219 1627 1237; x_wconf 70' lang='lat' dir='ltr'><strong>vt</strong></span> <span class='ocrx_word' id='word_1_907' title='bbox 1651 1215 1767 1239; x_wconf 88' lang='lat' dir='ltr'><strong>senciant</strong></span> <span class='ocrx_word' id='word_1_908' title='bbox 1785 1213 1916 1238; x_wconf 89' lang='lat' dir='ltr'><strong>hominem</strong></span> <span class='ocrx_word' id='word_1_909' title='bbox 1936 1221 1981 1245; x_wconf 92' lang='lat' dir='ltr'><strong>per</strong></span> <span class='ocrx_word' id='word_1_910' title='bbox 1998 1215 2109 1245; x_wconf 83' lang='lat' dir='ltr'><strong>gratiam</strong></span> 
     </span>
     <span class='ocr_line' id='line_1_103' title="bbox 1129 1248 2109 1280; baseline 0 -8"><span class='ocrx_word' id='word_1_911' title='bbox 1129 1255 1176 1272; x_wconf 86' lang='lat' dir='ltr'><strong>seu</strong></span> <span class='ocrx_word' id='word_1_912' title='bbox 1200 1249 1307 1279; x_wconf 81' lang='lat' dir='ltr'><strong>aliquod</strong></span> <span class='ocrx_word' id='word_1_913' title='bbox 1332 1256 1396 1280; x_wconf 85' lang='lat' dir='ltr'><strong>opus</strong></span> <span class='ocrx_word' id='word_1_914' title='bbox 1422 1248 1472 1272; x_wconf 88' lang='lat' dir='ltr'><strong>Dei</strong></span> <span class='ocrx_word' id='word_1_915' title='bbox 1494 1249 1634 1273; x_wconf 82' lang='lat' dir='ltr'><strong>iustificari.</strong></span> <span class='ocrx_word' id='word_1_916' title='bbox 1671 1248 1724 1273; x_wconf 84' lang='lat' dir='ltr'><strong>Sed</strong></span> <span class='ocrx_word' id='word_1_917' title='bbox 1747 1249 1799 1272; x_wconf 88' lang='lat' dir='ltr'><strong>hoc</strong></span> <span class='ocrx_word' id='word_1_918' title='bbox 1824 1252 1957 1279; x_wconf 82' lang='lat' dir='ltr'><strong>praetextu</strong></span> <span class='ocrx_word' id='word_1_919' title='bbox 1981 1249 2109 1272; x_wconf 86' lang='lat' dir='ltr'><strong>iusticiam</strong></span> 
     </span>
     <span class='ocr_line' id='line_1_104' title="bbox 1130 1282 2108 1314; baseline 0.001 -8"><span class='ocrx_word' id='word_1_920' title='bbox 1130 1289 1235 1314; x_wconf 88' lang='lat' dir='ltr'><strong>operum</strong></span> <span class='ocrx_word' id='word_1_921' title='bbox 1253 1283 1318 1306; x_wconf 89' lang='lat' dir='ltr'><strong>tueri</strong></span> <span class='ocrx_word' id='word_1_922' title='bbox 1338 1287 1473 1312; x_wconf 86' lang='lat' dir='ltr'><strong>conantur,</strong></span> <span class='ocrx_word' id='word_1_923' title='bbox 1492 1288 1519 1306; x_wconf 86' lang='lat' dir='ltr'><strong>vt</strong></span> <span class='ocrx_word' id='word_1_924' title='bbox 1537 1287 1646 1306; x_wconf 82' lang='lat' dir='ltr'><strong>externa</strong></span> <span class='ocrx_word' id='word_1_925' title='bbox 1664 1284 1778 1307; x_wconf 76' lang='lat' dir='ltr'><strong>caritatis</strong></span> <span class='ocrx_word' id='word_1_926' title='bbox 1803 1282 1888 1306; x_wconf 87' lang='lat' dir='ltr'><strong>officia</strong></span> <span class='ocrx_word' id='word_1_927' title='bbox 1912 1282 2039 1314; x_wconf 83' lang='lat' dir='ltr'><strong>intelligat</strong></span> <span class='ocrx_word' id='word_1_928' title='bbox 2062 1290 2108 1314; x_wconf 88' lang='lat' dir='ltr'><strong>po-</strong></span> 
     </span>
     <span class='ocr_line' id='line_1_105' title="bbox 1130 1317 2108 1348; baseline 0.001 -9"><span class='ocrx_word' id='word_1_929' title='bbox 1130 1317 1213 1348; x_wconf 87' lang='lat' dir='ltr'><strong>pulus,</strong></span> <span class='ocrx_word' id='word_1_930' title='bbox 1233 1317 1322 1341; x_wconf 88' lang='lat' dir='ltr'><strong>audito</strong></span> <span class='ocrx_word' id='word_1_931' title='bbox 1340 1317 1447 1341; x_wconf 87' lang='lat' dir='ltr'><strong>nomine</strong></span> <span class='ocrx_word' id='word_1_932' title='bbox 1466 1318 1588 1341; x_wconf 75' lang='lat' dir='ltr'><strong>caritatis.</strong></span> <span class='ocrx_word' id='word_1_933' title='bbox 1623 1317 1663 1341; x_wconf 75' lang='lat' dir='ltr'><strong>Ita</strong></span> <span class='ocrx_word' id='word_1_934' title='bbox 1681 1317 1754 1341; x_wconf 89' lang='lat' dir='ltr'><strong>alind</strong></span> <span class='ocrx_word' id='word_1_935' title='bbox 1777 1320 1872 1348; x_wconf 87' lang='lat' dir='ltr'><strong>agunt,</strong></span> <span class='ocrx_word' id='word_1_936' title='bbox 1896 1317 1966 1340; x_wconf 85' lang='lat' dir='ltr'><strong>aliud</strong></span> <span class='ocrx_word' id='word_1_937' title='bbox 1990 1317 2108 1341; x_wconf 79' lang='lat' dir='ltr'><strong>simulate</strong></span> 
     </span>
     <span class='ocr_line' id='line_1_106' title="bbox 1130 1350 2108 1383; baseline 0 -9"><span class='ocrx_word' id='word_1_938' title='bbox 1130 1351 1288 1382; x_wconf 85' lang='lat' dir='ltr'><strong>concipiunt.</strong></span> <span class='ocrx_word' id='word_1_939' title='bbox 1324 1350 1354 1375; x_wconf 89' lang='lat' dir='ltr'><strong>Si</strong></span> <span class='ocrx_word' id='word_1_940' title='bbox 1373 1352 1442 1375; x_wconf 87' lang='lat' dir='ltr'><strong>enim</strong></span> <span class='ocrx_word' id='word_1_941' title='bbox 1467 1351 1499 1374; x_wconf 83' lang='lat' dir='ltr'><strong>de</strong></span> <span class='ocrx_word' id='word_1_942' title='bbox 1524 1352 1624 1375; x_wconf 87' lang='lat' dir='ltr'><strong>interno</strong></span> <span class='ocrx_word' id='word_1_943' title='bbox 1648 1351 1726 1375; x_wconf 73' lang='lat' dir='ltr'><strong>modo</strong></span> <span class='ocrx_word' id='word_1_944' title='bbox 1750 1351 1876 1383; x_wconf 84' lang='lat' dir='ltr'><strong>spirituali</strong></span> <span class='ocrx_word' id='word_1_945' title='bbox 1901 1351 2031 1381; x_wconf 87' lang='lat' dir='ltr'><strong>dicerent,</strong></span> <span class='ocrx_word' id='word_1_946' title='bbox 2054 1358 2108 1375; x_wconf 87' lang='lat' dir='ltr'><strong>non</strong></span> 
     </span>
     <span class='ocr_line' id='line_1_107' title="bbox 1130 1385 2108 1416; baseline 0.002 -8"><span class='ocrx_word' id='word_1_947' title='bbox 1130 1385 1270 1409; x_wconf 87' lang='lat' dir='ltr'><strong>admodum</strong></span> <span class='ocrx_word' id='word_1_948' title='bbox 1288 1386 1438 1409; x_wconf 80' lang='lat' dir='ltr'><strong>rixarentur</strong></span> <span class='ocrx_word' id='word_1_949' title='bbox 1454 1386 1597 1410; x_wconf 70' lang='lat' dir='ltr'><strong>nobiscum.</strong></span> <span class='ocrx_word' id='word_1_950' title='bbox 1633 1385 1689 1409; x_wconf 84' lang='lat' dir='ltr'><strong>Nos</strong></span> <span class='ocrx_word' id='word_1_951' title='bbox 1709 1386 1776 1410; x_wconf 89' lang='lat' dir='ltr'><strong>enim</strong></span> <span class='ocrx_word' id='word_1_952' title='bbox 1795 1386 1843 1410; x_wconf 83' lang='lat' dir='ltr'><strong>etsi</strong></span> <span class='ocrx_word' id='word_1_953' title='bbox 1862 1385 1939 1409; x_wconf 84' lang='lat' dir='ltr'><strong>fidem</strong></span> <span class='ocrx_word' id='word_1_954' title='bbox 1957 1386 2037 1416; x_wconf 88' lang='lat' dir='ltr'><strong>longe</strong></span> <span class='ocrx_word' id='word_1_955' title='bbox 2056 1385 2108 1410; x_wconf 78' lang='lat' dir='ltr'><strong>dis-</strong></span> 
     </span>
     <span class='ocr_line' id='line_1_108' title="bbox 1129 1419 2108 1451; baseline 0.002 -9"><span class='ocrx_word' id='word_1_956' title='bbox 1129 1420 1258 1443; x_wconf 87' lang='lat' dir='ltr'><strong>cernimus</strong></span> <span class='ocrx_word' id='word_1_957' title='bbox 1277 1419 1308 1443; x_wconf 91' lang='lat' dir='ltr'><strong>ab</strong></span> <span class='ocrx_word' id='word_1_958' title='bbox 1327 1419 1446 1444; x_wconf 85' lang='lat' dir='ltr'><strong>humanis</strong></span> <span class='ocrx_word' id='word_1_959' title='bbox 1461 1420 1580 1451; x_wconf 83' lang='lat' dir='ltr'><strong>operibus</strong></span> <span class='ocrx_word' id='word_1_960' title='bbox 1593 1424 1619 1444; x_wconf 89' lang='lat' dir='ltr'><strong>et</strong></span> <span class='ocrx_word' id='word_1_961' title='bbox 1630 1420 1739 1450; x_wconf 85' lang='lat' dir='ltr'><strong>meritis,</strong></span> <span class='ocrx_word' id='word_1_962' title='bbox 1752 1424 1837 1444; x_wconf 82' lang='lat' dir='ltr'><strong>tamen</strong></span> <span class='ocrx_word' id='word_1_963' title='bbox 1856 1427 1986 1451; x_wconf 86' lang='lat' dir='ltr'><strong>nunquam</strong></span> <span class='ocrx_word' id='word_1_964' title='bbox 2005 1419 2108 1444; x_wconf 68' lang='lat' dir='ltr'><strong>affecta-</strong></span> 
     </span>
     <span class='ocr_line' id='line_1_109' title="bbox 1129 1451 2110 1487; baseline 0.001 -10"><span class='ocrx_word' id='word_1_965' title='bbox 1129 1454 1212 1477; x_wconf 80' lang='lat' dir='ltr'><strong>uimus</strong></span> <span class='ocrx_word' id='word_1_966' title='bbox 1230 1453 1297 1477; x_wconf 88' lang='lat' dir='ltr'><strong>hauc</strong></span> <span class='ocrx_word' id='word_1_967' title='bbox 1316 1454 1493 1483; x_wconf 87' lang='lat' dir='ltr'><strong>subtilitatem,</strong></span> <span class='ocrx_word' id='word_1_968' title='bbox 1513 1458 1540 1478; x_wconf 81' lang='lat' dir='ltr'><strong>vt</strong></span> <span class='ocrx_word' id='word_1_969' title='bbox 1557 1461 1574 1478; x_wconf 80' lang='lat' dir='ltr'><strong>a</strong></span> <span class='ocrx_word' id='word_1_970' title='bbox 1591 1454 1642 1478; x_wconf 89' lang='lat' dir='ltr'><strong>fide</strong></span> <span class='ocrx_word' id='word_1_971' title='bbox 1661 1454 1874 1478; x_wconf 85' lang='lat' dir='ltr'><strong>contenderemus</strong></span> <span class='ocrx_word' id='word_1_972' title='bbox 1897 1451 2056 1487; x_wconf 73' lang='grc' dir='ltr'><em>α’ποιόμως,</em></span> <span class='ocrx_word' id='word_1_973' title='bbox 2080 1458 2110 1479; x_wconf 85' lang='lat' dir='ltr'><strong>vt</strong></span> 
     </span>
     <span class='ocr_line' id='line_1_110' title="bbox 1129 1487 2108 1520; baseline 0.001 -9"><span class='ocrx_word' id='word_1_974' title='bbox 1129 1487 1219 1516; x_wconf 86' lang='lat' dir='ltr'><strong>aiunt,</strong></span> <span class='ocrx_word' id='word_1_975' title='bbox 1244 1488 1406 1513; x_wconf 85' lang='lat' dir='ltr'><strong>diuellendos</strong></span> <span class='ocrx_word' id='word_1_976' title='bbox 1432 1487 1496 1519; x_wconf 84' lang='lat' dir='ltr'><strong>(sol.</strong></span> <span class='ocrx_word' id='word_1_977' title='bbox 1515 1488 1524 1511; x_wconf 95' lang='lat' dir='ltr'><strong>l</strong></span> <span class='ocrx_word' id='word_1_978' title='bbox 1543 1489 1590 1520; x_wconf 68' lang='lat'><strong>2³)</strong></span> <span class='ocrx_word' id='word_1_979' title='bbox 1616 1495 1672 1512; x_wconf 81' lang='lat' dir='ltr'><strong>esse</strong></span> <span class='ocrx_word' id='word_1_980' title='bbox 1698 1489 1764 1512; x_wconf 84' lang='lat' dir='ltr'><strong>alios</strong></span> <span class='ocrx_word' id='word_1_981' title='bbox 1789 1493 1873 1512; x_wconf 81' lang='lat' dir='ltr'><strong>motus</strong></span> <span class='ocrx_word' id='word_1_982' title='bbox 1898 1488 2044 1520; x_wconf 81' lang='lat' dir='ltr'><strong>spirituales</strong></span> <span class='ocrx_word' id='word_1_983' title='bbox 2062 1495 2108 1512; x_wconf 87' lang='lat' dir='ltr'><strong>scu</strong></span> 
     </span>
     <span class='ocr_line' id='line_1_111' title="bbox 1129 1521 2108 1555; baseline 0.002 -10"><span class='ocrx_word' id='word_1_984' title='bbox 1129 1529 1210 1553; x_wconf 86' lang='lat' dir='ltr'><strong>opera</strong></span> <span class='ocrx_word' id='word_1_985' title='bbox 1225 1521 1291 1552; x_wconf 83' lang='lat' dir='ltr'><strong>Dei,</strong></span> <span class='ocrx_word' id='word_1_986' title='bbox 1309 1530 1376 1554; x_wconf 86' lang='lat' dir='ltr'><strong>quae</strong></span> <span class='ocrx_word' id='word_1_987' title='bbox 1395 1526 1536 1554; x_wconf 80' lang='lat' dir='ltr'><strong>sequuntur</strong></span> <span class='ocrx_word' id='word_1_988' title='bbox 1553 1522 1639 1552; x_wconf 87' lang='lat' dir='ltr'><strong>fidem,</strong></span> <span class='ocrx_word' id='word_1_989' title='bbox 1658 1526 1687 1546; x_wconf 73' lang='lat' dir='ltr'><strong>vt</strong></span> <span class='ocrx_word' id='word_1_990' title='bbox 1705 1523 1814 1553; x_wconf 87' lang='lat' dir='ltr'><strong>diligere</strong></span> <span class='ocrx_word' id='word_1_991' title='bbox 1831 1522 1930 1553; x_wconf 87' lang='lat' dir='ltr'><strong>Deum,</strong></span> <span class='ocrx_word' id='word_1_992' title='bbox 1952 1529 2056 1555; x_wconf 86' lang='lat' dir='ltr'><strong>sperare</strong></span> <span class='ocrx_word' id='word_1_993' title='bbox 2079 1523 2108 1547; x_wconf 89' lang='lat' dir='ltr'><strong>iu</strong></span> 
     </span>
     <span class='ocr_line' id='line_1_112' title="bbox 1128 1556 2107 1589; baseline 0.001 -10"><span class='ocrx_word' id='word_1_994' title='bbox 1128 1556 1228 1586; x_wconf 90' lang='lat' dir='ltr'><strong>Deum,</strong></span> <span class='ocrx_word' id='word_1_995' title='bbox 1253 1557 1319 1580; x_wconf 83' lang='lat' dir='ltr'><strong>sicut</strong></span> <span class='ocrx_word' id='word_1_996' title='bbox 1343 1564 1391 1580; x_wconf 90' lang='lat' dir='ltr'><strong>nec</strong></span> <span class='ocrx_word' id='word_1_997' title='bbox 1413 1556 1545 1580; x_wconf 87' lang='lat' dir='ltr'><strong>Iohannes</strong></span> <span class='ocrx_word' id='word_1_998' title='bbox 1569 1558 1699 1588; x_wconf 85' lang='lat' dir='ltr'><strong>separauit</strong></span> <span class='ocrx_word' id='word_1_999' title='bbox 1722 1565 1738 1581; x_wconf 88' lang='lat' dir='ltr'><strong>a</strong></span> <span class='ocrx_word' id='word_1_1000' title='bbox 1762 1564 1790 1580; x_wconf 88' lang='lat' dir='ltr'><strong>se</strong></span> <span class='ocrx_word' id='word_1_1001' title='bbox 1808 1562 1911 1586; x_wconf 85' lang='lat' dir='ltr'><strong>mutuo,</strong></span> <span class='ocrx_word' id='word_1_1002' title='bbox 1935 1564 1992 1580; x_wconf 87' lang='lat' dir='ltr'><strong>curn</strong></span> <span class='ocrx_word' id='word_1_1003' title='bbox 2015 1557 2107 1589; x_wconf 82' lang='lat' dir='ltr'><strong>inquit,</strong></span> 
     </span>
     <span class='ocr_line' id='line_1_113' title="bbox 1127 1589 2107 1622; baseline 0.001 -8"><span class='ocrx_word' id='word_1_1004' title='bbox 1127 1589 1249 1614; x_wconf 72' lang='lat' dir='ltr'><strong>Perfecta</strong></span> <span class='ocrx_word' id='word_1_1005' title='bbox 1267 1591 1361 1615; x_wconf 69' lang='lat' dir='ltr'><strong>caritas</strong></span> <span class='ocrx_word' id='word_1_1006' title='bbox 1380 1591 1496 1615; x_wconf 86' lang='lat' dir='ltr'><strong>excludit</strong></span> <span class='ocrx_word' id='word_1_1007' title='bbox 1514 1592 1646 1621; x_wconf 82' lang='lat' dir='ltr'><strong>timorem,</strong></span> <span class='ocrx_word' id='word_1_1008' title='bbox 1664 1591 1732 1615; x_wconf 84' lang='lat' dir='ltr'><strong>Nam</strong></span> <span class='ocrx_word' id='word_1_1009' title='bbox 1750 1592 1826 1622; x_wconf 82' lang='lat' dir='ltr'><strong>paulo</strong></span> <span class='ocrx_word' id='word_1_1010' title='bbox 1846 1595 1906 1615; x_wconf 87' lang='lat' dir='ltr'><strong>ante</strong></span> <span class='ocrx_word' id='word_1_1011' title='bbox 1924 1592 1975 1622; x_wconf 84' lang='lat' dir='ltr'><strong>ait,</strong></span> <span class='ocrx_word' id='word_1_1012' title='bbox 1995 1591 2107 1616; x_wconf 88' lang='lat' dir='ltr'><strong>credidi-</strong></span> 
     </span>
     <span class='ocr_line' id='line_1_114' title="bbox 1128 1625 2109 1657; baseline 0.002 -9"><span class='ocrx_word' id='word_1_1013' title='bbox 1128 1632 1184 1648; x_wconf 88' lang='lat' dir='ltr'><strong>mus</strong></span> <span class='ocrx_word' id='word_1_1014' title='bbox 1208 1625 1353 1649; x_wconf 80' lang='lat' dir='ltr'><strong>caritatem.</strong></span> <span class='ocrx_word' id='word_1_1015' title='bbox 1390 1625 1474 1649; x_wconf 88' lang='lat' dir='ltr'><strong>Porro</strong></span> <span class='ocrx_word' id='word_1_1016' title='bbox 1498 1625 1561 1649; x_wconf 90' lang='lat' dir='ltr'><strong>nihil</strong></span> <span class='ocrx_word' id='word_1_1017' title='bbox 1585 1629 1667 1656; x_wconf 87' lang='lat' dir='ltr'><strong>agunt</strong></span> <span class='ocrx_word' id='word_1_1018' title='bbox 1689 1625 1807 1649; x_wconf 85' lang='lat' dir='ltr'><strong>homines</strong></span> <span class='ocrx_word' id='word_1_1019' title='bbox 1831 1633 1888 1649; x_wconf 88' lang='lat' dir='ltr'><strong>cum</strong></span> <span class='ocrx_word' id='word_1_1020' title='bbox 1911 1625 1969 1650; x_wconf 83' lang='lat' dir='ltr'><strong>Deo</strong></span> <span class='ocrx_word' id='word_1_1021' title='bbox 1992 1625 2041 1651; x_wconf 87' lang='lat' dir='ltr'><strong>nisi</strong></span> <span class='ocrx_word' id='word_1_1022' title='bbox 2062 1633 2109 1657; x_wconf 85' lang='lat' dir='ltr'><strong>per</strong></span> 
     </span>
     <span class='ocr_line' id='line_1_115' title="bbox 1128 1658 2107 1692; baseline 0.002 -10"><span class='ocrx_word' id='word_1_1023' title='bbox 1128 1659 1244 1683; x_wconf 87' lang='lat' dir='ltr'><strong>verbum.</strong></span> <span class='ocrx_word' id='word_1_1024' title='bbox 1279 1658 1314 1682; x_wconf 84' lang='lat' dir='ltr'><strong>Et</strong></span> <span class='ocrx_word' id='word_1_1025' title='bbox 1331 1659 1402 1683; x_wconf 85' lang='lat' dir='ltr'><strong>verbi</strong></span> <span class='ocrx_word' id='word_1_1026' title='bbox 1421 1659 1526 1683; x_wconf 78' lang='lat' dir='ltr'><strong>effectus</strong></span> <span class='ocrx_word' id='word_1_1027' title='bbox 1548 1660 1659 1691; x_wconf 92' lang='lat' dir='ltr'><strong>proximi</strong></span> <span class='ocrx_word' id='word_1_1028' title='bbox 1683 1664 1742 1684; x_wconf 89' lang='lat' dir='ltr'><strong>sunt</strong></span> <span class='ocrx_word' id='word_1_1029' title='bbox 1765 1664 1877 1692; x_wconf 76' lang='lat' dir='ltr'><strong>terrores</strong></span> <span class='ocrx_word' id='word_1_1030' title='bbox 1901 1664 1926 1683; x_wconf 90' lang='lat' dir='ltr'><strong>et</strong></span> <span class='ocrx_word' id='word_1_1031' title='bbox 1949 1660 2107 1684; x_wconf 79' lang='lat' dir='ltr'><strong>consolatio-</strong></span> 
     </span>
     <span class='ocr_line' id='line_1_116' title="bbox 1128 1693 2108 1726; baseline 0.001 -9"><span class='ocrx_word' id='word_1_1032' title='bbox 1128 1701 1183 1724; x_wconf 85' lang='lat' dir='ltr'><strong>nes,</strong></span> <span class='ocrx_word' id='word_1_1033' title='bbox 1202 1693 1259 1717; x_wconf 84' lang='lat' dir='ltr'><strong>Hos</strong></span> <span class='ocrx_word' id='word_1_1034' title='bbox 1277 1698 1362 1717; x_wconf 84' lang='lat' dir='ltr'><strong>motus</strong></span> <span class='ocrx_word' id='word_1_1035' title='bbox 1382 1694 1549 1725; x_wconf 83' lang='lat' dir='ltr'><strong>experiuntur</strong></span> <span class='ocrx_word' id='word_1_1036' title='bbox 1567 1693 1685 1718; x_wconf 85' lang='lat' dir='ltr'><strong>homines</strong></span> <span class='ocrx_word' id='word_1_1037' title='bbox 1703 1695 1756 1726; x_wconf 86' lang='lat' dir='ltr'><strong>pii,</strong></span> <span class='ocrx_word' id='word_1_1038' title='bbox 1780 1694 1845 1718; x_wconf 88' lang='lat' dir='ltr'><strong>Ideo</strong></span> <span class='ocrx_word' id='word_1_1039' title='bbox 1870 1694 1935 1719; x_wconf 86' lang='lat' dir='ltr'><strong>haec</strong></span> <span class='ocrx_word' id='word_1_1040' title='bbox 1959 1698 2049 1718; x_wconf 83' lang='lat' dir='ltr'><strong>nostra</strong></span> <span class='ocrx_word' id='word_1_1041' title='bbox 2066 1702 2108 1718; x_wconf 79' lang='lat' dir='ltr'><strong>ra-</strong></span> 
     </span>
     <span class='ocr_line' id='line_1_117' title="bbox 1128 1728 1432 1752; baseline 0.003 -1"><span class='ocrx_word' id='word_1_1042' title='bbox 1128 1729 1165 1752; x_wconf 88' lang='lat' dir='ltr'><strong>tio</strong></span> <span class='ocrx_word' id='word_1_1043' title='bbox 1184 1735 1237 1751; x_wconf 93' lang='lat' dir='ltr'><strong>non</strong></span> <span class='ocrx_word' id='word_1_1044' title='bbox 1257 1732 1296 1751; x_wconf 88' lang='lat' dir='ltr'><strong>est</strong></span> <span class='ocrx_word' id='word_1_1045' title='bbox 1314 1728 1432 1752; x_wconf 88' lang='lat' dir='ltr'><strong>obscura.</strong></span> 
     </span>
    </p>
   </div>
   <div class='ocr_carea' id='block_1_11' title="bbox 1127 1770 2105 2007">
    <p class='ocr_par' dir='ltr' id='par_1_11' title="bbox 1127 1770 2105 2007">
     <span class='ocr_line' id='line_1_118' title="bbox 1197 1770 2105 1802; baseline 0.002 -9"><span class='ocrx_word' id='word_1_1046' title='bbox 1197 1770 1301 1794; x_wconf 84' lang='lat' dir='ltr'><strong>Deinde</strong></span> <span class='ocrx_word' id='word_1_1047' title='bbox 1319 1770 1450 1801; x_wconf 82' lang='lat' dir='ltr'><strong>quomodo</strong></span> <span class='ocrx_word' id='word_1_1048' title='bbox 1468 1774 1554 1802; x_wconf 85' lang='lat' dir='ltr'><strong>potest</strong></span> <span class='ocrx_word' id='word_1_1049' title='bbox 1576 1771 1686 1795; x_wconf 78' lang='lat' dir='ltr'><strong>existere</strong></span> <span class='ocrx_word' id='word_1_1050' title='bbox 1710 1770 1828 1800; x_wconf 84' lang='lat' dir='ltr'><strong>dilectio,</strong></span> <span class='ocrx_word' id='word_1_1051' title='bbox 1851 1771 1903 1795; x_wconf 90' lang='lat' dir='ltr'><strong>nisi</strong></span> <span class='ocrx_word' id='word_1_1052' title='bbox 1925 1770 1997 1795; x_wconf 86' lang='lat' dir='ltr'><strong>Deus</strong></span> <span class='ocrx_word' id='word_1_1053' title='bbox 2019 1775 2105 1796; x_wconf 89' lang='lat' dir='ltr'><strong>osten-</strong></span> 
     </span>
     <span class='ocr_line' id='line_1_119' title="bbox 1129 1805 2105 1836; baseline 0.001 -8"><span class='ocrx_word' id='word_1_1054' title='bbox 1129 1805 1205 1828; x_wconf 86' lang='lat' dir='ltr'><strong>datur</strong></span> <span class='ocrx_word' id='word_1_1055' title='bbox 1223 1805 1298 1828; x_wconf 80' lang='lat' dir='ltr'><strong>nobis</strong></span> <span class='ocrx_word' id='word_1_1056' title='bbox 1316 1808 1439 1836; x_wconf 84' lang='lat' dir='ltr'><strong>tanquam</strong></span> <span class='ocrx_word' id='word_1_1057' title='bbox 1457 1806 1573 1836; x_wconf 84' lang='lat' dir='ltr'><strong>placatus</strong></span> <span class='ocrx_word' id='word_1_1058' title='bbox 1591 1809 1616 1828; x_wconf 88' lang='lat' dir='ltr'><strong>et</strong></span> <span class='ocrx_word' id='word_1_1059' title='bbox 1633 1805 1760 1829; x_wconf 83' lang='lat' dir='ltr'><strong>obiectum</strong></span> <span class='ocrx_word' id='word_1_1060' title='bbox 1785 1805 1904 1829; x_wconf 85' lang='lat' dir='ltr'><strong>amabile.</strong></span> <span class='ocrx_word' id='word_1_1061' title='bbox 1941 1805 2024 1829; x_wconf 90' lang='lat' dir='ltr'><strong>Porro</strong></span> <span class='ocrx_word' id='word_1_1062' title='bbox 2048 1806 2105 1830; x_wconf 77' lang='lat' dir='ltr'><strong>sola</strong></span> 
     </span>
     <span class='ocr_line' id='line_1_120' title="bbox 1127 1838 2105 1870; baseline 0.002 -8"><span class='ocrx_word' id='word_1_1063' title='bbox 1127 1839 1191 1862; x_wconf 83' lang='lat' dir='ltr'><strong>fides</strong></span> <span class='ocrx_word' id='word_1_1064' title='bbox 1211 1838 1383 1870; x_wconf 87' lang='lat' dir='ltr'><strong>apprehendit</strong></span> <span class='ocrx_word' id='word_1_1065' title='bbox 1401 1847 1457 1862; x_wconf 89' lang='lat' dir='ltr'><strong>eum</strong></span> <span class='ocrx_word' id='word_1_1066' title='bbox 1477 1846 1532 1863; x_wconf 79' lang='lat' dir='ltr'><strong>esse</strong></span> <span class='ocrx_word' id='word_1_1067' title='bbox 1551 1839 1678 1870; x_wconf 79' lang='lat' dir='ltr'><strong>placatum</strong></span> <span class='ocrx_word' id='word_1_1068' title='bbox 1702 1843 1807 1870; x_wconf 86' lang='lat' dir='ltr'><strong>propter</strong></span> <span class='ocrx_word' id='word_1_1069' title='bbox 1832 1839 1971 1864; x_wconf 86' lang='lat' dir='ltr'><strong>Christum.</strong></span> <span class='ocrx_word' id='word_1_1070' title='bbox 2008 1839 2042 1863; x_wconf 87' lang='lat' dir='ltr'><strong>Et</strong></span> <span class='ocrx_word' id='word_1_1071' title='bbox 2059 1840 2105 1864; x_wconf 79' lang='lat' dir='ltr'><strong>illa</strong></span> 
     </span>
     <span class='ocr_line' id='line_1_121' title="bbox 1128 1873 2103 1905; baseline 0.002 -9"><span class='ocrx_word' id='word_1_1072' title='bbox 1128 1873 1192 1897; x_wconf 83' lang='lat' dir='ltr'><strong>fides</strong></span> <span class='ocrx_word' id='word_1_1073' title='bbox 1210 1880 1263 1897; x_wconf 92' lang='lat' dir='ltr'><strong>non</strong></span> <span class='ocrx_word' id='word_1_1074' title='bbox 1283 1877 1322 1896; x_wconf 90' lang='lat' dir='ltr'><strong>est</strong></span> <span class='ocrx_word' id='word_1_1075' title='bbox 1340 1873 1453 1897; x_wconf 85' lang='lat' dir='ltr'><strong>humana</strong></span> <span class='ocrx_word' id='word_1_1076' title='bbox 1471 1874 1570 1904; x_wconf 88' lang='lat' dir='ltr'><strong>opinio,</strong></span> <span class='ocrx_word' id='word_1_1077' title='bbox 1587 1873 1632 1897; x_wconf 85' lang='lat' dir='ltr'><strong>sed</strong></span> <span class='ocrx_word' id='word_1_1078' title='bbox 1652 1881 1716 1904; x_wconf 90' lang='lat' dir='ltr'><strong>opus</strong></span> <span class='ocrx_word' id='word_1_1079' title='bbox 1735 1874 1838 1905; x_wconf 87' lang='lat' dir='ltr'><strong>spiritus</strong></span> <span class='ocrx_word' id='word_1_1080' title='bbox 1858 1875 1956 1904; x_wconf 85' lang='lat' dir='ltr'><strong>sancti,</strong></span> <span class='ocrx_word' id='word_1_1081' title='bbox 1980 1874 2040 1904; x_wconf 88' lang='lat' dir='ltr'><strong>quia</strong></span> <span class='ocrx_word' id='word_1_1082' title='bbox 2057 1873 2103 1898; x_wconf 90' lang='lat' dir='ltr'><strong>hu-</strong></span> 
     </span>
     <span class='ocr_line' id='line_1_122' title="bbox 1128 1907 2104 1940; baseline 0.001 -9"><span class='ocrx_word' id='word_1_1083' title='bbox 1128 1915 1204 1931; x_wconf 87' lang='lat' dir='ltr'><strong>mana</strong></span> <span class='ocrx_word' id='word_1_1084' title='bbox 1221 1908 1288 1931; x_wconf 76' lang='lat' dir='ltr'><strong>ratio</strong></span> <span class='ocrx_word' id='word_1_1085' title='bbox 1307 1908 1424 1931; x_wconf 86' lang='lat' dir='ltr'><strong>senciens</strong></span> <span class='ocrx_word' id='word_1_1086' title='bbox 1443 1909 1506 1931; x_wconf 87' lang='lat' dir='ltr'><strong>iram</strong></span> <span class='ocrx_word' id='word_1_1087' title='bbox 1526 1907 1575 1931; x_wconf 90' lang='lat' dir='ltr'><strong>Dei</strong></span> <span class='ocrx_word' id='word_1_1088' title='bbox 1594 1908 1716 1931; x_wconf 86' lang='lat' dir='ltr'><strong>aduersus</strong></span> <span class='ocrx_word' id='word_1_1089' title='bbox 1735 1912 1882 1940; x_wconf 85' lang='lat' dir='ltr'><strong>peccatum,</strong></span> <span class='ocrx_word' id='word_1_1090' title='bbox 1901 1915 1954 1932; x_wconf 90' lang='lat' dir='ltr'><strong>non</strong></span> <span class='ocrx_word' id='word_1_1091' title='bbox 1973 1912 2059 1939; x_wconf 84' lang='lat' dir='ltr'><strong>potest</strong></span> <span class='ocrx_word' id='word_1_1092' title='bbox 2077 1915 2104 1932; x_wconf 85' lang='lat' dir='ltr'><strong>se</strong></span> 
     </span>
     <span class='ocr_line' id='line_1_123' title="bbox 1129 1941 2103 1974; baseline 0.001 -9"><span class='ocrx_word' id='word_1_1093' title='bbox 1129 1949 1175 1972; x_wconf 87' lang='lat' dir='ltr'><strong>per</strong></span> <span class='ocrx_word' id='word_1_1094' title='bbox 1193 1949 1250 1965; x_wconf 89' lang='lat' dir='ltr'><strong>sese</strong></span> <span class='ocrx_word' id='word_1_1095' title='bbox 1269 1942 1378 1974; x_wconf 79' lang='lat' dir='ltr'><strong>erigere,</strong></span> <span class='ocrx_word' id='word_1_1096' title='bbox 1396 1946 1423 1966; x_wconf 79' lang='lat' dir='ltr'><strong>vt</strong></span> <span class='ocrx_word' id='word_1_1097' title='bbox 1441 1941 1530 1965; x_wconf 85' lang='lat' dir='ltr'><strong>credat</strong></span> <span class='ocrx_word' id='word_1_1098' title='bbox 1547 1942 1597 1966; x_wconf 86' lang='lat' dir='ltr'><strong>sibi</strong></span> <span class='ocrx_word' id='word_1_1099' title='bbox 1615 1942 1724 1972; x_wconf 83' lang='lat' dir='ltr'><strong>ignosci.</strong></span> <span class='ocrx_word' id='word_1_1100' title='bbox 1757 1942 1847 1973; x_wconf 75' lang='lat' dir='ltr'><strong>Itaque</strong></span> <span class='ocrx_word' id='word_1_1101' title='bbox 1865 1942 1929 1966; x_wconf 73' lang='lat' dir='ltr'><strong>hae:</strong></span> <span class='ocrx_word' id='word_1_1102' title='bbox 1947 1942 2011 1966; x_wconf 86' lang='lat' dir='ltr'><strong>fides</strong></span> <span class='ocrx_word' id='word_1_1103' title='bbox 2030 1949 2103 1974; x_wconf 81' lang='lat' dir='ltr'><strong>rege-</strong></span> 
     </span>
     <span class='ocr_line' id='line_1_124' title="bbox 1127 1975 1720 2007; baseline 0.002 -8"><span class='ocrx_word' id='word_1_1104' title='bbox 1127 1980 1201 2000; x_wconf 87' lang='lat' dir='ltr'><strong>nerat</strong></span> <span class='ocrx_word' id='word_1_1105' title='bbox 1220 1975 1360 2006; x_wconf 88' lang='lat' dir='ltr'><strong>hominem,</strong></span> <span class='ocrx_word' id='word_1_1106' title='bbox 1379 1977 1472 2000; x_wconf 81' lang='lat' dir='ltr'><strong>can&#39;tas</strong></span> <span class='ocrx_word' id='word_1_1107' title='bbox 1490 1980 1579 2007; x_wconf 85' lang='lat' dir='ltr'><strong>postea</strong></span> <span class='ocrx_word' id='word_1_1108' title='bbox 1597 1977 1720 2007; x_wconf 86' lang='lat' dir='ltr'><strong>sequitur.</strong></span> 
     </span>
    </p>
   </div>
   <div class='ocr_carea' id='block_1_12' title="bbox 1126 2019 2104 2290">
    <p class='ocr_par' dir='ltr' id='par_1_12' title="bbox 1126 2019 2104 2290">
     <span class='ocr_line' id='line_1_125' title="bbox 1197 2019 2104 2050; baseline 0.001 -8"><span class='ocrx_word' id='word_1_1109' title='bbox 1197 2019 1236 2042; x_wconf 79' lang='lat' dir='ltr'><strong>Ac</strong></span> <span class='ocrx_word' id='word_1_1110' title='bbox 1266 2020 1358 2042; x_wconf 88' lang='lat' dir='ltr'><strong>mirum</strong></span> <span class='ocrx_word' id='word_1_1111' title='bbox 1390 2023 1441 2049; x_wconf 87' lang='lat' dir='ltr'><strong>est,</strong></span> <span class='ocrx_word' id='word_1_1112' title='bbox 1469 2027 1515 2043; x_wconf 92' lang='lat' dir='ltr'><strong>cur</strong></span> <span class='ocrx_word' id='word_1_1113' title='bbox 1542 2019 1686 2043; x_wconf 83' lang='lat' dir='ltr'><strong>aduersarii</strong></span> <span class='ocrx_word' id='word_1_1114' title='bbox 1716 2022 1852 2050; x_wconf 82' lang='lat' dir='ltr'><strong>tantopere</strong></span> <span class='ocrx_word' id='word_1_1115' title='bbox 1881 2019 1984 2043; x_wconf 79' lang='lat' dir='ltr'><strong>oderint</strong></span> <span class='ocrx_word' id='word_1_1116' title='bbox 2010 2027 2104 2043; x_wconf 86' lang='lat' dir='ltr'><strong>nomen</strong></span> 
     </span>
     <span class='ocr_line' id='line_1_126' title="bbox 1127 2053 2104 2085; baseline 0.002 -9"><span class='ocrx_word' id='word_1_1117' title='bbox 1127 2053 1197 2082; x_wconf 87' lang='lat' dir='ltr'><strong>fidei,</strong></span> <span class='ocrx_word' id='word_1_1118' title='bbox 1216 2060 1273 2076; x_wconf 90' lang='lat' dir='ltr'><strong>cum</strong></span> <span class='ocrx_word' id='word_1_1119' title='bbox 1290 2053 1419 2085; x_wconf 86' lang='lat' dir='ltr'><strong>scriptura</strong></span> <span class='ocrx_word' id='word_1_1120' title='bbox 1436 2053 1512 2078; x_wconf 85' lang='lat' dir='ltr'><strong>fidem</strong></span> <span class='ocrx_word' id='word_1_1121' title='bbox 1530 2054 1703 2085; x_wconf 80' lang='lat' dir='ltr'><strong>cuiuscunque</strong></span> <span class='ocrx_word' id='word_1_1122' title='bbox 1721 2053 1792 2077; x_wconf 82' lang='lat' dir='ltr'><strong>verbi</strong></span> <span class='ocrx_word' id='word_1_1123' title='bbox 1807 2053 1864 2083; x_wconf 86' lang='lat' dir='ltr'><strong>Dei,</strong></span> <span class='ocrx_word' id='word_1_1124' title='bbox 1883 2054 1909 2077; x_wconf 92' lang='lat' dir='ltr'><strong>in</strong></span> <span class='ocrx_word' id='word_1_1125' title='bbox 1928 2061 2030 2084; x_wconf 85' lang='lat' dir='ltr'><strong>genere,</strong></span> <span class='ocrx_word' id='word_1_1126' title='bbox 2049 2054 2104 2078; x_wconf 83' lang='lat' dir='ltr'><strong>vbi-</strong></span> 
     </span>
     <span class='ocr_line' id='line_1_127' title="bbox 1127 2088 2104 2119; baseline 0.002 -9"><span class='ocrx_word' id='word_1_1127' title='bbox 1127 2094 1177 2118; x_wconf 89' lang='lat' dir='ltr'><strong>que</strong></span> <span class='ocrx_word' id='word_1_1128' title='bbox 1194 2088 1318 2118; x_wconf 84' lang='lat' dir='ltr'><strong>requirat,</strong></span> <span class='ocrx_word' id='word_1_1129' title='bbox 1335 2092 1362 2111; x_wconf 89' lang='lat' dir='ltr'><strong>et</strong></span> <span class='ocrx_word' id='word_1_1130' title='bbox 1380 2088 1511 2119; x_wconf 84' lang='lat' dir='ltr'><strong>praedicet</strong></span> <span class='ocrx_word' id='word_1_1131' title='bbox 1528 2092 1650 2119; x_wconf 83' lang='lat' dir='ltr'><strong>tanquam</strong></span> <span class='ocrx_word' id='word_1_1132' title='bbox 1668 2095 1792 2111; x_wconf 90' lang='lat' dir='ltr'><strong>summum</strong></span> <span class='ocrx_word' id='word_1_1133' title='bbox 1811 2088 1920 2117; x_wconf 75' lang='lat' dir='ltr'><strong>cultum,</strong></span> <span class='ocrx_word' id='word_1_1134' title='bbox 1939 2092 1964 2111; x_wconf 91' lang='lat' dir='ltr'><strong>et</strong></span> <span class='ocrx_word' id='word_1_1135' title='bbox 1981 2095 2104 2112; x_wconf 88' lang='lat' dir='ltr'><strong>summam</strong></span> 
     </span>
     <span class='ocr_line' id='line_1_128' title="bbox 1126 2120 2102 2154; baseline 0.002 -10"><span class='ocrx_word' id='word_1_1136' title='bbox 1126 2120 1263 2154; x_wconf 75' lang='grc' dir='ltr'><strong><em>λατρείαν,</em></strong></span> <span class='ocrx_word' id='word_1_1137' title='bbox 1283 2126 1311 2145; x_wconf 80' lang='lat' dir='ltr'><strong>vt</strong></span> <span class='ocrx_word' id='word_1_1138' title='bbox 1329 2123 1356 2154; x_wconf 87' lang='lat' dir='ltr'><strong>ij.</strong></span> <span class='ocrx_word' id='word_1_1139' title='bbox 1376 2122 1488 2153; x_wconf 84' lang='lat' dir='ltr'><strong>Paralip.</strong></span> <span class='ocrx_word' id='word_1_1140' title='bbox 1507 2122 1580 2146; x_wconf 87' lang='lat' dir='ltr'><strong>XVI.</strong></span> <span class='ocrx_word' id='word_1_1141' title='bbox 1606 2121 1682 2146; x_wconf 90' lang='lat' dir='ltr'><strong>Oculi</strong></span> <span class='ocrx_word' id='word_1_1142' title='bbox 1707 2122 1804 2146; x_wconf 82' lang='lat' dir='ltr'><strong>domini</strong></span> <span class='ocrx_word' id='word_1_1143' title='bbox 1823 2122 2031 2153; x_wconf 84' lang='lat' dir='ltr'><strong>contemplantur</strong></span> <span class='ocrx_word' id='word_1_1144' title='bbox 2048 2123 2102 2146; x_wconf 82' lang='lat' dir='ltr'><strong>vni-</strong></span> 
     </span>
     <span class='ocr_line' id='line_1_129' title="bbox 1127 2156 2102 2188; baseline 0.001 -9"><span class='ocrx_word' id='word_1_1145' title='bbox 1127 2163 1229 2180; x_wconf 85' lang='lat' dir='ltr'><strong>uersam</strong></span> <span class='ocrx_word' id='word_1_1146' title='bbox 1248 2161 1350 2186; x_wconf 81' lang='lat' dir='ltr'><strong>terram,</strong></span> <span class='ocrx_word' id='word_1_1147' title='bbox 1369 2161 1394 2180; x_wconf 90' lang='lat' dir='ltr'><strong>et</strong></span> <span class='ocrx_word' id='word_1_1148' title='bbox 1413 2158 1538 2187; x_wconf 72' lang='lat' dir='ltr'><strong>praebent</strong></span> <span class='ocrx_word' id='word_1_1149' title='bbox 1555 2157 1735 2180; x_wconf 82' lang='lat' dir='ltr'><strong>fortitudinem</strong></span> <span class='ocrx_word' id='word_1_1150' title='bbox 1759 2157 1800 2181; x_wconf 87' lang='lat' dir='ltr'><strong>his</strong></span> <span class='ocrx_word' id='word_1_1151' title='bbox 1823 2157 1866 2188; x_wconf 91' lang='lat' dir='ltr'><strong>qui</strong></span> <span class='ocrx_word' id='word_1_1152' title='bbox 1892 2157 1970 2180; x_wconf 87' lang='lat' dir='ltr'><strong>corde</strong></span> <span class='ocrx_word' id='word_1_1153' title='bbox 1989 2156 2102 2188; x_wconf 81' lang='lat' dir='ltr'><strong>perfecto</strong></span> 
     </span>
     <span class='ocr_line' id='line_1_130' title="bbox 1127 2190 2102 2220; baseline 0.003 -7"><span class='ocrx_word' id='word_1_1154' title='bbox 1127 2191 1235 2214; x_wconf 88' lang='lat' dir='ltr'><strong>credunt</strong></span> <span class='ocrx_word' id='word_1_1155' title='bbox 1253 2191 1279 2214; x_wconf 93' lang='lat' dir='ltr'><strong>in</strong></span> <span class='ocrx_word' id='word_1_1156' title='bbox 1298 2198 1364 2215; x_wconf 80' lang='lat' dir='ltr'><strong>eum.</strong></span> <span class='ocrx_word' id='word_1_1157' title='bbox 1395 2191 1430 2214; x_wconf 82' lang='lat' dir='ltr'><strong>Et</strong></span> <span class='ocrx_word' id='word_1_1158' title='bbox 1446 2191 1561 2220; x_wconf 82' lang='lat' dir='ltr'><strong>Abacuc,</strong></span> <span class='ocrx_word' id='word_1_1159' title='bbox 1578 2191 1662 2214; x_wconf 86' lang='lat' dir='ltr'><strong>Iustus</strong></span> <span class='ocrx_word' id='word_1_1160' title='bbox 1682 2198 1714 2214; x_wconf 81' lang='lat' dir='ltr'><strong>ex</strong></span> <span class='ocrx_word' id='word_1_1161' title='bbox 1733 2190 1784 2215; x_wconf 84' lang='lat' dir='ltr'><strong>fide</strong></span> <span class='ocrx_word' id='word_1_1162' title='bbox 1802 2198 1849 2214; x_wconf 88' lang='lat' dir='ltr'><strong>sua</strong></span> <span class='ocrx_word' id='word_1_1163' title='bbox 1860 2191 1937 2214; x_wconf 84' lang='lat' dir='ltr'><strong>viuet.</strong></span> <span class='ocrx_word' id='word_1_1164' title='bbox 1963 2190 1998 2214; x_wconf 80' lang='lat' dir='ltr'><strong>Et</strong></span> <span class='ocrx_word' id='word_1_1165' title='bbox 2008 2190 2102 2216; x_wconf 74' lang='lat' dir='ltr'><strong>Psalm.</strong></span> 
     </span>
     <span class='ocr_line' id='line_1_131' title="bbox 1127 2224 2102 2258; baseline 0.001 -10"><span class='ocrx_word' id='word_1_1166' title='bbox 1127 2224 1224 2248; x_wconf 82' lang='lat' dir='ltr'><strong>XLIX.</strong></span> <span class='ocrx_word' id='word_1_1167' title='bbox 1244 2229 1333 2256; x_wconf 87' lang='lat' dir='ltr'><strong>aperte</strong></span> <span class='ocrx_word' id='word_1_1168' title='bbox 1352 2225 1479 2249; x_wconf 87' lang='lat' dir='ltr'><strong>damnatis</strong></span> <span class='ocrx_word' id='word_1_1169' title='bbox 1497 2226 1607 2249; x_wconf 81' lang='lat' dir='ltr'><strong>cultibus</strong></span> <span class='ocrx_word' id='word_1_1170' title='bbox 1632 2232 1753 2258; x_wconf 85' lang='lat' dir='ltr'><strong>operum,</strong></span> <span class='ocrx_word' id='word_1_1171' title='bbox 1777 2225 1883 2256; x_wconf 82' lang='lat' dir='ltr'><strong>requirit</strong></span> <span class='ocrx_word' id='word_1_1172' title='bbox 1906 2224 1974 2248; x_wconf 89' lang='lat' dir='ltr'><strong>hunc</strong></span> <span class='ocrx_word' id='word_1_1173' title='bbox 1998 2225 2102 2256; x_wconf 86' lang='lat' dir='ltr'><strong>cultum,</strong></span> 
     </span>
     <span class='ocr_line' id='line_1_132' title="bbox 1127 2259 2103 2290; baseline 0 -7"><span class='ocrx_word' id='word_1_1174' title='bbox 1127 2260 1172 2289; x_wconf 88' lang='lat' dir='ltr'><strong>qui</strong></span> <span class='ocrx_word' id='word_1_1175' title='bbox 1191 2261 1297 2290; x_wconf 86' lang='lat' dir='ltr'><strong>proprie</strong></span> <span class='ocrx_word' id='word_1_1176' title='bbox 1314 2259 1374 2283; x_wconf 84' lang='lat' dir='ltr'><strong>fidei</strong></span> <span class='ocrx_word' id='word_1_1177' title='bbox 1393 2264 1446 2289; x_wconf 90' lang='lat' dir='ltr'><strong>est,</strong></span> <span class='ocrx_word' id='word_1_1178' title='bbox 1465 2264 1493 2283; x_wconf 82' lang='lat' dir='ltr'><strong>vt</strong></span> <span class='ocrx_word' id='word_1_1179' title='bbox 1510 2260 1658 2284; x_wconf 85' lang='lat' dir='ltr'><strong>inuocemus</strong></span> <span class='ocrx_word' id='word_1_1180' title='bbox 1684 2260 1709 2283; x_wconf 93' lang='lat' dir='ltr'><strong>in</strong></span> <span class='ocrx_word' id='word_1_1181' title='bbox 1733 2259 1914 2288; x_wconf 84' lang='lat' dir='ltr'><strong>tribulatione,</strong></span> <span class='ocrx_word' id='word_1_1182' title='bbox 1939 2262 2052 2290; x_wconf 74' lang='lat' dir='ltr'><strong>petamus</strong></span> <span class='ocrx_word' id='word_1_1183' title='bbox 2076 2263 2103 2283; x_wconf 88' lang='lat' dir='ltr'><strong>et</strong></span> 
     </span>
    </p>
   </div>
   <div class='ocr_carea' id='block_1_13' title="bbox 1103 409 1109 478">
    <p class='ocr_par' dir='ltr' id='par_1_13' title="bbox 1103 409 1109 478">
     <span class='ocr_line' id='line_1_133' title="bbox 1103 409 1109 478; baseline 0 0"><span class='ocrx_word' id='word_1_1184' title='bbox 1103 409 1109 478; x_wconf 86' lang='grc'>1</span> 
     </span>
    </p>
   </div>
   <div class='ocr_carea' id='block_1_14' title="bbox 1100 1034 1107 1376">
    <p class='ocr_par' dir='ltr' id='par_1_14' title="bbox 1081 1034 1107 1376">
     <span class='ocr_line' id='line_1_134' title="bbox 1100 1034 1107 1376; baseline 0 0"><span class='ocrx_word' id='word_1_1185' title='bbox 1100 1034 1107 1376; x_wconf 91' lang='grc' dir='ltr'>Ι</span> 
     </span>
    </p>
   </div>
   <div class='ocr_carea' id='block_1_15' title="bbox 1100 2083 1104 2158">
    <p class='ocr_par' dir='ltr' id='par_1_15' title="bbox 1100 2083 1104 2158">
     <span class='ocr_line' id='line_1_135' title="bbox 1100 2083 1104 2158; baseline 0 0"><span class='ocrx_word' id='word_1_1186' title='bbox 1100 2083 1104 2158; x_wconf 95' lang='lat' dir='ltr'><strong> </strong></span> 
     </span>
    </p>
   </div>
   <div class='ocr_carea' id='block_1_16' title="bbox 1100 2161 1105 2290">
    <p class='ocr_par' dir='ltr' id='par_1_16' title="bbox 1100 2161 1105 2290">
     <span class='ocr_line' id='line_1_136' title="bbox 1100 2161 1105 2290; baseline 0 0"><span class='ocrx_word' id='word_1_1187' title='bbox 1100 2161 1105 2290; x_wconf 95' lang='lat' dir='ltr'><strong> </strong></span> 
     </span>
    </p>
   </div>
   <div class='ocr_carea' id='block_1_17' title="bbox 1100 2294 1104 2351">
    <p class='ocr_par' dir='ltr' id='par_1_17' title="bbox 1100 2294 1104 2351">
     <span class='ocr_line' id='line_1_137' title="bbox 1100 2294 1104 2351; baseline 0 0"><span class='ocrx_word' id='word_1_1188' title='bbox 1100 2294 1104 2351; x_wconf 74' lang='grc' dir='ltr'>Ι</span> 
     </span>
    </p>
   </div>
   <div class='ocr_carea' id='block_1_18' title="bbox 1099 2328 2103 2634">
    <p class='ocr_par' dir='ltr' id='par_1_18' title="bbox 1099 2328 2103 2634">
     <span class='ocr_line' id='line_1_138' title="bbox 1127 2328 2103 2359; baseline 0.001 -8"><span class='ocrx_word' id='word_1_1189' title='bbox 1127 2328 1251 2352; x_wconf 77' lang='lat' dir='ltr'><strong>criticium</strong></span> <span class='ocrx_word' id='word_1_1190' title='bbox 1268 2328 1394 2358; x_wconf 83' lang='lat' dir='ltr'><strong>iusticiae,</strong></span> <span class='ocrx_word' id='word_1_1191' title='bbox 1414 2332 1440 2352; x_wconf 91' lang='lat' dir='ltr'><strong>et</strong></span> <span class='ocrx_word' id='word_1_1192' title='bbox 1456 2333 1556 2359; x_wconf 85' lang='lat' dir='ltr'><strong>sperate</strong></span> <span class='ocrx_word' id='word_1_1193' title='bbox 1575 2329 1602 2352; x_wconf 90' lang='lat' dir='ltr'><strong>in</strong></span> <span class='ocrx_word' id='word_1_1194' title='bbox 1622 2328 1736 2352; x_wconf 87' lang='lat' dir='ltr'><strong>domino.</strong></span> <span class='ocrx_word' id='word_1_1195' title='bbox 1772 2328 1822 2351; x_wconf 83' lang='lat' dir='ltr'><strong>Hic</strong></span> <span class='ocrx_word' id='word_1_1196' title='bbox 1840 2334 1910 2359; x_wconf 90' lang='lat' dir='ltr'><strong>spem</strong></span> <span class='ocrx_word' id='word_1_1197' title='bbox 1929 2331 2006 2351; x_wconf 71' lang='lat' dir='ltr'><strong>vocat</strong></span> <span class='ocrx_word' id='word_1_1198' title='bbox 2022 2329 2103 2353; x_wconf 83' lang='lat' dir='ltr'><strong>sacri·</strong></span> 
     </span>
     <span class='ocr_line' id='line_1_139' title="bbox 1127 2361 2103 2394; baseline 0 -8"><span class='ocrx_word' id='word_1_1199' title='bbox 1127 2363 1214 2386; x_wconf 85' lang='lat' dir='ltr'><strong>ficium</strong></span> <span class='ocrx_word' id='word_1_1200' title='bbox 1241 2363 1348 2392; x_wconf 84' lang='lat' dir='ltr'><strong>iustum,</strong></span> <span class='ocrx_word' id='word_1_1201' title='bbox 1377 2366 1403 2386; x_wconf 89' lang='lat' dir='ltr'><strong>et</strong></span> <span class='ocrx_word' id='word_1_1202' title='bbox 1428 2367 1560 2394; x_wconf 88' lang='lat' dir='ltr'><strong>acceptum</strong></span> <span class='ocrx_word' id='word_1_1203' title='bbox 1583 2362 1654 2392; x_wconf 87' lang='lat' dir='ltr'><strong>Deo,</strong></span> <span class='ocrx_word' id='word_1_1204' title='bbox 1679 2362 1827 2393; x_wconf 83' lang='lat' dir='ltr'><strong>significans</strong></span> <span class='ocrx_word' id='word_1_1205' title='bbox 1852 2361 1949 2393; x_wconf 88' lang='lat' dir='ltr'><strong>reliqua</strong></span> <span class='ocrx_word' id='word_1_1206' title='bbox 1973 2362 2103 2387; x_wconf 79' lang='lat' dir='ltr'><strong>sacrificia</strong></span> 
     </span>
     <span class='ocr_line' id='line_1_140' title="bbox 1127 2396 2102 2428; baseline 0 -8"><span class='ocrx_word' id='word_1_1207' title='bbox 1127 2397 1253 2425; x_wconf 83' lang='lat' dir='ltr'><strong>victimas,</strong></span> <span class='ocrx_word' id='word_1_1208' title='bbox 1272 2401 1297 2420; x_wconf 84' lang='lat' dir='ltr'><strong>et</strong></span> <span class='ocrx_word' id='word_1_1209' title='bbox 1315 2396 1470 2426; x_wconf 79' lang='lat' dir='ltr'><strong>oblationes,</strong></span> <span class='ocrx_word' id='word_1_1210' title='bbox 1489 2401 1514 2420; x_wconf 87' lang='lat' dir='ltr'><strong>et</strong></span> <span class='ocrx_word' id='word_1_1211' title='bbox 1527 2398 1577 2420; x_wconf 85' lang='lat' dir='ltr'><strong>alia</strong></span> <span class='ocrx_word' id='word_1_1212' title='bbox 1595 2404 1675 2427; x_wconf 75' lang='lat' dir='ltr'><strong>opera</strong></span> <span class='ocrx_word' id='word_1_1213' title='bbox 1693 2404 1744 2420; x_wconf 84' lang='lat' dir='ltr'><strong>nnn</strong></span> <span class='ocrx_word' id='word_1_1214' title='bbox 1763 2403 1818 2420; x_wconf 82' lang='lat' dir='ltr'><strong>esse</strong></span> <span class='ocrx_word' id='word_1_1215' title='bbox 1837 2403 1868 2419; x_wconf 84' lang='lat' dir='ltr'><strong>ex</strong></span> <span class='ocrx_word' id='word_1_1216' title='bbox 1888 2403 1966 2427; x_wconf 85' lang='lat' dir='ltr'><strong>opere</strong></span> <span class='ocrx_word' id='word_1_1217' title='bbox 1984 2402 2102 2428; x_wconf 82' lang='lat' dir='ltr'><strong>operato,</strong></span> 
     </span>
     <span class='ocr_line' id='line_1_141' title="bbox 1126 2430 2102 2462; baseline 0.001 -8"><span class='ocrx_word' id='word_1_1218' title='bbox 1126 2434 1153 2455; x_wconf 84' lang='lat' dir='ltr'><strong>vt</strong></span> <span class='ocrx_word' id='word_1_1219' title='bbox 1169 2435 1272 2461; x_wconf 76' lang='lat' dir='ltr'><strong>vocant,</strong></span> <span class='ocrx_word' id='word_1_1220' title='bbox 1291 2431 1359 2454; x_wconf 82' lang='lat' dir='ltr'><strong>iusta</strong></span> <span class='ocrx_word' id='word_1_1221' title='bbox 1382 2431 1517 2455; x_wconf 77' lang='lat' dir='ltr'><strong>sacrificia.</strong></span> <span class='ocrx_word' id='word_1_1222' title='bbox 1554 2431 1643 2461; x_wconf 83' lang='lat' dir='ltr'><strong>Neque</strong></span> <span class='ocrx_word' id='word_1_1223' title='bbox 1669 2430 1734 2462; x_wconf 81' lang='lat' dir='ltr'><strong>(sol.</strong></span> <span class='ocrx_word' id='word_1_1224' title='bbox 1758 2431 1766 2453; x_wconf 94' lang='lat' dir='ltr'><strong>l</strong></span> <span class='ocrx_word' id='word_1_1225' title='bbox 1791 2431 1840 2460; x_wconf 74' lang='lat' dir='ltr'><strong>2b)</strong></span> <span class='ocrx_word' id='word_1_1226' title='bbox 1866 2430 1908 2454; x_wconf 82' lang='lat' dir='ltr'><strong>hic</strong></span> <span class='ocrx_word' id='word_1_1227' title='bbox 1932 2437 2039 2455; x_wconf 80' lang='lat' dir='ltr'><strong>necesse</strong></span> <span class='ocrx_word' id='word_1_1228' title='bbox 2063 2435 2102 2455; x_wconf 88' lang='lat' dir='ltr'><strong>est</strong></span> 
     </span>
     <span class='ocr_line' id='line_1_142' title="bbox 1126 2464 2101 2495; baseline 0 -6"><span class='ocrx_word' id='word_1_1229' title='bbox 1126 2473 1143 2489; x_wconf 85' lang='lat' dir='ltr'><strong>a</strong></span> <span class='ocrx_word' id='word_1_1230' title='bbox 1163 2465 1215 2489; x_wconf 81' lang='lat' dir='ltr'><strong>fide</strong></span> <span class='ocrx_word' id='word_1_1231' title='bbox 1238 2465 1363 2489; x_wconf 87' lang='lat' dir='ltr'><strong>diuellere</strong></span> <span class='ocrx_word' id='word_1_1232' title='bbox 1388 2465 1563 2489; x_wconf 86' lang='lat' dir='ltr'><strong>dilectionem.</strong></span> <span class='ocrx_word' id='word_1_1233' title='bbox 1601 2465 1653 2488; x_wconf 78' lang='lat' dir='ltr'><strong>Sed</strong></span> <span class='ocrx_word' id='word_1_1234' title='bbox 1677 2465 1802 2495; x_wconf 81' lang='lat' dir='ltr'><strong>scriptura</strong></span> <span class='ocrx_word' id='word_1_1235' title='bbox 1824 2464 1900 2488; x_wconf 83' lang='lat' dir='ltr'><strong>fidem</strong></span> <span class='ocrx_word' id='word_1_1236' title='bbox 1924 2466 2052 2494; x_wconf 76' lang='lat' dir='ltr'><strong>nominat,</strong></span> <span class='ocrx_word' id='word_1_1237' title='bbox 2075 2469 2101 2489; x_wconf 87' lang='lat' dir='ltr'><strong>et</strong></span> 
     </span>
     <span class='ocr_line' id='line_1_143' title="bbox 1125 2499 2099 2530; baseline 0 -7"><span class='ocrx_word' id='word_1_1238' title='bbox 1125 2500 1234 2530; x_wconf 84' lang='lat' dir='ltr'><strong>requirit</strong></span> <span class='ocrx_word' id='word_1_1239' title='bbox 1251 2507 1303 2523; x_wconf 87' lang='lat' dir='ltr'><strong>non</strong></span> <span class='ocrx_word' id='word_1_1240' title='bbox 1322 2499 1420 2529; x_wconf 83' lang='lat' dir='ltr'><strong>solum,</strong></span> <span class='ocrx_word' id='word_1_1241' title='bbox 1445 2500 1504 2530; x_wconf 85' lang='lat' dir='ltr'><strong>quia</strong></span> <span class='ocrx_word' id='word_1_1242' title='bbox 1529 2499 1618 2522; x_wconf 80' lang='lat' dir='ltr'><strong>melius</strong></span> <span class='ocrx_word' id='word_1_1243' title='bbox 1638 2499 1790 2529; x_wconf 84' lang='lat' dir='ltr'><strong>intelligitur</strong></span> <span class='ocrx_word' id='word_1_1244' title='bbox 1816 2500 1841 2523; x_wconf 90' lang='lat' dir='ltr'><strong>in</strong></span> <span class='ocrx_word' id='word_1_1245' title='bbox 1870 2499 2029 2529; x_wconf 80' lang='lat' dir='ltr'><strong>tentaeione,</strong></span> <span class='ocrx_word' id='word_1_1246' title='bbox 2054 2500 2099 2523; x_wconf 91' lang='lat' dir='ltr'><strong>sed</strong></span> 
     </span>
     <span class='ocr_line' id='line_1_144' title="bbox 1125 2533 2100 2565; baseline 0.001 -8"><span class='ocrx_word' id='word_1_1247' title='bbox 1125 2536 1187 2565; x_wconf 83' lang='lat' dir='ltr'><strong>quia</strong></span> <span class='ocrx_word' id='word_1_1248' title='bbox 1204 2535 1306 2565; x_wconf 90' lang='lat' dir='ltr'><strong>proprie</strong></span> <span class='ocrx_word' id='word_1_1249' title='bbox 1324 2533 1376 2557; x_wconf 84' lang='lat' dir='ltr'><strong>fide</strong></span> <span class='ocrx_word' id='word_1_1250' title='bbox 1395 2541 1425 2557; x_wconf 82' lang='lat' dir='ltr'><strong>ac</strong></span> <span class='ocrx_word' id='word_1_1251' title='bbox 1443 2541 1503 2564; x_wconf 84' lang='lat' dir='ltr'><strong>spe,</strong></span> <span class='ocrx_word' id='word_1_1252' title='bbox 1521 2540 1573 2557; x_wconf 90' lang='lat' dir='ltr'><strong>non</strong></span> <span class='ocrx_word' id='word_1_1253' title='bbox 1593 2533 1716 2562; x_wconf 83' lang='lat' dir='ltr'><strong>caritate,</strong></span> <span class='ocrx_word' id='word_1_1254' title='bbox 1736 2533 1858 2564; x_wconf 76' lang='lat' dir='ltr'><strong>petimus,</strong></span> <span class='ocrx_word' id='word_1_1255' title='bbox 1878 2538 2054 2565; x_wconf 83' lang='lat' dir='ltr'><strong>expectamus,</strong></span> <span class='ocrx_word' id='word_1_1256' title='bbox 2073 2538 2100 2558; x_wconf 80' lang='lat' dir='ltr'><strong>ct</strong></span> 
     </span>
     <span class='ocr_line' id='line_1_145' title="bbox 1100 2563 2098 2599; baseline -0.001 -7"><span class='ocrx_word' id='word_1_1257' title='bbox 1100 2563 1102 2581; x_wconf 79' lang='lat'>&#39;</span> <span class='ocrx_word' id='word_1_1258' title='bbox 1126 2568 1266 2599; x_wconf 78' lang='lat' dir='ltr'><strong>accipimus</strong></span> <span class='ocrx_word' id='word_1_1259' title='bbox 1285 2568 1354 2592; x_wconf 80' lang='lat' dir='ltr'><strong>bona</strong></span> <span class='ocrx_word' id='word_1_1260' title='bbox 1371 2575 1388 2591; x_wconf 77' lang='lat' dir='ltr'><strong>a</strong></span> <span class='ocrx_word' id='word_1_1261' title='bbox 1406 2567 1470 2591; x_wconf 82' lang='lat' dir='ltr'><strong>Deo.</strong></span> <span class='ocrx_word' id='word_1_1262' title='bbox 1508 2567 1581 2590; x_wconf 79' lang='lat' dir='ltr'><strong>Hunc</strong></span> <span class='ocrx_word' id='word_1_1263' title='bbox 1608 2571 1693 2591; x_wconf 84' lang='lat' dir='ltr'><strong>autem</strong></span> <span class='ocrx_word' id='word_1_1264' title='bbox 1716 2569 1811 2592; x_wconf 85' lang='lat' dir='ltr'><strong>cultum</strong></span> <span class='ocrx_word' id='word_1_1265' title='bbox 1830 2567 1902 2591; x_wconf 82' lang='lat' dir='ltr'><strong>Deus</strong></span> <span class='ocrx_word' id='word_1_1266' title='bbox 1926 2569 2036 2592; x_wconf 85' lang='lat' dir='ltr'><strong>maxime</strong></span> <span class='ocrx_word' id='word_1_1267' title='bbox 2060 2575 2098 2592; x_wconf 83' lang='lat' dir='ltr'><strong>rc-</strong></span> 
     </span>
     <span class='ocr_line' id='line_1_146' title="bbox 1099 2601 2100 2634; baseline 0 -8"><span class='ocrx_word' id='word_1_1268' title='bbox 1099 2604 1102 2617; x_wconf 82' lang='lat'>·</span> <span class='ocrx_word' id='word_1_1269' title='bbox 1125 2602 1211 2633; x_wconf 82' lang='lat' dir='ltr'><strong>quirit.</strong></span> <span class='ocrx_word' id='word_1_1270' title='bbox 1247 2601 1333 2631; x_wconf 83' lang='lat' dir='ltr'><strong>Quare</strong></span> <span class='ocrx_word' id='word_1_1271' title='bbox 1351 2601 1458 2633; x_wconf 84' lang='lat' dir='ltr'><strong>prodest</strong></span> <span class='ocrx_word' id='word_1_1272' title='bbox 1475 2601 1550 2625; x_wconf 81' lang='lat' dir='ltr'><strong>fidem</strong></span> <span class='ocrx_word' id='word_1_1273' title='bbox 1568 2601 1727 2633; x_wconf 83' lang='lat' dir='ltr'><strong>praedicare,</strong></span> <span class='ocrx_word' id='word_1_1274' title='bbox 1747 2606 1772 2626; x_wconf 93' lang='lat' dir='ltr'><strong>et</strong></span> <span class='ocrx_word' id='word_1_1275' title='bbox 1788 2602 1934 2632; x_wconf 80' lang='lat' dir='ltr'><strong>inculcare,</strong></span> <span class='ocrx_word' id='word_1_1276' title='bbox 1952 2606 1977 2626; x_wconf 85' lang='lat' dir='ltr'><strong>et</strong></span> <span class='ocrx_word' id='word_1_1277' title='bbox 1994 2606 2100 2634; x_wconf 79' lang='lat' dir='ltr'><strong>proptor</strong></span> 
     </span>
    </p>
   </div>
   <div class='ocr_carea' id='block_1_19' title="bbox 1861 2653 1895 2678">
    <p class='ocr_par' dir='ltr' id='par_1_19' title="bbox 1861 2653 1895 2678">
     <span class='ocr_line' id='line_1_147' title="bbox 1861 2653 1895 2678; baseline 0 0"><span class='ocrx_word' id='word_1_1278' title='bbox 1861 2653 1895 2678; x_wconf 77' lang='lat'><strong>³0</strong></span> 
     </span>
    </p>
   </div>
   <div class='ocr_carea' id='block_1_20' title="bbox 1099 2410 1103 2534">
    <p class='ocr_par' dir='ltr' id='par_1_20' title="bbox 1099 2410 1103 2534">
     <span class='ocr_line' id='line_1_148' title="bbox 1099 2410 1103 2489; baseline 0 0"><span class='ocrx_word' id='word_1_1279' title='bbox 1099 2410 1103 2489; x_wconf 57' lang='lat' dir='ltr'>fi</span> 
     </span>
     <span class='ocr_line' id='line_1_149' title="bbox 1100 2494 1103 2534; baseline 0 0"><span class='ocrx_word' id='word_1_1280' title='bbox 1100 2494 1103 2534; x_wconf 67' lang='grc' dir='ltr'>ε</span> 
     </span>
    </p>
   </div>
  </div>
 </body>
</html>
