2366 2958
166 195 232 227 62⁷

168 290 249 321 bant
272 285 398 319 cultum
421 285 505 318 Baal
536 285 569 317 in
592 282 712 321 lsrael,
740 282 775 314 ln
799 282 879 315 luda
901 284 1000 315 etiam
1022 282 1149 315 sacrifi-

170 333 289 363 cabant
323 331 355 361 in
390 329 486 361 lucis.
543 327 654 363 Quare
688 325 874 368 Prophetae
909 326 1062 358 damnata
1094 324 1151 356 illa

168 373 406 416 persuasione,
437 370 676 413 belligerantur
702 378 769 400 non
793 368 900 401 sol-um
926 379 998 401 cum
1022 367 1152 400 cultori-

170 419 232 449 bus
263 414 366 454 Baal,
401 415 462 445 sed
492 416 588 445 etiam
616 423 690 444 cum
719 411 795 453 alijs
818 412 1068 449 sacerdotibuS,
1097 411 1152 453 qui

170 458 334 491 sacrificia
362 468 381 489 a
404 457 479 488 Deo
509 456 660 487 ordinata
683 465 756 486 cum
786 453 843 485 illa
869 455 1023 496 opinione
1054 454 1154 495 impia

169 502 346 534 faciebant.
392 499 518 531 Verum
540 499 635 530 heret
657 498 689 529 in
713 498 835 529 mundo
858 497 942 530 haec
964 498 1152 540 persuasio,

169 552 202 577 et
214 545 343 576 herebit
362 553 505 583 semper,
525 542 613 583 quod
633 540 743 572 cultus
763 546 796 571 et
813 540 979 572 sacrificia
995 541 1060 571 sint
1078 550 1153 581 pro-

168 589 383 630 piciationes,
413 585 488 616 Non
517 583 627 615 ferunt
657 583 806 615 homines
836 584 991 616 carnales
1014 581 1077 614 soli
1100 593 1154 614 sa-

169 630 296 663 crificio
321 628 446 661 Christi
467 628 563 659 tribui
587 626 676 658 hunc
697 626 875 664 honorem,
898 626 988 668 quod
1010 627 1054 657 sit
1076 635 1151 667 pro-

168 673 320 715 piciatio,
355 672 430 713 quia
460 670 621 702 iusticiam
656 669 730 700 fidei
759 678 825 700 non
854 668 1058 711 intelligunt,
1092 667 1152 699 sed

169 725 285 758 parem
307 714 469 745 honorem
492 714 639 744 tribuunt
662 711 796 754 reliquis
827 711 972 744 cultibus
995 717 1028 743 et
1051 711 1152 742 sacri-

169 759 266 800 ficijs.
312 757 404 789 Sicut
428 757 525 798 igitur
548 757 579 787 in
604 755 683 787 luda
707 754 794 787 hesit
816 755 904 796 apud
926 755 1045 796 impios
1064 753 1150 785 Pon-

170 801 278 833 tifices
301 799 387 832 falsa
410 799 583 840 persuasio
608 799 650 829 de
673 798 861 839 sacrificijs,
884 798 969 830 sicut
992 798 1023 828 in
1047 794 1153 827 lsrael
1177 789 1181 835 1

170 844 322 876 Baalitici
347 841 455 874 cultus
477 843 688 874 durauerunt.
735 840 777 872 Et
800 847 908 872 tamen
932 846 1005 871 erat
1025 839 1069 870 ibi
1088 838 1151 869 Ec-

171 886 273 919 clesia
306 885 387 923 Dei,
423 896 507 927 quae
542 885 659 925 impios
695 883 802 915 cultus
833 883 1050 924 improbabat.
1103 881 1151 912 ita

116 965 124 973 ‚
170 930 265 962 heret
293 929 326 960 in
356 938 461 971 regno
492 926 666 959 Pontificio
704 926 815 958 cultus
845 924 1046 963 Bodincus,
1087 923 1152 955 hoc

171 980 240 1010 est,
274 973 401 1003 abusus
430 971 572 1008 Missae,
602 980 698 1011 quam
721 967 908 1010 applicant,
938 974 973 999 vt
996 977 1056 1009 per
1080 977 1152 998 eam

170 1021 360 1048 mereantur
373 1015 501 1045 iniustis
515 1013 741 1044 remissionem
755 1011 884 1053 cnlpae,
896 1016 927 1042 et
939 1020 1078 1052 poenae.
1111 1009 1153 1040 Et

169 1059 301 1090 videtur
323 1056 376 1089 hic
398 1056 581 1088 Baaliticus
606 1054 716 1087 cultus
740 1065 805 1085 vna
819 1064 893 1086 cum
916 1064 1020 1096 regno
1041 1052 1150 1084 Ponti-

169 1101 246 1133 ficio
270 1102 447 1132 duraturus
471 1109 565 1137 esse,
593 1099 700 1129 donec
729 1098 839 1129 veniet
863 1096 1017 1128 Christus
1040 1097 1082 1127 ad
1104 1096 1150 1127 iu-

171 1144 367 1180 dicandum,
401 1150 433 1173 et
464 1141 570 1183 gloria
605 1142 768 1172 aduentus
798 1140 849 1171 sui
873 1140 988 1181 perdet
1010 1149 1151 1181 regnum

169 1186 377 1219 Antichristi.
422 1185 554 1216 lnterim
573 1195 689 1216 omnes
713 1183 766 1225 qui
790 1193 871 1215 vere
889 1183 1027 1214 credunt
1044 1182 1152 1213 Euan-

171 1228 277 1273 gelio,
308 1229 428 1260 debent
455 1228 646 1269 improbare
674 1225 750 1258 illos
779 1226 898 1267 impios
923 1224 1032 1257 cultus
1056 1234 1153 1256 exco-

171 1274 295 1316 gitatos
337 1276 452 1304 contra
492 1270 679 1302 mandatum
709 1268 792 1308 Dei,
832 1269 875 1300 ad
908 1268 1154 1301 obscurandam

172 1315 312 1359 gloriam
335 1313 471 1352 Christi,
494 1320 526 1345 et
548 1313 709 1345 iusticiam
733 1311 819 1343 fidei.

258 1357 350 1389 Haec
373 1357 414 1388 de
431 1356 536 1387 Missa
555 1356 700 1387 breuiter
719 1355 870 1393 diximus,
893 1360 929 1385 vt
941 1363 1056 1386 omnes
1076 1352 1154 1385 boni

172 1401 233 1431 viri
257 1401 379 1442 vbique
404 1401 550 1442 gentium
574 1397 760 1441 intelligere
783 1403 918 1439 queant,
940 1407 1005 1428 nos
1026 1406 1154 1428 summo

171 1444 283 1475 studio
317 1444 506 1485 dignitatem
541 1442 666 1473 Missae
700 1441 801 1479 tueri,
847 1447 880 1471 et
912 1450 1025 1472 verum
1059 1448 1155 1471 vsum

172 1487 349 1518 ostendere
360 1493 392 1517 et
403 1486 604 1517 iustissimas
623 1484 747 1517 habere
766 1493 900 1522 causas,
918 1493 1021 1525 quare
1039 1483 1080 1514 ab
1100 1482 1154 1513 ad-

171 1530 333 1571 uersarijs
356 1529 604 1567 dissentiamus,
626 1528 678 1559 Ac
701 1525 854 1559 volumus
874 1526 1061 1558 admonitos
1080 1534 1157 1557 esse

173 1583 289 1604 omnes
314 1573 420 1604 bonos
443 1572 548 1609 viros,
572 1581 614 1603 ne
636 1571 793 1603 adiuuent
810 1569 1026 1602 aduersarios
1045 1566 1157 1601 dese-n-

173 1616 290 1648 dentes
319 1615 616 1657 prophanationem
647 1613 788 1652 Missae,
816 1622 858 1644 ne
881 1619 1021 1655 grauent
1044 1621 1082 1643 se
1104 1621 1157 1642 so-

174 1660 295 1690 cietate
324 1657 421 1689 alieni
455 1658 594 1699 peccati.
641 1657 765 1698 Magna
794 1666 913 1693 causa,
950 1664 1072 1697 magna
1101 1663 1157 1685 res

176 1708 241 1740 est,
263 1712 325 1733 nec
349 1699 485 1732 inferior
508 1699 566 1731 illo
596 1701 736 1743 negocio
760 1697 852 1730 Eliae
875 1697 1080 1739 Prophetae,
1104 1696 1158 1738 qui

177 1743 305 1777 cultum
329 1742 412 1775 Baal
440 1744 658 1784 improbabat.
710 1742 780 1774 Nos
809 1741 1055 1773 modestissime
1083 1750 1158 1771 cau-

178 1798 248 1819 sam
271 1793 394 1819 tantam
418 1787 668 1828 proposuimus,
697 1792 727 1817 et
753 1795 840 1816 nunc
867 1785 939 1815 sine
962 1781 1160 1815 contumelia

178 1831 421 1872 respondimus.
466 1830 562 1865 Quod
583 1830 610 1860 si
635 1828 873 1861 commouerint
887 1829 940 1865 ⁹⁴)
962 1836 1025 1858 nos
1043 1826 1160 1858 aduer-

179 1874 271 1915 sarij,
294 1880 329 1904 vt
351 1873 460 1904 omnia
482 1883 603 1915 genera
623 1873 785 1903 abusuum
805 1870 930 1902 Missae
950 1868 1161 1912 colligamuS‚

180 1927 246 1949 non
272 1922 336 1948 tam
359 1914 537 1947 clementer
560 1915 621 1947 erit
643 1915 774 1957 agenda
797 1923 910 1945 causa.

377 2043 440 2074 DF,
467 2043 618 2074 VOTlS
649 2041 972 2074 MONASTlClS.

270 2131 367 2172 Apud
399 2140 461 2161 nos
490 2130 520 2161 in
551 2130 671 2171 oppido
694 2128 870 2171 Tui-ingiae
902 2127 1039 2159 lsenaco
1062 2125 1164 2157 Fran-

183 2174 339 2205 cist-anus
391 2173 498 2204 uidam
533 2171 590 2204 fuit
624 2178 699 2203 ante
730 2182 836 2203 annos
867 2171 1016 2213 triginta,
1051 2169 1165 2201 lohan-

184 2227 245 2249 nes
262 2219 315 2254 Μ)
340 2216 378 2247 Ηί
395 2223 460 2249 ten.
475 2217 505 2251 ⁴¹)
529 2216 582 2257 qui
606 2226 626 2247 a
650 2226 711 2247 suo
734 2214 896 2246 sodalicio
920 2213 1089 2246 coniectus
1113 2216 1164 2243 est

189 2363 235 2393 94)
256 2363 454 2393 summouvrint]
476 2363 521 2386 Ed.
543 2365 581 2386 ⁴.:
602 2362 771 2385 conuenerint

188 2407 234 2435 95]
255 2405 394 2436 inlmnneq
415 2406 462 2429 Ed*
484 2407 521 2428 :5.:
544 2405 666 2429 iohanms

209 2449 235 2479 ‘)
256 2449 385 2472 lohannes
406 2447 513 2479 Hiltcm]
534 2447 577 2471 lm
597 2456 678 2470 numen
698 2447 761 2477 (sol.
782 2446 816 2471 Re
836 2447 864 2469 4·
885 2446 925 2469 em.
947 2446 1022 2474 ἔῐ.4.)
1044 2445 1164 2468 Lutho-

260 2491 309 2506 rns
336 2483 410 2507 rnbrr·
434 2483 513 2506 colar·
537 2482 675 2505 ..mmm-u
701 2485 721 2505 o!
745 2489 769 2504 m
795 2489 905 2512 mnrqnne
930 2480 988 2504 haee
1017 2480 1163 2513 mirer-spem

263 2519 351 2544 ,Ηιιηε
381 2520 462 2540 virum
491 2517 601 2540 arbitror
633 2516 715 2540 mnino
744 2517 829 2539 viuum
856 2520 898 2538 aut
922 2522 1009 2538 reeens
1039 2519 1166 2537 mortuum

260 2552 350 2579 (matr,
376 2560 430 2574 uum
456 2551 511 2581 Ego
536 2551 634 2575 laen-ri
667 2551 745 2574 litoris
776 2552 863 2581 primis
891 2550 1014 2573 erudirer.
1058 2548 1165 2572 Memini

259 2588 326 2610 enirn
346 2588 399 2609 rins
420 2586 511 2609 farum
531 2591 687 2609 mennon-*m
706 2586 737 2608 ab
756 2585 858 2615 howpite
877 2591 934 2607 mco
950 2584 1062 2608 ilenrico
1077 2583 1165 2606 Schul-

261 2622 319 2648 don,
338 2629 392 2644 rum
414 2623 589 2651 wmpmsiwvo
609 2622 680 2651 qumi
701 2621 778 2643 vinu-ti
800 2621 824 2643 iu
845 2627 947 2643 ferrern
985 2618 1061 2641 Eram
1081 2623 1165 2640 autom

263 2656 302 2678 ‚lb
341 2661 383 2678 ant
413 2658 462 2678 .14.
492 2663 572 2678 annos
602 2660 684 2678 natus.
733 2655 794 2677 itm
823 2659 906 2677 nutem
941 2655 1006 2677 idem
1041 2653 1166 2676 flenti-*ua
1191 2643 1195 2677 l

618 189 675 223 PH
683 189 736 222 112.
760 188 863 222 MEL.
885 188 1073 221 SCRlPTA
1094 188 1365 222 noc-MATch
1385 187 1443 220 ET
1465 187 1737 221 SYMBOLch.

2119 190 2186 224 628

1202 283 1235 314 in
1259 291 1446 320 carcerem,
1477 287 1656 323 propterea
1684 283 1773 324 quod
1802 283 1963 325 quosdam
1992 285 2184 317 notissimos

1203 326 1330 357 abusus
1353 323 1621 366 reprehenderat.
1667 324 1818 357 Vidimus
1845 327 1931 357 enim
1954 327 2026 358 eius
2048 327 2185 369 scripta,

1204 379 1245 400 ex
1269 368 1389 410 quibus
1413 367 1495 399 satis
1517 365 1654 409 intelligi
1676 373 1803 408 potest,
1832 367 1932 410 quale
1960 368 2059 401 suerit
2081 370 2185 411 ipsius

1204 411 1376 442 doctrinae
1409 420 1526 452 genus.
1582 409 1625 440 Et
1658 411 1712 452 qui
1745 417 1867 442 norunt
1895 421 1988 450 eum,
2023 418 2186 444 testantur

1205 454 1309 486 iuisse
1332 463 1445 484 senem
1468 452 1650 494 placidum,
1675 459 1708 484 et
1730 454 1802 485 sine
1824 455 2016 486 morositate
2039 465 2187 497 grauem.

1206 497 1237 527 ls
1261 495 1364 528 multa
1386 495 1548 537 praedixit
1570 505 1656 537 quae
1674 496 1792 537 partim
1813 503 1994 528 euenerunt
2012 496 2187 536 hactenus,

1205 540 1322 581 partim
1353 539 1416 570 iam
1440 538 1592 569 videntur
1614 538 1804 580 impendere
1831 549 1918 581 quae
1945 550 2012 571 non
2035 539 2187 572 volumus

1206 583 1366 619 recitare,
1401 582 1518 623 nequis
1551 581 1784 623 interpretetur
1812 591 1852 613 ea
1884 588 1940 614 aut
1972 584 2049 614 odio
2080 583 2188 615 cuius-

1207 635 1316 667 quam,
1338 630 1395 656 aut
1419 624 1450 655 in
1473 624 1610 666 gratiam
1633 623 1772 656 alicuius
1796 626 1934 656 narrari.
1969 625 2035 657 Sed
2057 631 2188 667 postre-

1207 678 1260 699 mo
1285 678 1358 699 cum
1389 665 1441 698 vel
1467 673 1604 709 propter
1626 673 1785 706 aetatem,
1814 667 1866 699 vel
1897 674 2031 710 propter
2052 667 2188 710 squalo-

1207 712 1346 749 rem⁹⁶)
1376 710 1520 741 carceris
1548 710 1580 740 in
1608 711 1760 742 morbum
1788 710 1978 749 incidisset,
2012 711 2190 743 accersiuit

1207 753 1249 784 ad
1280 762 1319 784 se
1353 753 1587 794 guardianum,
1616 758 1650 783 vt
1674 763 1766 784 suam
1797 751 2018 785 valetudinem
2040 752 2087 784 illi
2111 754 2189 785 indi-

1207 802 1311 834 caret,
1335 805 1476 837 cumque
1499 795 1701 837 guardianus
1724 806 1888 828 accensus
1907 796 1983 827 odio
1999 795 2190 828 Pharisaico

1208 839 1333 870 duriter
1353 839 1531 879 obiurgare
1549 839 1712 870 hominem
1732 845 1868 880 propter
1888 839 2060 870 doctrinae
2073 850 2192 882 genus,

1207 881 1296 923 quod
1320 880 1494 912 videbatur
1517 881 1653 912 officere
1676 880 1816 920 culinae,
1840 883 2019 922 coepisset,
2042 889 2109 914 tum
2127 882 2191 913 iste

1208 924 1333 955 omissa
1356 923 1419 953 iam
1439 924 1604 955 mentione
1622 922 1811 956 valitudinis
1827 926 1879 962 ⁹⁷)
1903 924 2124 966 ingemiscens
2143 925 2191 956 in-

1208 967 1288 1008 quit,
1313 975 1350 997 se
1372 965 1434 996 has
1457 966 1592 997 iniurias
1615 975 1720 1008 aequo
1744 969 1851 998 animo
1870 974 2006 1008 propter
2024 967 2192 999 Christum

1207 1008 1371 1047 tolerare,
1400 1018 1473 1039 curu
1506 1009 1637 1050 quidem
1662 1007 1741 1040 nihil
1763 1010 1952 1051 scripsisset
1978 1017 2033 1041 aut
2059 1011 2190 1042 docuis-

1208 1058 1259 1084 set
1290 1052 1378 1094 quod
1408 1050 1614 1083 labefactare
1640 1058 1761 1083 statum
1779 1051 2019 1084 Monachorum
2035 1055 2088 1090 ⁹⁸)
2111 1063 2191 1094 pos-

1208 1102 1276 1134 set,
1312 1100 1438 1126 tantum
1469 1100 1566 1126 notos
1598 1095 1758 1136 quosdam
1794 1096 1922 1126 abusus
1960 1095 2190 1136 reprehendis-

1207 1145 1269 1169 set.
1311 1137 1379 1169 Sed
1398 1136 1483 1169 alius
1506 1137 1650 1179 quidam,
1673 1137 1796 1179 inquit,
1819 1138 1927 1168 veniet
1949 1147 2036 1169 anno
2058 1136 2190 1168 Domini

1207 1181 1251 1213 M.
1267 1179 1311 1212 D.
1324 1179 1414 1211 XVI.
1425 1181 1479 1222 qui
1493 1180 1642 1212 destruet
1657 1190 1729 1218 vos,
1743 1190 1806 1212 nec
1819 1180 1970 1222 poteritis
1983 1181 2011 1212 ei
2023 1181 2192 1212 resistere.

1208 1224 1303 1256 Hanc
1331 1224 1437 1265 ipsam
1466 1224 1670 1255 sentenciam
1699 1224 1740 1254 de
1769 1223 1982 1255 inclinatione
2005 1224 2099 1265 regni
2123 1222 2192 1254 Mo-

1207 1266 1403 1304 nachorum,
1426 1272 1458 1298 et
1481 1267 1569 1298 hunc
1586 1277 1747 1298 annorum
1770 1276 1940 1298 numerum
1959 1273 2076 1308 postea
2095 1266 2192 1297 etiam

1209 1316 1405 1351 repererunt
1427 1309 1498 1341 eius
1521 1309 1615 1341 amici
1639 1309 1858 1351 perscriptum
1882 1309 1924 1340 ab
1949 1309 2021 1350 ipso
2045 1309 2077 1340 in
2106 1318 2194 1340 com-

1208 1353 1382 1393 mentarijs
1411 1353 1499 1391 suis,
1527 1353 1615 1383 inter
1638 1353 1876 1384 annotaciones
1906 1362 1990 1394 quas
2013 1351 2194 1394 reliquerat

1209 1396 1241 1427 in
1274 1401 1386 1428 certos
1414 1394 1510 1427 locos
1533 1393 1692 1426 Danielis.
1745 1395 1941 1438 Quanquam
1963 1401 2071 1427 autem
2092 1404 2194 1436 quan-

1209 1445 1277 1470 tum
1310 1438 1387 1470 huic
1427 1439 1501 1469 voci
1533 1438 1742 1470 tribuendum
1777 1439 1838 1477 sit,
1876 1444 2015 1469 euentus
2052 1437 2194 1473 docebit,

1210 1488 1319 1513 tamen
1351 1487 1463 1512 extant
1493 1479 1558 1512 alia
1586 1482 1701 1522 signa,
1736 1490 1822 1522 quae
1850 1482 2017 1512 minantur
2038 1481 2194 1513 mutacio—

1210 1535 1285 1556 nem
1319 1534 1424 1565 regno
1451 1523 1713 1560 Monachorum,
1744 1533 1811 1554 non
1834 1525 1940 1554 minus
1964 1529 2073 1563 certa,
2097 1533 2194 1565 quam

1211 1565 1357 1599 oracula.
1405 1566 1544 1597 Constat
1572 1567 1656 1596 enim
1681 1572 1836 1607 quantum
1860 1567 1901 1597 sit
1924 1566 1956 1596 in
1982 1564 2196 1607 Monasterijs

1210 1609 1437 1652 hyprocrisis,
1468 1609 1682 1646 ambicionis,
1705 1609 1886 1643 auariciae,
1911 1613 2033 1650 quanta
2055 1608 2197 1645 inscitia,

1212 1661 1244 1685 et
1267 1652 1486 1684 indoctissimi
1511 1653 1670 1693 cuiusque
1693 1651 1830 1689 seuicia,
1854 1656 1975 1693 quanta
2005 1652 2135 1683 vanitas
2164 1651 2197 1682 in

1212 1695 1444 1734 concionibus,
1479 1695 1510 1726 in
1544 1694 1775 1736 excogitandis
1805 1694 1946 1726 subinde
1976 1694 2072 1726 nouis
2096 1704 2197 1726 aucu-

1212 1739 1276 1781 pijs
1303 1739 1473 1780 pecuniae.
1532 1736 1573 1768 Et
1602 1744 1679 1768 sunt
1707 1737 1772 1769 alia
1800 1737 1886 1768 vicia
1909 1747 1994 1779 quae
2027 1747 2094 1769 non
2116 1736 2197 1768 libet

1214 1790 1486 1814 commemorare.
1540 1779 1690 1822 Cumque
1724 1779 1844 1812 fuerint
1868 1779 1944 1811 olim
1969 1779 2115 1812 Scholae
2140 1780 2197 1811 do-

1214 1825 1340 1857 ctrinae
1363 1823 1590 1861 Christianae,
1619 1833 1706 1855 nunc
1730 1823 2016 1865 degenerauerunt
2039 1821 2129 1855 velut
2155 1823 2197 1853 ab

1215 1878 1317 1899 aureo
1342 1877 1466 1910 genere
1489 1868 1520 1898 in
1545 1865 1707 1904 ferreum,
1737 1877 1797 1898 seu
1820 1872 1853 1897 vt
1876 1866 1982 1897 cubus
2004 1864 2198 1896 Platonicus

1215 1912 1247 1942 in
1271 1909 1374 1942 malas
1402 1909 1594 1941 harmonias
1618 1909 1814 1950 degenerat,
1848 1919 1931 1950 quas
1955 1907 2053 1940 Plato
2076 1908 2118 1938 ait
2143 1918 2199 1938 ex-

1215 1955 1306 1985 itium
1329 1953 1458 1984 afferre.
1506 1951 1784 1993 Locupletissima
1813 1961 1965 1993 quaeque
1994 1950 2200 1983 Monasteria

1216 2003 1342 2028 tantum
1365 1995 1456 2027 alunt
1480 1996 1627 2027 ociosam
1652 1996 1797 2032 turbam,
1820 2004 1905 2036 quae
1929 1994 1970 2024 ibi
1995 1992 2081 2025 salso
2104 2003 2198 2035 prae·

1217 2046 1310 2071 testu
1345 2038 1514 2082 religionis
1548 2037 1714 2069 helluatur
1747 2038 1789 2069 de
1820 2035 1963 2079 publicis
1997 2035 2199 2088 elemosynis

1218 2081 1402 2114 Ecclesiae.
1449 2081 1602 2113 Christus
1632 2087 1740 2112 nutem
1770 2081 1925 2112 admonet
1954 2079 1995 2111 de
2025 2078 2096 2111 sale
2124 2079 2200 2110 msi-

1219 2126 1308 2167 pido,
1344 2125 1432 2166 quod
1463 2123 1569 2155 soleat
1605 2123 1743 2161 effundi,
1775 2131 1807 2155 et
1843 2121 2041 2155 conculcari.
2088 2122 2201 2158 Quare

1216 2169 1279 2210 ipsi
1304 2168 1366 2199 sihi
1391 2166 1544 2198 Monachi
1569 2167 1620 2198 his
1646 2168 1793 2198 moribus
1818 2166 1884 2198 fatu
1909 2172 2041 2197 canunt.
2084 2165 2124 2197 Et
2147 2175 2200 2197 ac-

1219 2212 1305 2243 cedit
1329 2221 1416 2241 nunc
1439 2209 1528 2242 aliud
1553 2211 1694 2252 signum,
1717 2211 1804 2252 quod
1825 2209 1950 2252 passim
1971 2215 2107 2241 autores
2124 2214 2200 2240 sunt

1218 2253 1517 2286 interficiendorum
1538 2254 1699 2285 bonorum
1717 2254 1871 2285 virorum.
1905 2250 1974 2282 llas
1994 2252 2093 2284 cedes
2107 2250 2200 2283 Deus

1218 2297 1305 2329 haud
1329 2297 1427 2328 dubie
1458 2297 1548 2328 breui
1579 2296 1767 2328 vlciscetur.
1811 2296 1927 2337 Neque
1958 2305 2037 2326 vero
2060 2304 2200 2327 accusa·

1218 2351 1292 2372 mus
1316 2350 1443 2378 omnes,
1468 2341 1675 2372 Arbitramur
1699 2340 1785 2371 enim
1809 2339 1932 2381 passim
1954 2337 2084 2380 aliquos
2110 2336 2201 2369 viros

1288 2488 1420 2511 §chamon
1447 2488 1552 2511 intimus
1579 2488 1634 2510 istis
1659 2486 1804 2513 Min-uritis.
1829 2493 1894 2516 pene
1920 2486 2037 2516 captiuu-
2063 2490 2088 2508 ει
2111 2492 2201 2509 neruus

1289 2530 1377 2545 eornm
1399 2529 1454 2545 rum
1475 2526 1531 2544 tuta
1549 2521 1647 2545 famili·
1665 2523 1734 2544 sum·

1220 2565 1266 2592 96)
1287 2565 1447 2596 nqueloreml
1468 2564 1514 2589 Ed.
1535 2565 1558 2588 3.
1579 2569 1628 2597 ¹yp-
1650 2572 1712 2588 nn:
1731 2564 1879 2594 squalornm

1221 2608 1266 2634 97)
1288 2608 1449 2638 valitudinis}
1470 2608 1548 2632 Eam.
1571 2609 1594 2631 3.
1617 2610 1654 2631 cv:
1676 2607 1828 2630 valetudinis

1221 2652 1267 2680 9⁸)
1289 2651 1488 2682 Mon-clinnum]
1509 2651 1545 2674 Ed
1577 2654 1615 2676 §.z
1635 2649 1817 2673 uon-chunni
