2366 2958
190 185 254 216 607

190 284 262 319 pter
292 276 553 308 fornicationem.
599 276 698 314 item,
726 286 812 317 quae
840 281 953 307 vetant
980 273 1168 308 dissoluere

191 326 364 352 contracta
387 320 603 351 matrimonia.
639 317 764 350 Paulus
777 318 943 356 admonet,
955 328 1052 359 quem
1075 324 1167 350 auto-

191 374 259 394 rem
289 361 440 393 habitura
466 360 563 393 suerit
594 362 657 392 ista
687 360 758 398 lex,
788 371 862 391 cum
893 366 993 392 vocat
1016 370 1088 392 eam
1111 360 1166 392 do-

190 406 328 437 ctrinam
357 405 616 436 daemoniorum.
654 403 708 435 ,Εῑ
742 401 869 434 fructus
904 403 1048 434 indicant
1076 409 1168 434 auto—

190 459 270 486 rem,
294 454 339 479 tot
365 454 574 478 monstrosae
599 444 769 483 libidines,
792 451 841 476 tot
863 446 1058 487 parricidia,
1082 455 1167 487 quae

190 501 276 522 nunc
296 490 519 531 suscipiuntur
542 495 713 529 praetextu
737 487 824 519 illius
847 487 944 531 legis.

276 541 463 572 Secundum
481 545 710 582 argumentum
725 540 990 571 aduersariorum
1001 546 1064 577 est,
1078 539 1167 581 quod

190 584 382 616 sacerdotes
412 584 554 614 debeant
582 592 660 613 esse
685 582 812 620 numdi,
840 582 929 614 iuxta
958 580 1050 620 illud,
1072 581 1167 613 Mun·

189 627 319 664 damini,
344 627 397 667 qui
421 624 514 657 sertis
539 635 620 656 vasa
644 623 788 656 Domini.
834 624 875 656 Et
899 625 1000 656 citant
1024 625 1055 655 in
1078 623 1165 655 hanc

189 670 391 701 sentenciam
416 668 529 699 multa.
571 667 665 699 Hanc
689 668 846 699 rationem
871 678 967 709 quam
996 672 1165 698 ostentant

190 711 277 743 velut
301 712 439 742 maxime
461 711 653 750 ειῗπρὸςωπον
683 721 785 752 supra
805 709 967 741 diluimus.
1014 709 1164 740 Diximus

190 756 275 787 enim
311 754 528 795 virginitatem
561 753 634 784 sine
667 753 731 784 fide
765 763 830 784 non
860 763 936 783 esse
969 751 1164 783 mundiciem

191 808 302 830 eoram
326 796 410 828 Deo.
456 795 498 827 Et
520 796 708 838 coniugium
732 803 866 837 propter
890 795 986 825 fidem
1010 794 1164 825 mundum

190 851 278 876 esse,
302 841 391 871 iuxta
412 837 502 869 illud.
549 839 666 869 Omnia
690 839 809 869 munda
832 838 971 868 mundis.
1012 837 1164 867 Diximus

189 892 220 914 et
254 883 333 919 lioc⁷
370 888 524 913 externas
554 881 737 912 mundicias
772 887 803 911 et
839 879 1043 911 ceremonias
1078 879 1164 920 legis

189 936 255 957 non
279 935 355 956 esse
378 924 444 956 huc
468 923 733 961 transferendas,
765 924 839 964 quia
872 920 1087 964 Euangelium
1118 931 1165 952 re-

189 967 286 1010 quirit
314 968 508 998 mundieiem
539 968 668 1003 cordis,
697 977 764 997 non
794 965 929 1006 requirit
959 965 1165 996 ceremonias

188 1010 284 1052 legis.
319 1010 358 1041 Et
384 1010 452 1041 tieri
477 1015 598 1050 potest,
622 1017 655 1040 vt
675 1019 734 1039 cor
755 1009 862 1039 mariti
885 1005 975 1039 velut
992 1006 1164 1044 Abrahae,

189 1059 244 1085 aut
275 1054 391 1089 lacui),
421 1053 474 1094 qai
504 1051 633 1083 fuerunt
665 1051 850 1090 πολιὴιιμοι,
874 1051 1028 1082 mundius
1051 1050 1110 1088 sit,
1133 1055 1166 1080 et

188 1097 296 1127 minus
327 1096 443 1126 ardeat
472 1095 705 1135 cupiditatibus
737 1103 834 1135 quam
863 1091 1037 1124 multarum
1067 1092 1165 1133 virgi·

188 1150 275 1176 num,
298 1139 395 1169 etiam
420 1148 497 1168 vere
517 1137 762 1168 continentium.
809 1135 906 1172 Quod
936 1146 1017 1167 vero
1048 1134 1165 1166 Esaias

188 1183 244 1219 ait,
270 1180 469 1211 Mundamini
493 1181 547 1222 qni
571 1179 664 1211 sertis
687 1189 768 1210 vasa
781 1179 925 1216 Domini,
948 1177 1088 1220 intelligi
1111 1179 1166 1209 de-

191 1226 243 1255 bet
268 1224 493 1269 ‹le-mundicie
517 1223 639 1261 cordis,
664 1223 704 1253 de
724 1229 793 1253 tota
816 1221 1036 1263 poenitencia.
1083 1220 1166 1252 Cae·
1191 1229 1194 1250 τ

189 1275 293 1298 terum
318 1267 434 1298 sancti
457 1267 488 1297 in
513 1273 648 1297 externo
673 1275 747 1303 vsu,
772 1266 878 1296 scient
903 1271 1065 1306 quatenus
1088 1273 1166 1294 con·

189 1312 286 1341 ducat
322 1309 487 1340 moderari
521 1320 616 1340 vsum
652 1307 878 1350 coniugalem,
911 1314 942 1338 et
978 1313 1011 1338 vt
1042 1303 1194 1337 Paulus·

188 1353 250 1388 ait,
278 1351 457 1382 possidere
492 1362 573 1382 vasa
606 1352 637 1381 in
671 1350 945 1382 sanctificatione.
992 1348 1165 1380 Postremo

189 1406 263 1426 cum
287 1395 474 1436 coniugium
498 1396 540 1425 sit
563 1394 737 1432 mundum,
767 1399 858 1424 recte
881 1393 1000 1424 dicitur
1028 1391 1081 1422 liis
1111 1391 1166 1433 qui

188 1440 220 1469 in
245 1436 410 1469 coelibatu
434 1448 500 1468 non
531 1437 717 1474 continent,
747 1443 782 1468 vt
811 1436 933 1467 ducant
960 1444 1102 1472 vxores,
1132 1440 1166 1465 vt

189 1482 251 1512 sint
275 1481 396 1511 mundi.
443 1480 489 1510 lta
513 1481 629 1511 eadem
652 1478 725 1517 lex,
756 1479 959 1510 Mundamini
989 1477 1044 1519 qui
1074 1476 1166 1508 sertis

189 1534 269 1554 vasa
294 1523 440 1560 Domini,
464 1522 640 1563 praecipit,
665 1528 699 1552 vt
721 1522 876 1553 immundi
899 1519 1063 1558 coelibes,
1087 1520 1167 1551 {iant

189 1566 299 1598 mundi
322 1566 492 1606 coniuges.

273 1616 418 1647 Tertium
451 1623 679 1658 argumentum
713 1615 871 1647 horribile
905 1621 973 1652 est,
1007 1613 1097 1654 quod
1126 1613 1169 1644 sit

190 1660 338 1691 haeresis
375 1660 548 1694 louiniani,
583 1659 770 1700 coniugium
812 1658 1045 1694 sacerdotum,
1081 1657 1168 1687 bona

191 1704 303 1734 verba.
343 1702 473 1733 Nouum
497 1701 561 1732 hoc
585 1703 707 1733 crimen
727 1706 797 1738 est,
813 1702 857 1738 ⁶⁵)
880 1699 1067 1742 coniugium
1091 1709 1169 1730 esse

189 1746 355 1777 haeresin.
401 1745 558 1776 louiniani
594 1751 741 1785 tempore
775 1744 920 1774 nondum
955 1748 1051 1773 norat
1080 1753 1167 1773 inun-

190 1790 252 1820 dus
277 1787 382 1829 legem
405 1788 446 1818 de
467 1795 625 1828 perpetuo
649 1785 825 1817 coelibatu.
872 1785 1046 1827 impudens
1071 1785 1169 1826 igitur

190 1833 395 1862 mendacium
430 1839 498 1867 est,
533 1830 719 1871 coniugium
748 1829 980 1866 sacerdotum,
1010 1827 1168 1859 louiniani

189 1874 340 1905 haeresin
368 1883 460 1905 esse.
489 1879 544 1904 aut
573 1874 614 1903 ab
644 1870 795 1903 ,Ecclesia
824 1878 902 1902 tunc
924 1871 956 1902 id
980 1871 1168 1912 coniugium

189 1918 375 1948 damnatum
410 1926 496 1947 esse.
554 1915 589 1946 ln
624 1914 808 1946 huiusmodi
845 1913 928 1945 locis
969 1920 1021 1945 est
1054 1914 1168 1944 videre

189 1961 266 2001 qnid
290 1959 419 1998 consilij
444 1958 615 1990 imbuerint
638 1958 820 1997 adnersarij
845 1957 1067 1989 inscribenda
1091 1967 1168 1987 con-

190 2003 367 2033 sutaceione.
415 2002 641 2032 iudicauerunt
667 2002 709 2031 ita
734 1998 886 2031 facillime
918 2000 1040 2031 moueri
1070 2000 1169 2040 impe—

190 2047 283 2078 ritos.
309 2047 336 2075 si
362 2045 481 2075 meliro
507 2045 641 2075 audiant
667 2044 852 2075 conuicium
875 2043 1035 2080 haeresis,
1060 2043 1086 2073 si
1112 2043 1169 2073 iin-

189 2095 265 2129 gant
304 2095 449 2118 nostram
485 2098 619 2117 causam
649 2086 758 2117 inultis
786 2095 862 2117 ante
894 2085 1023 2127 iudicijs
1053 2085 1168 2116 Eccle-

189 2133 257 2162 siae
294 2131 484 2161 confossam
514 2137 546 2159 et
575 2131 762 2161 damnatam
792 2140 877 2160 esse.
931 2129 1043 2170 ltaque
1067 2140 1169 2170 saepe

191 2174 275 2205 sal-0
309 2173 456 2213 allegant
492 2172 663 2207 Ecclesiae
704 2173 866 2204 imlicinm.
924 2171 958 2202 ld
993 2172 1069 2213 quia
1104 2182 1169 2203 non

190 2219 354 2254 ignorant,
378 2215 535 2247 exhibere
560 2217 654 2246 nubi-
687 2214 872 2257 exrmplum
902 2213 1089 2257 Apologiae
1112 2226 1169 2246 no-

191 2260 339 2296 luerunt,
363 2270 403 2289 ne
427 2260 510 2290 baec
536 2259 681 2297 vanitas,
705 2270 745 2289 ne
770 2258 832 2289 hae
863 2257 1046 2290 calumniae
1077 2269 1170 2290 coar-

190 2304 244 2344 gui
270 2310 418 2344 possent.
465 2303 561 2337 Quod
587 2312 665 2333 vero
695 2302 735 2332 nd
767 2301 923 2332 louiniani
956 2312 1089 2333 causam
1123 2308 1170 2332 nt-

192 2347 286 2383 tinet,
321 2346 360 2376 ‹lt-
395 2343 571 2376 coilntione
602 2344 796 2386 virginitatis
826 2351 856 2375 et
891 2345 1034 2387 coniugij
1069 2355 1172 2386 supra

192 2389 343 2425 diximus,
366 2388 440 2429 qnid
466 2389 664 2419 seiicviauiius.
701 2387 774 2419 Non
795 2388 881 2418 enim
897 2398 1077 2429 aequamus
1091 2398 1170 2419 con-

193 2433 312 2472 iugium
339 2438 368 2461 ct
394 2432 624 2472 virginitatem,
641 2431 701 2461 etsi
726 2441 832 2473 neque
856 2431 1039 2484 virginitas,
1064 2440 1171 2472 neque

194 2475 381 2516 coniugium
411 2481 554 2505 merctur
582 2473 858 2505 iustificationem.
916 2473 1046 2505 ratibus
1078 2483 1171 2515 argu·

195 2639 241 2668 85)
261 2637 308 2669 Νι]
330 2646 354 2660 ιη
373 2638 420 2661 Ed.
441 2638 456 2661 3
486 2638 549 2660 dem

636 182 750 215 PmL.
773 180 879 215 MEL.
900 181 1090 215 SCRIPTA
1110 181 1379 215 DOGMATmA
1400 180 1457 214 ET
1477 180 1748 215 snmomca.

2131 184 2197 218 608

1221 277 1338 307 mentis
1361 283 1426 307 tam
1448 276 1558 314 vanis,
1580 274 1761 307 defendunt
1783 276 1892 319 legem
1913 277 2057 318 impiam,
2067 285 2102 310 et
2124 289 2196 320 per-

1220 319 1380 350 niciosam
1411 318 1506 349 bonis
1535 319 1694 350 moribus.
1738 317 1875 351 Talibus
1904 320 2096 352 racionibus
2126 331 2196 353 mu-

1219 361 1310 392 niunt
1333 359 1518 401 Principum
1540 361 1668 392 animos
1691 361 1857 394 aduersus
1880 362 2034 394 iudicium
2062 361 2139 402 Dei,
2160 363 2195 395 in

1219 413 1285 444 quo
1310 402 1402 434 Deus
1425 411 1580 444 reposcet
1603 403 1775 442 rationem,
1797 415 1858 437 cur
1870 405 2106 446 dissipauerint
2117 415 2195 437 eon-

1218 446 1319 488 iugia,
1343 455 1403 477 cur
1425 445 1666 483 cruciauerint,
1689 456 1748 477 cur
1775 445 2000 479 interfecerint
2031 447 2196 480 Sacerdo-

1219 494 1281 519 tes.
1325 486 1438 520 Nolite
1461 488 1546 519 enim
1568 488 1737 526 dubitare,
1765 489 1843 530 quin
1876 496 1912 521 vt
1939 491 2078 532 sanguis
2107 490 2196 523 Abel

1218 531 1337 562 mortui
1359 529 1536 568 clamabat,
1559 532 1604 562 ita
1626 529 1746 563 clamet
1760 534 1804 570 ⁶⁶)
1833 533 1932 564 etiam
1954 533 2091 574 sanguis
2113 533 2196 565 mul-

1189 569 1196 625 Ι
1218 580 1324 604 torum
1346 573 1508 605 bonorum
1538 575 1702 612 virorum,
1736 575 1767 605 in
1796 585 1881 615 quos
1907 575 2028 606 iniuste
2054 576 2195 608 seuitum

1218 621 1287 653 est,
1316 615 1357 647 Et
1386 615 1566 648 vlciscetur
1592 615 1680 648 hanc
1707 617 1866 649 seniciam
1892 615 2004 655 Deum,
2031 617 2079 649 lbi
2106 628 2196 650 com-

1218 659 1371 699 perietis,
1400 669 1498 700 quam
1526 660 1592 690 sint
1620 660 1736 690 inanes
1771 658 1835 691 hae
1862 660 2009 692 rationes
2037 661 2194 692 aduersa-

1218 701 1359 739 riorum,
1389 708 1422 732 et
1453 700 1645 744 intelligetis
1678 703 1710 733 in
1744 702 1866 734 iudicio
1898 701 1962 734 Dei
1995 701 2105 734 nullas
2139 713 2195 736 ca-

1219 742 1359 774 lumnias
1391 745 1554 776 aduersus
1584 745 1720 776 verbum
1750 744 1813 776 Dei
1842 746 2048 783 consistere,
2082 751 2118 777 vt
2149 747 2196 778 ait

1218 785 1347 824 Esaias,
1370 787 1485 818 Omnis
1509 797 1588 819 caro
1612 786 1762 824 foenum,
1793 792 1825 819 et
1850 788 1956 819 omnis
1984 787 2092 830 gloria
2122 789 2195 820 eius

1217 829 1313 869 quasi
1335 828 1400 860 ssos
1423 827 1521 861 foeni.
1566 829 1679 861 Nostri
1703 829 1894 871 Principes,
1924 831 2083 872 quidquid
2106 832 2194 863 acci·

1218 871 1319 908 derit,
1347 871 1515 904 consolari
1543 882 1580 904 se
1608 874 1812 904 conscientia
1839 880 2006 905 rectorum
2041 873 2194 906 consilio-

1218 923 1289 943 rum
1318 919 1488 954 poterunt‚
1522 915 1598 956 quia
1631 916 1728 946 etiam
1758 916 1785 946 si
1820 916 1897 957 quid
1928 917 2131 948 Sacerdotes
2161 917 2196 949 in

1219 956 1453 988 contrahendis
1484 958 1649 999 coniugijs
1682 956 1759 989 mali
1788 957 1964 997 fecissent,
1997 965 2107 990 tamen
2139 959 2196 991 illa

1191 1029 1195 1045 a
1218 998 1388 1039 dissipatio
1413 1000 1652 1041 coniugiorum,
1675 999 1751 1031 illae
1773 1002 2045 1042 proscriptiones»,
2064 1001 2120 1034 illa
2142 1013 2196 1034 se-

1190 1046 1195 1093 i
1219 1042 1304 1072 uicia
1327 1040 1501 1074 manifeste
1523 1043 1719 1074 aduersatur
1742 1042 1900 1074 voluntati
1925 1052 1958 1075 et
1988 1045 2094 1076 verbo
2121 1044 2195 1076 Dei.

1190 1098 1194 1109 ι
1218 1083 1290 1115 Nec
1318 1083 1461 1116 delectat
1493 1092 1628 1116 nostros
1662 1084 1834 1126 Principes
1863 1087 1992 1118 nouitas
2016 1097 2072 1118 aut
2101 1088 2196 1118 dissi-

1219 1127 1323 1161 dium,
1357 1128 1417 1158 sed
1452 1129 1558 1170 tnagis
1590 1125 1650 1159 suit
1687 1128 1840 1160 habenda
1874 1129 1958 1160 ratio
1992 1130 2086 1160 verbi
2121 1128 2197 1167 Dei,

1219 1170 1414 1210 praesertim
1438 1171 1468 1201 in
1493 1180 1596 1202 causa
1620 1180 1687 1201 non
1711 1171 1829 1209 dubia,
1859 1181 1956 1212 quam
1984 1170 2123 1203 aliarum
2146 1181 2198 1203 re-

1218 1223 1290 1244 l'unl
1308 1223 1459 1244 omniun!-

1190 1213 1195 1227 0

1191 1253 1194 1300 !

1191 1317 1195 1423 ξ
1583 1348 1646 1379 DE
1673 1348 1834 1380 MisSA.

1307 1441 1407 1473 [nicio
1426 1442 1491 1473 hoc
1514 1443 1630 1474 iterum
1653 1442 1868 1484 praefandum
1893 1450 1958 1482 est,
1980 1453 2042 1475 nos
2055 1454 2121 1476 non
2138 1445 2196 1476 ab·

1220 1485 1311 1517 olere
1330 1484 1481 1523 Missam,
1499 1486 1560 1516 sed
1583 1484 1742 1528 religiose
1771 1488 1912 1518 retinere
1934 1497 1975 1518 ac
2004 1485 2194 1519 defendere.

1221 1528 1317 1559 Fiunt
1330 1528 1414 1558 enim
1422 1529 1509 1569 apud
1519 1538 1581 1559 nos
1592 1528 1718 1560 Missae.
1727 1529 1867 1570 singulis
1879 1530 2065 1567 dominiciS,
2076 1536 2109 1562 et
2119 1528 2198 1572 alijs

1192 1568 1199 1866 Ι
1223 1571 1327 1608 testis,
1351 1571 1383 1601 in
1401 1571 1520 1612 quibus
1543 1571 1723 1613 porrigitur
1737 1579 1991 1605 sacramentum.
2013 1571 2065 1603 his
2077 1573 2132 1614 qui
2150 1573 2198 1604 vti

1223 1613 1350 1650 volunt,
1370 1620 1547 1654 postquam
1570 1621 1647 1645 sunt
1669 1613 1830 1654 explorati
1853 1621 1953 1656 atque
1964 1613 2121 1646 absoluti.
2156 1613 2200 1646 Et

1223 1663 1400 1688 seruantur
1419 1657 1558 1687 vsitatae
1577 1658 1786 1688 ceremoniae
1798 1656 1962 1697 publicae,
1982 1658 2065 1689 ordo
2084 1656 2199 1689 lectio·

1222 1711 1311 1737 num,
1334 1699 1530 1736 orationum,
1545 1700 1699 1737 vestitus,
1719 1706 1752 1731 et
1765 1699 1829 1731 alia
1842 1699 1971 1732 similia.
2002 1700 2197 1740 Aduersarij

1222 1743 1356 1784 longam
1379 1741 1651 1774 declamationem
1674 1743 1817 1781 habent,
1847 1743 1889 1774 de
1912 1753 1973 1775 vsu
1996 1741 2118 1775 latinae
2139 1742 2198 1775 lin-

1223 1796 1307 1828 guae
1330 1785 1363 1815 in
1388 1784 1504 1823 Missa,
1529 1787 1561 1817 in
1585 1795 1651 1826 qua
1669 1786 1818 1817 suauiter
1837 1787 2008 1827 ineptiunt,
2031 1786 2198 1827 quomodo

1223 1828 1326 1870 prosit
1349 1828 1489 1859 auditori
1512 1829 1647 1859 indocto
1682 1829 1714 1859 in
1744 1829 1808 1860 tide
1831 1828 2022 1863 Ecclesiae,
2058 1828 2197 1860 Missam

1223 1883 1288 1903 non
1309 1868 1509 1903 intellectam
1522 1871 1646 1908 audire,
1670 1870 1822 1903 videlicet
1842 1871 1970 1913 fingunt
1994 1873 2100 1912 ipsum
2111 1881 2198 1911 opus

1222 1914 1375 1946 audiendi
1399 1912 1521 1945 cultum
1545 1924 1624 1945 esse
1647 1920 1678 1945 et
1701 1914 1881 1955 prodesse,
1917 1916 1988 1945 sine
2016 1913 2197 1946 intellectu.

1223 1958 1315 1988 llaec
1339 1955 1493 1988 nolumus
1516 1957 1631 1988 odiose
1654 1958 1842 1998 exagitare,
1865 1957 1924 1988 sed
1948 1957 2069 1988 iudicio
2093 1955 2198 1989 lecto·

1222 2011 1293 2032 rum
1317 1998 1542 2041 relinquimus.
1575 1999 1712 2040 Nosque
1736 2000 1809 2031 ideo
1834 2009 2141 2036 commemoramus⁹
2165 2006 2199 2031 vt

1223 2043 1330 2075 obiter
1353 2042 1591 2074 admoneamus
1624 2049 1656 2073 et
1688 2043 1775 2084 apud
1805 2053 1868 2073 nos
1899 2043 2032 2073 retineri
2061 2041 2199 2074 Latinas

1223 2085 1383 2117 lectiones
1407 2092 1507 2126 atque
1529 2085 1708 2116 orationes.
1736 2085 1837 2117 .Cum
1860 2091 1971 2117 autem
1992 2086 2200 2117 ceremoniae

1223 2129 1365 2161 debeant
1388 2129 1570 2161 obseruari.
1595 2134 1662 2159 tum
1686 2135 1719 2159 vt
1741 2128 1870 2159 discant
1890 2126 2040 2159 homines
2053 2129 2201 2170 Scriptu—

1224 2182 1312 2209 ram,
1344 2177 1409 2202 tum
1435 2177 1466 2201 vt
1490 2172 1592 2202 verbo
1615 2171 1772 2202 admoniti
1803 2171 1990 2212 concipiant
2013 2171 2127 2208 tidem,
2163 2171 2201 2203 ti-

1223 2225 1365 2252 morem,
1398 2221 1496 2255 utque
1527 2215 1570 2245 ita
1598 2220 1692 2245 orent
1714 2216 1831 2252 etiam,
1861 2224 1936 2245 num
1960 2214 1991 2245 bi
2015 2220 2093 2246 sunt
2117 2214 2201 2246 fines

1225 2257 1494 2289 ceremoniarum.
1549 2257 1698 2288 Latinam
1732 2256 1877 2299 linguam
1911 2257 2092 2289 retinemus
2124 2267 2200 2299 pro-

1195 2264 1199 2333 Ι
1224 2308 1295 2342 pter
1319 2299 1381 2330 bos
1412 2300 1466 2340 qui
1498 2298 1598 2331 latine
1628 2300 1760 2331 discunt
1791 2306 1892 2341 atquo
1923 2298 2127 2341 intelligunt,
2160 2299 2202 2331 Et

1223 2342 1446 2374 admiscemus
1479 2343 1696 2374 Germanicas
1726 2344 1916 2380 cantiones,
1952 2348 1985 2373 vt
2019 2342 2138 2374 babeat
2168 2349 2203 2375 et

1224 2384 1376 2428 populus.
1398 2385 1485 2427 quod
1510 2386 1633 2420 discat,
1667 2392 1698 2417 et
1730 2396 1797 2427 quo
1819 2386 1940 2417 excitet
1965 2385 2081 2424 tidem,
2109 2392 2143 2417 et
2164 2386 2201 2417 ti·

1225 2439 1360 2461 morem.
1407 2430 1468 2460 llic
1496 2440 1568 2460 mos
1598 2439 1729 2470 semper
1758 2429 1789 2460 in
1814 2427 1978 2470 Ecclesijs
2002 2429 2072 2461 suit.
2117 2428 2201 2460 Nam

1225 2473 1287 2503 etsi
1320 2471 1405 2503 aliae
1440 2470 1662 2514 frequentius,
1694 2470 1779 2503 aliae
1811 2472 1919 2503 rarius
1954 2472 2202 2504 admiscuerunt

1225 2635 1271 2665 (38)
1293 2635 1396 2667 clamet}
1418 2636 1465 2659 Ed.
1487 2638 1521 2658 4.,
1544 2636 1636 2660 viam-t
