2366 2958
153 165 214 197 601
505 164 542 196 ΙΙ.

154 258 231 290 1(18ο
270 265 362 290 recte
403 259 448 290 ait
481 258 690 290 Ambrosius.

153 311 240 342 quae
262 302 394 332 suaderi
417 307 545 342 potest,
569 300 724 342 Imperari
747 310 813 331 non
836 305 963 341 potest,
987 309 1042 330 res
1064 309 1130 330 ma—

154 345 206 386 gis
230 344 309 379 voti,
332 353 431 383 quam
453 344 620 384 praecepti
645 350 705 375 est.
742 343 777 374 Si
801 344 874 384 quis
897 342 952 373 1118
973 342 1130 373 obiecerit

154 386 322 418 Christum
356 386 491 417 laudare
513 385 576 417 hos
599 387 652 427 qui
675 396 713 417 se
736 392 882 417 castrant
916 390 1052 426 propter
1081 394 1131 415 re-

155 439 255 471 gnum
279 427 467 466 coelorum,
502 430 529 459 is
558 429 623 460 hoc
647 438 778 470 quoque
802 427 1007 465 consideret,
1042 427 1132 468 quod

153 470 238 503 tales
263 470 377 502 laudat
406 471 460 513 qui
484 471 605 502 donum
629 471 847 502 continentiae
875 470 1009 501 habent.
1055 470 1131 500 ldeo

156 515 241 546 enim
272 514 470 552 addidit,⁵²‘)
501 513 565 550 Qui
598 520 709 555 potest
739 523 859 554 capere
889 513 1006 553 capiat.
1057 512 1132 542 Non

155 557 242 588 enim
266 555 375 596 placet
398 556 531 588 Christo
561 557 727 588 immunda
750 556 962 587 continentia.
1003 554 1132 585 Lauda-

153 609 226 630 mus
249 606 279 630 et
304 609 367 630 nos
390 609 504 631 veram
526 600 778 635 continenciam,
801 598 869 629 Sed
887 607 974 629 nunc
998 597 1038 628 de
1057 596 1132 638 lege

153 642 377 683 disputamus,
401 649 433 673 et
457 643 498 673 de
522 643 572 673 his
596 643 649 683 qui
675 651 740 672 non
762 640 885 671 habent
909 641 1029 671 donum
1055 650 1131 670 con-

152 685 318 715 tinentiae.
365 683 432 715 Res
455 685 596 716 debebat
619 683 758 724 relinqui
782 682 905 720 libera,
939 693 1006 713 non
1033 683 1129 714 debe-

153 727 234 758 bant
256 727 345 767 inijci
367 725 476 769 laquei
499 726 717 759 imbecillibus
738 736 798 766 per
818 724 904 756 hanc
926 724 1044 767 legem.

240 769 378 805 Quarto.
423 770 586 801 Dissentit
615 768 670 800 lex
693 767 865 799 Pontificia
888 774 921 799 et
944 778 963 798 a
989 767 1131 799 Canoni-

153 813 215 844 bus
239 811 464 844 conciliorum.
509 812 593 843 Nam
621 818 751 843 veteres
775 810 931 842 canones
961 820 1026 841 non
1059 821 1131 851 pro-

151 855 266 886 hibent
299 856 504 896 coniugium,
537 865 600 885 nec
634 859 805 885 contracta
836 854 988 895 coniugia
1011 852 1130 884 dissol-

152 904 254 936 uunt,
289 904 321 929 81
355 898 383 928 51
419 896 483 928 1105
512 898 567 939 qui
597 898 629 928 in
658 896 839 927 ministerio
881 902 1129 934 contraxerunt,

152 946 322 972 remouent
356 941 398 970 ab
433 940 728 970 administratione.
777 938 870 970 Haec
905 939 1018 970 missio
1057 939 1129 969 istis

151 983 355 1024 temporibus
379 981 529 1024 beneficij
553 981 630 1013 loco
653 988 741 1019 erat,
775 981 842 1013 Sed
872 982 950 1012 noui
973 980 1128 1012 Canones

152 1026 207 1067 qui
228 1035 295 1056 non
318 1031 394 1056 sunt
417 1026 448 1055 in
472 1025 620 1067 Synodis
644 1025 783 1062 conditi,
815 1025 875 1055 sed
899 1025 1027 1066 priuato
1053 1034 1129 1055 con-

152 1067 228 1099 silio
252 1067 447 1099 Pontificum
471 1067 566 1105 sacti,
592 1074 624 1098 et
645 1067 819 1107 prohibent
844 1066 1041 1098 contrahere
1063 1077 1130 1098 ma·

151 1111 314 1148 trimonia,
348 1116 379 1141 et
402 1116 573 1141 contracta
591 1109 788 1146 dissoluunt,
822 1110 924 1150 idque
943 1108 1050 1150 palam
1065 1115 1128 1147 est,

151 1152 222 1184 fieri
246 1158 362 1184 contra
385 1153 572 1184 mandatum
598 1152 730 1184 Christi.
766 1152 858 1187 Quos
877 1152 970 1184 Deus
995 1152 1129 1184 coniun-

150 1196 209 1233 xit,
234 1195 333 1226 homo
357 1205 423 1226 non
446 1203 590 1236 separet.
633 1195 825 1236 Aduersarij
851 1194 1074 1226 vociferantur
1097 1195 1128 1226 in

150 1236 404 1310 cqnsutacione,
433 1236 628 1269 coelibatum
657 1245 869 1278 praeceptum
899 1247 975 1269 esse
1002 1248 1022 1268 a
1051 1248 1130 1269 con-

150 1291 180 1312 81
197 1291 249 1322 ijs.

147 1366 210 1396 sed
239 1375 438 1396 accusamus
471 1364 563 1407 leges
593 1375 676 1407 quas
705 1371 781 1406 post
810 1372 943 1396 veteres
967 1365 1126 1407 Synodos

146 1406 287 1439 Romani
307 1407 487 1439 Pontifices
525 1414 642 1440 contra
678 1407 885 1439 autoritatem
915 1407 1127 1449 Synodorum

146 1450 375 1483 condiderunt.
419 1451 515 1481 Adeo
546 1450 727 1482 Pontifices
763 1455 977 1481 contemnunt.
1005 1450 1126 1482 autori-

293 1280 365 1311 Nos
410 1290 476 1311 non
500 1290 698 1312 accusamus
733 1281 865 1311 decreta
900 1279 1124 1312 conciliorum.
1152 1304 1155 1315 .

147 1322 232 1354 Nam
255 1323 338 1353 haec
369 1330 458 1354 certa
485 1324 673 1354 conditione
707 1324 895 1364 permittunt
929 1323 1127 1365 coniugium,
1152 1319 1156 1349 Ι
1181 1330 1273 1361 sent,
1302 1329 1368 1354 tuni
1399 1334 1478 1354 vero
1507 1324 1608 1355 miros
1632 1324 1815 1363 triumphos
1839 1330 1986 1365 agerent.

586 163 815 196 APOLOGlA
837 163 1155 196 CONFEsslole
1177 163 1493 198 AUGUSTANAE.
1539 164 1578 196 B.
1622 163 1811 196 ALTERA.

1150 1390 1155 1425 ¹

1151 1451 1155 1474 Ι

1151 1479 1154 1496 ο

2097 165 2160 196 602

742 256 823 290 Sola
861 257 1033 299 virginitas
1066 263 1129 294 est,
1155 261 1160 290 1
1183 263 1338 299 tanquam
1368 259 1621 296 demonstratio,
1650 267 1735 299 quae
1763 263 1862 299 cogat
1891 259 2086 290 sacerdotes
2118 259 2159 289 ad

1183 307 1375 340 perpetuum
1399 300 1608 338 coelibatum,
1634 311 1708 332 cuni
1732 301 1861 341 quidem
1885 301 1916 331 in
1948 302 2018 341 ipsa
2049 300 2160 331 simili—

1185 343 1294 373 tudine
1318 344 1504 384 coniugium
1530 343 1741 380 concedatur,
1760 349 1884 374 tantum
1899 344 2067 385 ministerij
2082 351 2160 374 teni-

1182 394 1264 425 pore
1289 386 1495 417 consuetudo
1523 386 1736 417 interdicitur.
1782 385 1822 416 Et
1852 384 1941 417 aliud
1975 393 2022 417 est
2054 397 2160 425 orare,

1183 425 1270 457 aliud
1295 428 1491 459 ministrare.
1538 429 1689 459 (lrabant
1720 429 1835 459 Sancti
1850 430 1894 466 Μ’)
1924 435 2001 459 tunc
2031 439 2160 470 quoque

1185 479 1258 500 cum
1280 479 1347 499 non
1371 472 1569 502 exercebant
1585 469 1750 511 publicum
1769 471 1994 509 ministerium,
2007 482 2069 502 nec
2084 481 2161 502 con-

1184 512 1324 543 suetudo
1348 522 1421 543 811111
1446 515 1587 554 coniuge
1614 512 1830 553 prohibebat,
1853 524 1894 544 ne
1918 520 2069 550 orarent,
2093 513 2160 544 Sed

1183 555 1460 595 respondebimus
1484 557 1598 587 ordine
1621 556 1663 586 ad
1686 555 1771 587 haec
1794 556 1958 598 figmenta.
2006 556 2160 594 Primum,

1182 597 1248 629 hoc
1272 595 1366 628 fateri
1389 608 1530 628 necesse
1553 604 1603 629 est
1627 599 1850 637 aduersarios,
1865 600 1952 641 quod
1974 599 2159 638 coniugium

1183 640 1226 670 sit
1248 640 1402 670 mundum
1426 641 1458 670 in
1483 641 1711 678 credentibus,
1741 642 1816 682 quia
1845 652 1895 673 851
1918 641 2159 673 sanctificatum

1184 683 1288 714 verbo
1322 682 1404 721 Dei,
1439 682 1504 713 hoc
1537 688 1604 721 est,
1635 689 1684 714 est
1713 694 1767 714 res
1797 683 1886 715 licita
1916 692 1945 715 ct
1976 685 2160 725 approbata

1184 726 1287 756 verbo
1311 725 1395 764 Dei,
1417 726 1503 757 sient
1525 726 1662 765 copiose
1685 730 1824 757 testatur
1849 727 2032 768 Scriptura.
2070 726 2160 758 Clu-i-

1184 774 1255 799 stus
1279 769 1363 799 enim
1386 775 1485 799 vocat
1510 769 1695 810 coniugium
1721 771 1984 801 commu-tionem
2006 770 2160 807 diuinam,

1185 821 1258 842 cum
1293 812 1348 842 ait.
1400 810 1494 846 Quos
1529 810 1622 842 Deus
1657 812 1832 842 coniunxit.
1886 812 1925 843 Et
1960 811 2083 843 Paulus
2119 813 2159 843 de

1185 854 1351 896 coniugio,
1377 854 1418 884 de
1443 855 1539 891 cibis,
1565 860 1596 886 et
1621 853 1782 885 similibus
1805 856 1905 886 rebus
1929 855 2041 896 inquit.
2077 854 2159 886 San-

1184 896 1369 928 ctificantur
1392 907 1450 937 per
1473 898 1610 928 verbum
1635 904 1665 927 et
1692 898 1890 935 orationem,
1914 897 1979 928 hoc
2004 905 2071 934 est,
2102 908 2160 938 per

1184 940 1342 977 verbum,
1366 950 1432 981 quo
1457 940 1657 970 conscientia
1682 938 1716 970 fit
1738 946 1845 978 certa,
1869 940 1956 980 quod
1982 940 2074 970 Dens
2104 951 2159 981 ap-

1183 983 1311 1023 probet,
1337 988 1367 1012 et
1389 993 1448 1023 per
1472 983 1666 1020 orationem,
1687 982 1752 1013 hoc
1775 990 1842 1020 est,
1866 992 1924 1023 per
1953 982 2048 1013 fidem
2073 994 2158 1023 quae

1184 1035 1256 1055 cnm
1285 1025 1463 1064 gratiarnm
1493 1025 1623 1056 actione
1650 1032 1804 1065 tanquam
1836 1027 1923 1056 dono
1951 1024 2015 1056 Dci
2049 1027 2158 1056 vtitur.

1182 1068 1261 1098 Item
1288 1068 1314 1097 l.
1339 1066 1485 1098 Corinth.
1510 1067 1565 1109 vij.
1596 1068 1830 1099 Sanctificatur
1852 1068 1901 1098 vir
1929 1067 2069 1099 infidelis
2101 1079 2159 1109 per

1182 1120 1318 1141 vxorem
1340 1108 1471 1141 fidelem
1496 1116 1558 1141 etc.
1583 1110 1613 1140 i‘l
1637 1118 1707 1147 est,
1733 1121 1813 1142 vsus
1838 1109 2022 1152 coniugalis
2050 1110 2158 1142 licitus

1182 1159 1214 1184 et
1233 1158 1371 1184 sanctus
1396 1158 1458 1191 cst,
1482 1159 1618 1193 propter
1640 1152 1735 1184 fidem
1760 1154 1791 1184 in
1815 1154 1993 1191 Christum,
2014 1155 2099 1185 sicut
2122 1152 2158 1184 li-

1182 1196 1281 1227 citum
1305 1201 1356 1226 est
1379 1195 1425 1226 vti
1454 1196 1528 1226 cibo
1553 1202 1617 1227 etc.
1664 1196 1742 1226 ltem
1772 1197 1799 1227 1.
1825 1196 1987 1227 Τ1111110111.
2012 1197 2042 1238 ij.
2088 1195 2158 1228 sal-

1180 1245 1278 1269 uatur
1293 1239 1337 1275 57)
1361 1237 1478 1268 111111181·
1500 1249 1560 1278 per
1583 1237 1722 1269 filiorum
1744 1239 1987 1279 generationem
2012 1246 2075 1270 ete.
2120 1239 2155 1270 Si

1182 1279 1279 1312 talem
1303 1279 1413 1312 locum
1436 1281 1617 1323 aduersarij
1643 1282 1682 1312 de
1707 1280 1873 1313 coelibatu
1902 1280 2051 1322 proferre
2081 1292 2158 1322 pos·

2033 1323 2156 1355 Paulus

1180 1367 1268 1403 dicit,
1291 1364 1416 1398 saluari
1436 1365 1605 1397 mulierem
1634 1376 1694 1408 per
1723 1366 1864 1398 filiorum
1897 1368 2155 1409 generationem.

1180 1409 1264 1444 Quid
1289 1409 1396 1449 potuit
1419 1409 1481 1440 dici
1507 1415 1621 1440 contra
1646 1409 1836 1451 hypocrisin
1852 1409 2036 1441 coelibatus
2053 1409 2156 1441 liono-

1179 1451 1362 1482 rificentius
1391 1462 1488 1493 quam
1517 1450 1684 1483 mulierem
1717 1451 1842 1483 saluari
1872 1453 1953 1493 ipsis
1978 1451 2156 1494 coniugali-

145 1498 246 1524 tatem
269 1493 496 1535 Synodorum,
526 1503 623 1534 quaxn
647 1492 722 1534 alijs
746 1491 861 1525 volunt
885 1493 988 1524 videri
1011 1503 1126 1525 sacro·
1150 1499 1155 1530 ἵ
1178 1495 1242 1524 bus
1265 1495 1441 1535 operibus,
1473 1505 1533 1525 vsu
1558 1493 1743 1536 coniugali,
1766 1495 1945 1536 pariendo,
1966 1502 1997 1527 81
2020 1494 2155 1536 reliquis

145 1541 306 1567 sanctam.
351 1534 490 1576 Propria
512 1535 613 1578 igitur
636 1543 688 1567 est
710 1535 794 1567 haec
822 1534 876 1566 lex
899 1535 940 1566 de
963 1541 1124 1577 perpetuo
1150 1533 1154 1571 ί
1179 1536 1413 1568 Oeconomicis
1443 1535 1587 1578 officijs?
1632 1538 1718 1572 Quid
1746 1544 1853 1568 autem
1882 1538 2040 1571 581111155)
2074 1537 2156 1569 Pau-

146 1576 323 1612 coelibatu,
365 1577 463 1610 huius
504 1588 611 1610 nouae
648 1577 840 1609 Pontificiae
883 1578 1125 1609 dominationis.
1150 1572 1154 1614 Ι
1178 1578 1254 1610 lus?
1299 1579 1422 1610 Lector
1446 1581 1603 1611 obseruet.
1625 1580 1701 1610 addi
1724 1580 1839 1618 fidem,
1870 1590 1934 1611 nec
1957 1579 2084 1612 laudari
2108 1580 2156 1612 os-

145 1620 264 1662 Neque
286 1621 318 1651 id
341 1621 402 1651 abs
425 1630 473 1651 re.
517 1619 639 1651 Daniel
661 1621 746 1652 enim
769 1620 880 1652 tribuit
903 1620 990 1652 hanc
1013 1626 1125 1652 notam

144 1673 250 1705 regno
274 1662 488 1700 Antichristi,
515 1661 670 1695 videlicet
693 1668 917 1704 contemptum
940 1663 1123 1694 mulierum.

232 1705 364 1741 Quinto.
409 1704 480 1736 Etsi
511 1707 693 1747 aduersarij
723 1715 790 1737 non
813 1704 993 1737 defendunt
1015 1706 1125 1748 legem

147 1747 400 1789 supersticionis
431 1757 551 1787 causa,
586 1758 662 1781 cum
683 1749 816 1780 videant
844 1759 909 1779 non
933 1747 1043 1780 solere
1066 1749 1123 1780 ob-

143 1792 283 1829 seruari,
306 1797 415 1822 tamen
434 1792 692 1832 supersticiosas
711 1791 884 1833 opiniones
897 1797 1023 1830 serunt,
1048 1792 1124 1822 dum

142 1839 340 1876 praetexunt
363 1832 565 1875 religionem.
606 1832 814 1865 coelibatum
836 1834 909 1865 ideo
932 1834 1125 1875 praedicant

142 1885 181 1908 se
203 1876 390 1917 requirere,
420 1877 508 1918 quod
530 1877 572 1907 sit
595 1877 788 1914 mundicies,
817 1877 912 1918 quasi
936 1877 1124 1919 coniugium

142 1919 187 1950 sit
208 1919 448 1957 immundicies,
469 1929 510 1951 ac
532 1926 716 1960 peccatum,
739 1925 794 1951 aut
818 1920 915 1961 quasi
939 1918 1123 1951 coelibatus

141 1963 249 2002 magis
275 1967 439 1993 mereatur
461 1962 728 1994 iustificationem
747 1972 844 2003 quam
864 1962 1061 2004 coniugium.
1074 1964 1119 1995 ⁵³)

140 2003 184 2035 Et
207 2003 273 2035 huc
295 2002 442 2045 allegant
470 2005 676 2036 ceremonias
703 2003 786 2044 legis
808 2004 997 2044 Mosaicae,
1031 2005 1122 2046 quod

141 2057 216 2078 cum
244 2047 277 2077 111
299 2045 393 2088 lege,
417 2052 565 2088 ternpore
596 2048 769 2089 ministerij
801 2047 997 2079 sacerdotes
1027 2058 1123 2089 sepa-

140 2090 208 2121 rati
231 2088 352 2121 suerint
366 2090 410 2127 ⁵⁴)
432 2090 474 2121 ab
499 2090 670 2128 vxoribus,
693 2090 726 2121 111
749 2100 836 2122 110110
855 2096 1054 2122 testamento
1072 2101 1124 2122 sa-

144 2132 342 2170 cerdos,⁶⁵)
367 2142 441 2163 cum
473 2142 603 2174 semper
634 2142 731 2164 orare
759 2133 896 2172 debeat,
911 2134 956 2171 ⁵⁵)
992 2143 1125 2175 semper

139 2175 259 2207 debeat
281 2175 461 2207 continere.
498 2175 589 2207 Haec
624 2176 736 2217 inepta
758 2174 934 2208 similitudo
957 2175 1124 2219 allegatur

142 2344 191 2377 52)
209 2345 332 2377 audiam]
350 2345 400 2370 Ed.
419 2347 460 2369 4.2
479 2346 552 2370 addit

143 2387 191 2419 5³)
210 2388 292 2418 magis
319 2392 450 2412 mereatur
479 2388 687 2412 iustificationem
722 2395 799 2420 quam
833 2389 1004 2422 coniugium]
1038 2389 1120 2415 Editt.

212 2422 304 2446 2—4.:
329 2427 457 2446 mereatur
486 2423 662 2447 remissionem
687 2427 851 2454 peecatorum
879 2428 904 2448 et
926 2424 1120 2449 reconciliatio-

212 2463 287 2485 nem,
306 2455 463 2488 Coniugium
487 2465 549 2481 uero
573 2464 625 2481 nou
648 2462 777 2482 mereatur
800 2458 977 2483 remissionem
1000 2463 1120 2491 peccato-

212 2497 269 2514 rum
288 2495 336 2515 etc.

142 2532 190 2564 ⁶4)
209 2531 317 2566 fuerint]
336 2532 384 2558 Ed.
404 2533 445 2557 8.:
464 2533 568 2559 fuerant

141 2574 190 2606 55)
208 2575 345 2634 timess-2¹:1¹,
368 2594 377 2601 .
392 2593 398 2600 .
421 2583 496 2600 orare
520 2576 633 2609 debean]
656 2577 706 2601 Ed.
733 2579 771 2602 4.:
797 2577 956 2608 sacerdotes,
985 2596 992 2602 .
1008 2596 1014 2602 .

230 2617 244 2633 θ
312 2615 330 2641 Ἠ

1043 2585 1119 2603 our·

1178 1622 1254 1653 ficia
1277 1621 1513 1660 oeconomica,
1536 1623 1607 1653 sine
1632 1622 1714 1660 fide,
1739 1624 1767 1654 si
1790 1624 1969 1654 manserint
1996 1623 2156 1664 1110111159)

1177 1666 1210 1695 in
1245 1664 1319 1696 fide.
1365 1664 1526 1706 Loquitur
1559 1665 1644 1696 enim
1674 1666 1714 1696 de
1749 1672 1818 1696 teto
1853 1676 1974 1707 genere
2006 1675 2156 1697 matrum.

1177 1706 1328 1749 Requirit
1350 1707 1450 1749 igitur
1472 1708 1650 1749 praecipue
1673 1708 1788 1747 fidem,
1817 1719 1881 1750 qua
1903 1708 2020 1740 mulier
2037 1710 2157 1750 accipit

1178 1750 1404 1781 remissionem
1427 1756 1640 1791 peccatorum
1664 1757 1696 1781 et
1718 1750 1991 1782 iustificationem.
2028 1751 2157 1783 Deinde

1178 1793 1267 1823 addit
1292 1799 1417 1824 certum
1440 1803 1527 1833 opus
1549 1794 1745 1831 vocationis,
1769 1795 1854 1825 sicut
1877 1794 1910 1824 in
1934 1793 2074 1836 singulis
2098 1794 2157 1826 ho·

1177 1836 1320 1867 minibus
1344 1835 1441 1866 iidem
1464 1837 1557 1876 sequi
1581 1837 1679 1867 debet
1703 1837 1823 1867 bonum
1853 1847 1936 1876 opus
1966 1844 2077 1868 certae
2102 1847 2155 1868 vo-

1177 1878 1327 1909 cationis.
1374 1878 1409 1908 ld
1436 1887 1520 1919 opus
1549 1877 1659 1920 placet
1688 1877 1762 1910 Deo
1790 1885 1925 1920 propter
1954 1879 2062 1911 fidem.
2107 1880 2156 1911 lta

1149 1910 1153 1948 i
1176 1920 1322 1952 mulieris
1342 1918 1453 1952 officia
1474 1919 1607 1960 placent
1627 1920 1701 1952 Deo
1724 1928 1860 1963 propter
1882 1921 1996 1959 fldem,
2027 1929 2059 1953 81
2089 1921 2155 1953 sal-

1176 1969 1273 1995 uatur
1295 1962 1413 1995 mulier
1441 1962 1548 1994 fidelis
1571 1974 1663 2005 ,quae
1691 1964 1723 1995 in
1752 1963 1875 1995 talibus
1903 1963 2026 2006 officijs
2054 1975 2155 1996 voca-

1177 2006 1275 2037 tionis
1317 2016 1398 2038 suae
1432 2006 1486 2048 pie
1520 2007 1632 2038 seruit.
1688 2006 1780 2038 Haec
1813 2008 2002 2039 testimonia
2035 2008 2155 2039 docent

1177 2049 1364 2090 coniugium
1393 2059 1463 2080 rem
1494 2047 1615 2080 licitam
1641 2059 1728 2080 esse.
1780 2049 1816 2080 Si
1845 2050 1945 2092 igitur
1973 2051 2155 2082 mundicies

1176 2091 1342 2134 significat
1365 2092 1398 2122 id
1421 2091 1509 2133 quod
1541 2102 1652 2123 coram
1683 2091 1757 2123 Deo
1785 2091 1908 2124 licitum
1935 2099 1967 2124 et
1995 2094 2155 2134 approba-

1175 2142 1243 2166 tum
1267 2141 1330 2173 est,
1354 2134 1516 2176 Coniugia
1533 2141 1611 2166 sunt
1627 2135 1760 2172 munda,
1781 2136 1855 2176 quia
1874 2142 1950 2166 sunt
1968 2136 2153 2177 approbata

1175 2178 1281 2209 verbo
1303 2176 1378 2209 Dei.
1415 2176 1458 2208 Et
1481 2176 1604 2209 Paulus
1628 2177 1685 2216 ait,
1707 2178 1749 2209 de
1770 2179 1870 2210 rebus
1893 2177 2001 2210 licitis.
2037 2178 2153 2210 Omnia

1175 2221 1297 2252 munda
1318 2220 1461 2258 mundis,
1483 2219 1549 2252 1108
1579 2226 1647 2258 851,
1673 2220 1726 2251 his
1753 2221 1808 2262 qui
1840 2221 1978 2253 credunt
2006 2220 2152 2259 Christo,

1175 2269 1208 2294 et
1240 2262 1306 2294 fide
1333 2263 1409 2294 111511
1436 2269 1524 2294 511111.
1568 2262 1681 2304 ltaque
1709 2270 1744 2294 vt
1777 2264 1950 2305 virginitas
1980 2264 2012 2294 in
2042 2264 2151 2305 impijs

1175 2311 1227 2337 est
1261 2306 1444 2344 immunda,
1477 2307 1523 2337 ita
1553 2307 1740 2347 coniugium
1768 2307 1800 2336 in
1829 2306 1892 2348 pijs
1923 2313 1975 2337 est
1997 2308 2151 2338 mundum

1174 2355 1310 2390 propter
1331 2349 1468 2380 verbum
1492 2347 1571 2387 Dei,
1594 2354 1625 2380 et
1649 2349 1755 2380 fidem.

1172 2485 1219 2517 56)
1239 2485 1340 2517 Sancti]
1358 2486 1406 2511 Ed.
1426 2486 1449 2510 2.
1473 2490 1523 2518 typ.
1544 2493 1607 2510 err-x
1627 2486 1693 2509 ancti

1171 2528 1217 2560 57)
1237 2527 1370 2560 saluatur]
1389 2529 1437 2553 Ed.
1457 2530 1494 2553 4.:
1514 2528 1636 2553 Saluetur

1171 2571 1218 2603 58)
1237 2570 1327 2603 nectit]
1347 2571 1396 2595 Ed.
1415 2573 1438 2596 4.
1457 2574 1506 2603 ‘yp-
1527 2579 1587 2595 ern:
1611 2571 1713 2594 uemutit

1171 2613 1219 2644 59)
1238 2613 1332 2646 iuquit]
1351 2613 1399 2637 Ed.
1420 2613 1458 2637 3.:
1479 2612 1590 2645 (iuquit)
