2366 2958
19 2128 21 2130 ’
67 2116 143 2159 lege
176 2118 327 2149 timemus
355 2116 476 2156 Deum,
510 2129 550 2150 ex
579 2118 645 2150 fide
674 2129 847 2161 speramus
870 2123 902 2153 in
926 2121 1047 2160 Deum,

72 162 137 195 445
236 162 240 163 ⁷
417 160 455 194 ll.
501 161 730 194 APOLOGIA
753 160 1067 194 CONFESSIONIS
1092 161 1407 194 AUGUSTANAE.
1453 160 1492 192 B.
1539 159 1730 193 ALTERA.
2016 160 2082 193 446

72 255 149 298 quia
171 253 248 287 alibi
266 253 391 296 legem,
414 253 492 285 alibi
515 255 755 296 promissiones
779 255 820 286 de
842 253 993 291 Christo,
1019 260 1052 285 et
1075 270 1077 294 3
1187 253 1343 286 Profecto
1366 255 1482 286 mirum
1506 260 1557 286 est
1579 253 1791 285 aduersarios
1820 260 1869 284 tot
1892 252 1973 285 locis
1997 255 2079 286 scri-

72 299 116 330 de
132 298 329 329 remissione
352 302 586 338 peccatorum,
615 303 647 328 et
670 298 711 328 de
734 297 876 338 gratuita
898 302 1051 336 accepta-
1075 304 1078 330 ι
1102 302 1218 336 pturae
1240 296 1320 327 nihil
1345 299 1488 333 moueri,
1513 307 1598 338 quae
1621 302 1735 337 aperte
1758 296 1902 327 tribuunt
1927 296 2080 328 iustifica-

71 341 163 372 tione
190 346 325 382 propter
348 339 515 371 Christum
544 341 653 371 tradit.
704 339 824 370 Extant
848 345 881 370 et
903 339 991 379 apud
1014 338 1050 369 S.
1075 334 1078 367 Ι
1101 338 1221 369 tionem
1251 339 1339 376 fidei,
1370 346 1401 370 et
1429 341 1557 380 quidem
1583 338 1756 370 detrahunt
1780 339 1948 379 operibus.
1993 339 2080 370 Num

72 383 192 415 Patres
216 383 358 424 sparsim
376 382 492 413 similia
517 382 711 413 testimonia.
745 381 942 413 Ambrosius
966 381 1050 411 enim
1075 369 1079 409 Ι
1102 380 1226 411 frustra
1256 382 1442 412 existimant
1477 383 1575 412 toties
1606 382 1690 412 idem
1720 381 1845 422 repeti?
1888 381 1973 412 Num
1997 382 2082 412 arbi·

72 426 177 467 inquit
206 426 238 456 in
262 423 411 466 Epistola
438 424 480 454 ad
503 424 650 456 lreneum
675 424 846 465 quendam.
891 423 1051 455 Subditus
1075 412 1079 432 Ι
1102 428 1230 453 trantur
1252 424 1418 454 excidisse
1441 425 1566 464 spiritui
1591 430 1708 455 sancto
1729 434 1793 454 novi
1812 424 2082 455 animaduertenti

73 474 182 500 nutem
217 468 356 499 mundus
383 477 423 498 eo
454 476 512 507 per
546 465 653 508 legem
676 467 784 498 factus
813 473 880 500 est,
911 466 986 506 quia
1010 475 1051 495 ex
1075 434 1079 508 Ι
1103 463 1164 495 has
1202 465 1329 496 voces?
1391 465 1456 496 Sed
1492 467 1764 507 excogitauerunt
1798 467 1892 497 etiam
1927 465 2080 498 cauillum

72 510 282 551 praescripto
304 508 389 550 legis
414 518 529 540 omnes
553 511 807 545 conueniuntur,
830 514 862 539 et
885 517 925 539 ex
946 508 1051 549 operi·
1075 511 1080 551 Ι
1103 517 1169 548 quo
1193 506 1348 544 eludunt,
1371 508 1481 538 dicunt
1506 509 1546 539 de
1570 509 1634 540 fide
1657 508 1795 539 formata
1819 509 1925 550 accipi
1950 510 2082 546 debere,

74 553 138 584 bus
161 551 245 594 legis
268 561 365 582 nemo
388 552 595 590 instit-icatur,
620 552 654 582 id
677 557 739 588 est,
762 551 837 591 quia
859 560 918 590 per
943 549 1051 591 legem
1103 550 1169 581 hoc
1192 556 1254 587 est,
1278 560 1345 580 non
1368 550 1513 581 tribuunt
1537 550 1611 582 fidei
1631 548 1903 588 iustificationem,
1926 552 1988 582 nisi
2006 561 2083 592 pro-

73 600 247 634 peccatum
281 595 516 635 cognoscitur,
550 595 610 625 sed
641 592 738 634 culpa
771 603 837 623 non
871 591 1052 624 relaxatur.
1103 598 1177 634 pter
1199 590 1417 630 dilectionem,
1441 593 1505 623 imo
1529 604 1666 633 prorsus
1690 604 1754 623 non
1779 595 1923 625 tribuunt
1941 594 2018 625 fidei
2037 595 2083 625 iu·

73 636 258 668 Videbatur
280 635 335 668 lex
356 637 524 673 nocuisse,
548 646 633 677 quae
651 645 766 667 omnes
791 635 917 666 fecerat
937 645 1053 675 pecca·
1104 634 1353 671 stificationem,
1378 636 1437 665 sed
1460 641 1584 666 tantum
1610 635 1792 666 dilectioni.
1817 637 1893 677 quia
1919 637 2083 667 somniant

71 685 184 717 tores,
208 679 269 711 sed
294 679 429 710 veniens
453 679 614 710 Dominus
640 678 733 708 lesus
756 683 928 718 peccatum
952 678 1053 708 omni·
1076 670 1080 715 Ι
1105 677 1202 708 iidem
1226 687 1328 717 posse
1351 683 1441 708 stare
1464 688 1536 708 cum
1568 685 1704 718 peccato
1729 678 1870 709 mortali.
1917 680 2083 714 Quorsum

75 722 138 752 bus
165 722 253 762 quod
281 731 379 752 nemo
401 727 531 762 poterat
553 721 696 754 euitare,
720 720 865 757 donauit,
889 727 921 751 et
946 719 1053 751 chiro·
1077 719 1080 748 Ι
1104 719 1169 750 hoc
1192 722 1344 760 pertinet,
1367 720 1428 750 nisi
1448 727 1482 751 vt
1505 721 1757 760 promissionem
1782 722 1897 752 itemm
1917 720 2083 759 aboleant,

79 763 240 805 graphurn
253 770 403 795 nostrum
415 764 465 794 sui
475 763 645 805 sanguinis
665 762 825 793 effusione
838 762 967 793 deleuit.
982 763 1054 793 Hoc
1105 768 1135 793 et
1161 763 1297 793 redeant
1320 764 1361 793 ad
1385 763 1504 806 legem.
1552 762 1585 793 Si
1611 763 1693 794 tides
1718 765 1836 804 accipit
1857 766 2084 795 remissionem

78 812 141 843 est,
153 807 241 847 quod
254 807 308 837 ait.
333 806 525 837 Abundauit
537 811 710 846 peccatum
722 815 781 845 per
793 804 914 846 legem,
929 805 1053 846 Super·
1104 812 1317 845 peccatorum
1351 812 1488 846 propter
1521 804 1749 837 dilectionem.
1785 816 1915 847 semper
1943 808 2003 838 erit
2037 808 2084 838 in-

77 849 258 880 abundauit
275 855 382 880 autem
401 848 508 889 gratia
530 857 590 888 per
609 848 726 879 lesum.
773 847 855 882 Quia
879 854 1053 888 postquam
1106 854 1196 878 certa
1216 849 1367 878 remissio
1391 855 1617 889 peccatorum,
1640 850 1716 889 quia
1739 859 1902 889 nunquam
1922 848 2084 891 diligimus

76 896 167 922 totus
189 891 330 922 mundus
353 890 504 921 subditus
522 890 630 921 sactus
650 895 712 927 est,
735 891 834 921 totius
849 891 959 921 mundi
979 899 1054 931 pec—
1105 896 1229 921 tantum
1253 897 1408 931 quantum
1434 891 1608 921 debemus.
1639 891 1703 921 imo
1727 901 1792 921 non
1818 891 1998 932 diligimus,
2022 893 2084 923 nisi

77 939 185 964 carum
203 931 350 970 abstulit,
368 933 455 963 sicut
473 933 667 964 testificatus
684 939 736 963 est
750 932 914 964 lohannes
928 934 1052 963 dicens.
1106 938 1198 964 certo
1221 938 1368 964 statuant
1392 934 1505 969 corda,
1535 934 1621 974 quod
1645 934 1765 964 donata
1789 934 1829 964 sit
1854 935 1950 964 nohis
1974 935 2085 965 remis-

75 975 165 1007 Ecce
186 984 294 1017 agnus
316 974 391 1012 Dei,
414 984 494 1006 ecce
517 976 571 1016 qui
595 974 680 1006 tollit
701 982 872 1015 peccatum
888 977 940 1013 ⁶⁶)
964 985 1055 1006 mun-
1077 973 1083 1036 Ι
1107 976 1157 1005 sio
1182 981 1403 1014 peccatorum.
1436 976 1481 1006 lta
1507 976 1688 1017 aduersarii
1714 977 1789 1007 dum
1811 977 1980 1017 requirunt
2004 977 2084 1008 fidu-

75 1018 118 1049 di.
166 1017 205 1048 Et
237 1018 310 1049 ideo
334 1027 430 1048 nemo
456 1016 617 1057 glorietur
639 1018 671 1047 in
695 1018 870 1057 operibus,
902 1018 977 1058 quia
999 1027 1054 1049 ne·
1107 1018 1189 1048 ciam
1213 1018 1367 1058 propriae
1383 1020 1436 1053 ⁶7)
1461 1017 1645 1049 dilectioni-
1670 1020 1700 1049 in
1715 1019 1910 1050 remissione
1930 1025 2084 1060 peccato-

74 1069 130 1091 mo
152 1059 251 1091 sactis
274 1061 344 1091 suis
366 1060 571 1091 iustificatur.
620 1060 686 1091 Sed
711 1061 764 1101 qui
788 1061 895 1091 iustus
919 1067 980 1097 est,
999 1060 1055 1091 do·
1078 1045 1082 1106 Ι
1107 1070 1177 1091 rum
1199 1067 1230 1090 et
1254 1060 1495 1098 iustificatione,
1510 1060 1725 1102 Euangelium
1745 1062 1785 1092 de
1809 1062 1948 1102 gratuita
1972 1063 2085 1093 remis-

74 1108 187 1133 natum
216 1102 333 1139 habet,
367 1102 441 1142 quia
475 1110 553 1142 post
581 1101 750 1133 laum-rum
772 1102 968 1133 iustificatus
993 1109 1053 1133 est.
1078 1110 1082 1162 Ι
1106 1103 1200 1133 sione
1228 1109 1439 1143 peccatorum
1464 1113 1603 1144 prorsus
1634 1104 1786 1141 abolent,
1811 1115 1884 1135 cum
1908 1112 2014 1135 tamen
2039 1105 2084 1136 di·

74 1144 176 1175 Fides
198 1154 280 1186 ergo
303 1150 366 1181 est,
384 1155 468 1185 quae
490 1143 609 1175 liberat
630 1155 687 1184 per
707 1146 902 1186 sanguinem
921 1145 1056 1183 Christi,
1079 1165 1082 1188 5
1106 1144 1280 1177 lectionem
1304 1144 1393 1177 illam
1416 1156 1523 1186 neque
1546 1152 1733 1185 praestent,
1758 1157 1864 1188 neque
1891 1146 2084 1189 intelligant,

76 1187 152 1227 quia
176 1187 293 1218 beatus
322 1185 377 1217 ille
402 1187 454 1218 cui
482 1193 655 1227 peccatum
679 1188 869 1225 remittitur,
904 1194 936 1218 et
957 1188 1054 1218 venia
1106 1189 1168 1219 nisi
1192 1188 1328 1218 credant
1354 1190 1457 1230 gratis
1481 1189 1586 1229 accipi
1612 1190 1837 1220 remissionem
1861 1197 2084 1230 peccatorum.

76 1230 230 1260 donatur.
276 1229 369 1260 Haec
391 1235 468 1260 sunt
491 1229 659 1270 Ambrosij
683 1230 803 1267 verba,
831 1239 916 1271 quae
939 1236 1055 1271 aperte
1079 1197 1083 1261 Ι
1191 1230 1263 1260 Nos
1298 1241 1430 1272 quoque
1454 1232 1610 1269 dicimus,
1643 1232 1730 1273 quod
1760 1231 1891 1263 dilectio
1916 1232 2010 1264 fidem
2036 1243 2084 1264 se-

73 1272 326 1312 patrocinantur
347 1276 482 1302 nostrae
504 1273 705 1310 sentenciae,
736 1271 875 1303 detrahit
900 1274 1054 1313 operibus
1079 1272 1083 1317 Ι
1107 1273 1161 1314 qui
1197 1273 1332 1311 debeat,
1369 1275 1454 1305 sicut
1483 1279 1513 1304 et
1542 1273 1664 1305 Paulus
1692 1275 1753 1312 ait,
1788 1275 1821 1305 ln
1854 1274 1984 1306 Christo
2010 1275 2084 1307 lesu

74 1312 360 1350 tristificationem,
393 1319 426 1344 et
455 1314 568 1345 tribuit
602 1314 694 1352 fidei,
728 1314 815 1355 quod
850 1313 967 1346 liberet
996 1325 1056 1355 per
1080 1319 1083 1348 i
1106 1325 1214 1356 neque
1237 1316 1444 1347 circumcisio
1467 1314 1591 1357 aliquid
1615 1316 1714 1354 valet,
1738 1327 1844 1359 neque
1862 1319 2084 1358 praepucium,

74 1355 270 1396 sanguinem
292 1354 426 1386 Christi.
471 1355 694 1387 Conferantur
722 1357 755 1387 in
779 1367 875 1388 vnum
900 1367 1054 1389 aceruum
1078 1358 1082 1458 Ι
1106 1359 1167 1389 sed
1202 1357 1282 1388 tides
1313 1368 1372 1399 per
1402 1357 1609 1390 dilectionem
1645 1358 1774 1390 efficax.
1827 1360 1941 1402 Neque
1975 1366 2084 1392 tamen

74 1397 294 1439 Sentenciarij
319 1407 446 1435 omnes,
470 1398 525 1438 qui
547 1398 731 1440 magnificis
753 1399 857 1431 titulis
884 1406 1054 1431 ornantur.
1106 1400 1180 1431 ideo
1203 1401 1415 1431 senciendum
1439 1407 1501 1438 est,
1526 1402 1612 1442 quod
1636 1402 1756 1433 fiducia
1778 1401 1874 1434 huius
1888 1402 2084 1442 dilectionis,

72 1439 156 1471 Nam
179 1438 236 1479 alij
261 1446 424 1472 vocantur
446 1439 600 1482 angelici,
623 1439 679 1480 alij
705 1440 856 1480 subtiles,
889 1441 945 1482 alij
975 1443 1055 1473 irre-
1108 1447 1161 1473 ‘tut
1195 1449 1330 1483 propter
1354 1442 1440 1475 hanc
1474 1443 1684 1476 dilectionem
1713 1446 1914 1485 accipiamus
1944 1446 2085 1477 remissi-

71 1480 267 1524 fragabiles,
297 1482 421 1514 Omnes
450 1483 505 1514 isti
539 1482 616 1514 lecti
646 1491 678 1514 et
701 1483 815 1515 relecti
839 1495 905 1515 non
931 1491 1054 1516 tantum
1079 1460 1082 1524 Ι
1106 1494 1202 1515 onem
1226 1491 1440 1525 peccatorum
1472 1492 1502 1516 et
1527 1487 1845 1525 reconciliationem,
1869 1489 1953 1519 sicut
1976 1499 2085 1530 neque

73 1523 248 1557 conferent
270 1526 312 1557 ad
335 1523 585 1567 intelligendum
609 1524 764 1565 Paulum,
798 1534 955 1568 quantum
979 1537 1054 1559 con·
1079 1529 1083 1559 Ι
1106 1527 1288 1568 accipimus
1333 1529 1559 1559 remissionem
1599 1537 1812 1570 peccatorum
1853 1538 1989 1572 propter
2021 1531 2086 1564 alia

71 1566 137 1599 sert
158 1567 244 1599 haec
267 1578 332 1599 vna
353 1568 522 1607 Ambrosij
547 1569 728 1599 sentencia.
1079 1562 1207 1611 'opera
1243 1571 1424 1611 sequentia.
1481 1571 1547 1603 Sed
1583 1571 1655 1603 sola
1690 1572 1755 1604 fide
1789 1579 1820 1604 et
1855 1575 1986 1615 quidem
2020 1575 2087 1606 fide

158 1609 193 1640 ln
222 1611 361 1641 eandem
388 1610 591 1641 sentenciam
619 1609 722 1642 multa
752 1617 869 1643 contra
903 1610 1054 1654 Pelagia-
1104 1613 1238 1653 proprie
1271 1614 1359 1644 dicta
1382 1614 1541 1656 accipitur
1562 1615 1714 1646 remissio
1739 1622 1972 1656 peccatorum,
2007 1618 2084 1658 quia

72 1661 135 1683 nos
168 1652 283 1683 scribit
310 1652 539 1694 Augustinus,
586 1653 628 1684 de
661 1653 777 1694 spiritu
818 1661 851 1685 et
879 1653 974 1686 litera
1003 1655 1053 1686 sic
1076 1659 1081 1690 t
1105 1656 1281 1695 promissio
1313 1666 1379 1687 non
1408 1663 1518 1697 potest
1547 1657 1652 1698 accipi
1682 1659 1744 1689 nisi
1768 1658 1843 1689 tide.
1893 1659 1953 1690 Est
1976 1666 2082 1691 autem

70 1694 128 1726 ait.
172 1693 250 1726 Ideo
280 1695 412 1736 quippe,
446 1695 641 1735 proponitur
670 1696 800 1727 iusticia
827 1695 930 1738 legis,
965 1698 1053 1738 quod
1104 1698 1187 1729 tides
1210 1700 1342 1739 proprie
1365 1699 1452 1730 dicta
1477 1709 1560 1740 quae
1590 1702 1770 1732 assentitur
1791 1703 2016 1743 promissioni,
2041 1703 2083 1734 de

71 1737 128 1779 qui
161 1735 278 1768 fecerit
317 1747 407 1774 eam,
442 1737 532 1768 viuet
563 1739 596 1768 in
638 1736 715 1775 illa,
777 1745 811 1770 vt
856 1750 931 1771 cum
965 1741 1053 1781 quis·
1103 1739 1168 1771 hac
1191 1740 1256 1771 fide
1278 1741 1423 1782 loquitur
1445 1743 1618 1783 scriptura.
1664 1743 1704 1774 Et
1727 1745 1802 1785 quia
1825 1746 1942 1786 accipit
1967 1747 2081 1776 remis-

70 1788 135 1820 que
169 1778 390 1810 infirmitatem
420 1788 514 1810 suam
543 1781 754 1821 cognouerit,
789 1791 854 1813 non
890 1792 949 1823 per
972 1792 1052 1813 suas
1076 1808 1079 1820 ‚
1104 1783 1231 1813 sionem
1261 1790 1491 1823 peccatorum,
1519 1791 1550 1816 et
1575 1785 1765 1817 reconciliat
1788 1797 1849 1817 nos
1874 1787 1964 1825 Deo,
1988 1789 2080 1829 prius

69 1821 168 1856 vires,
201 1831 308 1862 neque
341 1831 400 1862 pcr
422 1820 550 1853 literam
589 1823 693 1864 ipsius
723 1822 826 1865 legis,
859 1825 947 1865 quod
982 1825 1052 1856 fieri
1076 1821 1079 1859 ζ
1104 1825 1167 1856 hac
1192 1825 1256 1856 fide
1287 1827 1363 1857 iusti
1399 1833 1587 1867 reputamur
1609 1835 1745 1870 propter
1769 1829 1947 1867 Christum,
1982 1841 2080 1871 quam

69 1873 137 1895 non
160 1870 283 1904 potest,
304 1863 373 1895 Sed
395 1873 454 1905 per
477 1863 575 1895 fidem
594 1863 776 1897 concilians
789 1867 1052 1905 iustificatorem,
1075 1864 1079 1905 ζ
1104 1866 1282 1908 diligimus,
1300 1878 1341 1900 ac
1364 1868 1469 1910 legent
1486 1868 1638 1907 facimus,
1662 1878 1691 1902 et
1717 1872 1744 1902 si
1763 1873 1953 1903 necessario
1973 1875 2081 1915 sequi-

68 1906 257 1948 perueniat,
285 1912 318 1937 et
339 1905 457 1943 faciat,
482 1913 515 1938 et
543 1907 634 1938 viuat
656 1909 690 1938 in
721 1918 772 1945 ea,
789 1911 854 1947 ⁶⁶³)
886 1910 978 1950 Opus
1002 1919 1053 1941 re·
1075 1908 1078 1937 I
1103 1917 1157 1942 tur
1179 1909 1319 1942 dilectio.
1364 1912 1479 1953 Neque
1498 1923 1576 1943 vero
1603 1912 1685 1945 haec
1708 1914 1791 1946 fides
1811 1921 1861 1946 est
1885 1917 1999 1947 ociosa
2023 1927 2081 1947 no-

69 1954 156 1980 ctum
187 1948 277 1989 quod
300 1950 356 1990 qui
378 1948 513 1986 fecerit,
534 1950 625 1981 viuet
647 1950 679 1981 in
703 1961 754 1986 eo,
778 1961 843 1982 non
867 1952 914 1986 fit,
937 1953 997 1983 nisi
1019 1953 1051 1983 in
1075 1950 1078 1986 Ι
1104 1953 1199 1991 ficia,
1230 1963 1293 1985 nec
1320 1961 1431 1994 potest
1461 1961 1551 1986 stare
1581 1966 1654 1987 cum
1683 1963 1824 1998 peccato
1848 1957 1996 1995 mortali,
2019 1960 2080 1990 sed

67 1990 259 2022 iustificam.
316 1990 508 2022 iustificatio
538 1998 647 2023 autem
675 2003 717 2024 ex
750 1993 816 2024 fide
846 1995 1048 2035 impetratur.
1074 1999 1078 2026 t
1103 2003 1153 2026 est
1183 2006 1266 2037 opus
1301 1997 1437 2037 spititus
1467 1998 1590 2035 sancti,
1625 2009 1690 2040 quo
1721 1999 1898 2032 liberamur
1920 2011 1939 2032 a
1963 2007 2079 2040 morte,

67 2032 130 2064 Hic
154 2031 244 2064 clare
273 2033 349 2064 dicit
373 2033 621 2066 iustificatorem
644 2035 708 2066 fide
731 2036 919 2075 conciliari,
950 2043 981 2068 et
1005 2039 1049 2069 iu·
1073 2036 1077 2082 j
1101 2048 1167 2079 quo
1192 2039 1362 2080 eriguntur
1387 2046 1417 2071 et
1437 2040 1647 2072 viuiticantur
1663 2042 1921 2083 perterrefactae
1939 2050 2078 2075 mentes.

67 2075 300 2107 stificationem
335 2075 400 2106 fide
432 2076 610 2117 impetrari.
667 2077 710 2108 Et
736 2078 837 2119 paulo
865 2086 954 2120 post.
999 2079 1049 2110 Ex
1073 2086 1077 2122 Ι
1100 2080 1142 2111 Et
1164 2081 1241 2122 quia
1264 2081 1338 2113 sola
1361 2081 1444 2114 haec
1468 2082 1551 2114 fides
1575 2085 1693 2126 accipit
1717 2086 1944 2117 remissionem
1963 2097 2079 2128 pecca-

1100 2129 1220 2162 torum,
1245 2131 1276 2155 et
1300 2125 1407 2156 reddit
1430 2135 1492 2156 nos
1515 2134 1674 2168 acceptos
1693 2127 1766 2159 Deo
1780 2150 1790 2166 ‚
1812 2135 1843 2159 et
1868 2127 1961 2160 affert
1984 2130 2078 2171 spiri·

67 2160 129 2191 sed
151 2160 340 2192 timentibus
364 2170 502 2202 poenam
527 2162 743 2194 absconditur
761 2165 878 2205 gratia,
900 2166 963 2196 sub
982 2175 1047 2207 quo
1099 2172 1167 2197 tum
1190 2174 1353 2205 sanctum,
1370 2169 1422 2206 ⁶⁸)
1457 2170 1580 2200 rectius
1609 2171 1721 2201 vocari
1751 2171 1858 2212 gratia
1882 2177 2009 2212 gratum
2032 2171 2077 2204 sa-

66 2203 183 2234 timore
203 2203 310 2234 anima
332 2201 493 2234 laborans
516 2210 579 2236 etc.
608 2214 669 2246 per
692 2204 788 2237 fidem
812 2205 982 2250 confugiat
1005 2209 1047 2239 ad
1099 2209 1189 2240 ciens
1212 2215 1359 2251 poterat,
1382 2220 1478 2251 quam
1502 2211 1639 2244 effectus
1663 2222 1820 2254 sequens,
1853 2213 2006 2246 videlicet
2031 2215 2077 2246 di-

67 2245 325 2277 misericordiam
354 2244 436 2283 Dei,
465 2252 500 2277 vt
529 2247 584 2277 det
607 2247 695 2288 quod
716 2247 818 2280 iubet.
864 2249 925 2282 Hic
949 2251 1047 2282 docet
1097 2250 1210 2283 lectio.
1255 2252 1423 2284 Hactenus
1446 2255 1528 2284 satis
1552 2257 1689 2295 copiose
1708 2257 1912 2287 ostendimus
1937 2263 1967 2288 et
1988 2259 2075 2289 testi-

68 2286 143 2328 lege
165 2289 279 2318 terreri
310 2288 431 2325 corda,
465 2288 530 2319 fide
564 2296 673 2320 autem
708 2290 972 2324 consolationem
995 2303 1045 2324 ca·
1096 2295 1216 2336 monijs
1235 2296 1430 2336 scripturae,
1452 2302 1483 2328 et
1507 2299 1710 2338 argumentis
1736 2309 1774 2329 ex
1800 2299 1963 2339 scriptura
1989 2309 2076 2332 sum-

68 2339 165 2370 pere,
200 2337 233 2361 et
255 2331 353 2362 docet
375 2331 467 2371 prius
497 2331 562 2362 fide
585 2331 835 2372 apprehendere
862 2335 1044 2367 misericor·
1068 2347 1072 2378 Ι
1095 2338 1178 2378 ptis,
1208 2344 1241 2369 vt
1264 2342 1320 2369 r‘es
1342 2339 1448 2380 magis
1471 2339 1564 2370 fieret
1586 2342 1778 2382 perspicua,
1803 2342 1890 2382 quod
1914 2341 1987 2373 sola
2011 2343 2077 2375 fide

69 2371 171 2409 diam,
204 2382 301 2413 quam
335 2371 442 2421 legem
473 2373 585 2406 facere
614 2384 779 2406 conemur.
825 2375 1044 2410 Recitabimus
1067 2381 1072 2422 Ι
1097 2381 1330 2421 consequimur
1351 2382 1578 2414 remissionem
1597 2390 1808 2422 peccatorum
1827 2392 1963 2426 propter
1980 2384 2075 2417 Chri-

68 2412 168 2455 paulo
191 2420 268 2455 post
290 2421 322 2446 et
342 2414 408 2447 aba
429 2417 600 2458 quaedam.
1065 2423 1072 2509 Ι

1096 2523 1144 2555 67)
1162 2524 1294 2556 propriae]
1316 2526 1397 2550 Editt.
1418 2528 1508 2550 2—4.:
1526 2528 1631 2558 proprie

68 2550 116 2582 8⁶l
134 2551 279 2599 Pfc‘fflmm]
296 2551 346 2576 Ed·
365 2553 404 2600 42³
423 2557 529 2584 pecca*
1066 2585 1071 2598 ¹
1096 2566 1143 2598 68)
1163 2571 1189 2590 et
1207 2567 1281 2592 affert
1299 2570 1418 2599 spiritum
1438 2569 1572 2601 sanemus}
1591 2569 1673 2595 Editt.
1691 2571 1783 2596 2-4.:
1804 2577 1829 2596 et
1846 2573 1931 2597 reddit
1941 2576 2074 2599 conscien-

68 2592 132 2625 GGa)
151 2601 178 2618 m
196 2593 247 2626 ea,]
266 2594 314 2619 Ed.
335 2596 374 2619 4.:
393 2602 419 2619 m
439 2602 478 2621 ee.
1064 2603 1069 2613 ¹
1166 2603 1213 2625 ties
1233 2608 1337 2632 panum
1357 2610 1388 2626 ac
1408 2604 1566 2635 tranquillas,
