2366 2958
234 183 299 216 40⁷
686 185 800 219 PmL.
820 185 927 218 MEL.
949 183 1141 218 SCRIPTA
1162 183 1433 219 DOGMA'HCA
1454 183 1511 217 ΕΤ
1532 183 1804 218 SYMBOLtcA.
2185 185 2252 219 4⁰3

611 280 669 311 Ed.
696 283 788 311 1531.
810 281 847 309 4⁰
1639 277 1699 308 Ed.
1725 280 1817 309 1531.
1841 279 1879 308 8⁰

238 346 292 377 fol.
311 347 342 378 K
371 350 405 378 4·
427 348 478 378 lin.
504 351 552 379 31.
573 349 606 378 S.
1271 348 1369 377 sancti

238 416 280 421 -
310 399 340 429 K
370 400 404 429 4¹>
432 418 474 423 -
504 401 553 429 26.
574 399 629 428 hac
647 402 699 429 tua
721 398 925 438 promissione
943 401 1107 428 sustentor.
1266 401 1344 437 post
1370 397 1447 426 llaec
1473 396 1565 426 verba
1593 396 1724 426 additus
1746 400 1791 427 est
1819 397 1946 437 Ιοηῃίοι·
1968 396 2056 428 loom
2077 398 2162 429 ultra
2191 399 2250 440 l¹s2

1310 441 1455 479 payinas
1477 439 1622 479 explens.-
1639 439 1680 469 Et
1698 438 1815 470 Paulus
1833 441 1906 471 citat
1923 440 1962 470 de
1978 440 2131 472 Abraham
2150 460 2188 465 —
2207 460 2251 466 -

1315 501 1357 506 —
1380 484 1442 512 uita
1461 486 1492 512 et
1513 492 1605 522 opera
1623 481 1715 521 digna
1735 483 1805 513 sint.

236 554 280 560 —-
309 537 336 565 L
372 539 402 564 1³
428 553 470 558 —
524 537 551 563 7.
572 533 666 563 Fides
1272 533 1348 563 Sola
1370 534 1464 563 Fides

240 606 281 609 -—
312 586 339 615 L
375 587 404 615 1⁶
433 603 473 607 -—
506 588 554 614 11.
575 585 689 623 fingunt
708 594 776 613 eum
796 583 936 614 homines
1273 585 1387 623 fingunt
1410 584 1550 614 homines
1573 584 1712 623 spiritum
1736 587 1874 614 sanctum

239 657 281 661 —
311 637 337 667 L
373 640 405 667 3³
433 654 472 659 -
506 637 553 665 29.
575 638 624 665 30.
645 635 808 665 dilectione
827 635 880 664 illa
896 635 1041 665 accedere
1060 635 1098 665 ad
1110 634 1218 665 Deum.
1272 635 1436 665 dilectione
1456 635 1569 665 habere
1587 644 1693 674 pacem
1714 635 1928 666 conscientiae.

239 707 282 712 —
312 688 339 718 L
375 688 407 717 3h
436 705 476 709 —
531 690 556 715 1.
578 687 604 716 2.
629 686 904 716 reconciliationem
1272 695 1378 725 pacem

241 758 280 762 —-
310 738 337 769 L
373 741 406 767 4³
433 756 474 761 —
505 739 555 767 -24,
576 741 606 766 et
629 738 766 776 spiritum
787 741 935 771 sanctum,
1271 741 1303 767 et
1326 736 1601 767 reconciliationem
1625 740 1747 776 propter
1770 735 1936 770 Christum,

238 810 280 813 —-
309 790 340 820 M
370 791 403 819 3¹³
431 807 469 812 —
502 790 551 818 15.
571 791 601 817 et
625 788 711 817 affert
733 788 870 827 spiritum
891 791 1042 822 sanctum,
1273 791 1303 817 et
1321 788 1420 817 reddit
1443 789 1648 818 conscientias
1667 791 1791 827 pacatas
1814 797 1849 818 ac
1871 786 2061 827 tranquillas,

239 860 279 864 -
334 859 373 863 —-
434 857 474 862 ——
505 842 555 869 30.
577 849 797 878 consequamur
1274 843 1499 878 consequantur

238 911 279 915 -
307 891 337 921 N
375 894 405 921 1⁶
434 908 472 914 --
524 894 552 920 4.
574 892 602 920 in
626 891 714 920 nobis
738 891 840 929 pariat.
1270 893 1344 928 post
1356 888 1433 918 lmec
1444 889 1536 918 verba
1555 890 1616 930 4¹s2
1637 889 1737 919 lineae
1755 889 1890 919 additae
1902 893 1987 919 sunl.-
2005 888 2141 922 Primum
2154 893 2255 921 osten-

1317 931 1368 961 dat
1386 930 1560 966 Christum,
1584 950 1625 954 —
1649 950 1691 955 —
1713 933 1893 972 pacientiam
1917 936 1974 963 etc.

238 1003 281 1008 --
308 984 338 1014 N
372 985 405 1014 2⁵
433 1003 470 1008 —
503 985 552 1014 27.
573 984 740 1013 habeamus
1273 981 1424 1012 habemus

241 1055 278 1060 —
308 1035 337 1065 N
372 1037 406 1066 2¹²
433 1053 473 1058 —
505 1035 552 1065 25.
573 1038 603 1064 et
626 1034 769 1063 iustificet
1273 1036 1361 1062 etex
1380 1033 1493 1062 iniusto
1512 1033 1625 1062 iustum
1648 1032 1768 1063 efficiat.

239 1107 280 1110 -
309 1087 339 1116 N
373 1088 406 1117 31¹
434 1105 474 1109 —
506 1086 630 1115 32.-N
652 1088 684 1115 4³
706 1085 757 1113 lin.
782 1087 806 1113 1.
833 1083 869 1112 nd
897 1083 979 1113 illam
1006 1083 1219 1120 obiectionem,
1272 1083 1311 1113 ad
1330 1084 1523 1122 questionem
1542 1093 1635 1123 supra
1653 1084 1848 1123 propositam,
1872 1093 1965 1123 quare
1989 1084 2112 1115 dilectio
2136 1095 2194 1115 non
2214 1085 2257 1115 iu-

615 1138 702 1167 quam
726 1137 818 1166 supra
841 1127 1068 1166 proposuimus.
1315 1126 1438 1156 stificet.

239 1200 280 1205 —
309 1180 338 1210 N
374 1183 406 1210 4·
429 1197 470 1203 —
522 1179 624 1208 2.—0
653 1183 682 1208 1⁸
710 1178 760 1208 lin.
790 1179 838 1207 3⁶2.
872 1181 904 1206 et
939 1177 1113 1207 obedientia
1149 1186 1222 1216 erga
1272 1170 1331 1206 Mc.
1348 1176 1434 1207 Iocus
1461 1178 1583 1207 omnino
1613 1181 1803 1207 retractatus
1830 1181 1893 1207 ost.-
1920 1176 1961 1206 Et
1984 1177 2158 1208 obedientia
2183 1187 2256 1218 erga

613 1221 713 1260 legem
733 1239 773 1243 —
793 1238 834 1242 —
852 1239 895 1243 —
913 1220 1078 1259 aliquoties
1108 1219 1219 1250 dictum
1299 1219 1416 1259 legem
1435 1239 1476 1243 —
1497 1239 1538 1244 —
1557 1238 1600 1243 -—
1619 1220 1678 1250 sed
1701 1223 1823 1260 propter
1846 1221 1945 1250 fidem.

615 1269 672 1294 cst.

397 1341 483 1371 Hanc
504 1341 677 1371 Editionem
703 1344 828 1370 octavae
859 1339 972 1369 formae
994 1342 1070 1378 post
1099 1337 1179 1368 illam
1209 1339 1418 1377 quaternariae
1441 1338 1556 1368 formae
1581 1339 1748 1378 prodiisse,
1779 1349 1836 1369 non
1867 1339 1988 1378 quidem
2020 1349 2057 1369 ex
2084 1339 2257 1379 Apologiae

242 1383 391 1415 Clausala
414 1385 616 1424 cognoscitur,
644 1385 756 1423 qnippe
780 1392 857 1421 qnae
877 1384 905 1411 in
928 1386 1056 1421 utraque
1078 1380 1222 1412 Editione
1247 1382 1382 1411 continet
1404 1382 1512 1412 verba:
1540 1380 1744 1421 „Impressum
1770 1381 1986 1422 (Vitebergae)
2010 1392 2064 1422 per
2093 1381 2257 1422 Georgium

240 1427 340 1458 Rhau.
365 1426 398 1456 M
422 1426 460 1457 D.
472 1427 621 1461 XXXI&
644 1427 699 1455 sed
725 1436 763 1455 ex
786 1425 890 1455 hisce:

451 1491 481 1526 1)
506 1488 534 1516 in
555 1486 746 1516 praefatione
769 1485 808 1514 ad
830 1485 974 1521 lectores,
998 1494 1076 1523 quae
1096 1482 1295 1513 confessioni
1317 1493 1334 1512 a
1351 1482 1548 1513 Melanthone
1567 1484 1698 1523 praelixa
1720 1488 1784 1518 est,
1809 1484 1848 1513 de
1869 1483 2076 1514 Consessione
2099 1485 2257 1524 ignoranti·

491 1531 550 1559 bus
575 1529 766 1568 Principibus
793 1528 947 1567 publicata
971 1527 1078 1556 dicitur
1101 1527 1129 1555 in
1152 1526 1211 1556 Ed.
1230 1536 1257 1556 a.
1280 1528 1369 1556 1531.
1391 1528 1442 1554 4⁰:
1467 1525 1573 1556 „Haec
1594 1526 1750 1556 consessio
1770 1530 1842 1556 ante
1864 1527 1944 1556 duos
1966 1536 2082 1557 rueme-t
2105 1527 2259 1567 public-ta

490 1576 570 1607 esn-
595 1582 647 1610 pro
669 1572 780 1610 quibus
805 1572 833 1600 in
852 1570 910 1600 Ed.
930 1580 957 1599 a.
983 1572 1074 1599 1531.
1099 1571 1135 1599 80
1152 1569 1293 1608 leguntur
1315 1569 1420 1598 verba:
1442 1569 1547 1599 ¹*Haec
1570 1569 1727 1599 confessio
1747 1573 1819 1598 ante
1841 1573 1984 1599 semestre
2002 1569 2155 1609 publicata
2172 1573 2255 1600 est-‹-

491 1615 575 1654 (vide
596 1614 665 1643 Vol.
689 1612 804 1643 XXVI.
828 1623 857 1652 p.
884 1615 943 1642 259
963 1622 1012 1651 sq.
1039 1613 1099 1642 349
1124 1616 1190 1650 sq.)
1220 1611 1307 1641 Haec.
1331 1610 1499 1645 declarant,
1525 1611 1602 1641 hanc
1627 1611 1852 1642 praefationem
1875 1612 1952 1642 ultra
1978 1617 2107 1652 quatuor
2131 1622 2258 1643 menses

490 1659 592 1687 serius
613 1667 701 1696 quam
725 1656 805 1685 illam
826 1657 1006 1695 impressam
1029 1665 1112 1684 esse.

448 1716 482 1751 2)
506 1714 534 1742 in
554 1712 736 1752 quibusdam
756 1711 906 1751 exemplis
928 1710 1082 1740 Editionis
1101 1720 1127 1739 a.
1152 1711 1244 1740 1531.
1265 1712 1302 1739 40
1320 1710 1349 1739 in
1372 1708 1460 1739 titulo
1478 1708 1612 1749 generali
1631 1708 1706 1739 infra
1724 1719 1832 1739 nomen
1851 1709 2049 1749 Witebergae
2067 1709 2190 1740 additus
2209 1713 2259 1740 est

491 1757 558 1786 anni
579 1765 738 1785 numerus:
757 1754 799 1783 M.
814 1754 854 1783 Ι),
868 1753 968 1783 XXX.
988 1753 1072 1791 (vide
1091 1752 1163 1782 Vol.
1183 1751 1299 1782 XXVI.
1318 1762 1346 1792 p.
1367 1754 1426 1782 237
1451 1761 1500 1791 sq.
1525 1752 1644 1782 titulum
1668 1753 1752 1782 tertio
1776 1752 1844 1782 loco
1867 1753 2079 1792 propositum).
2124 1752 2173 1784 Ex
2197 1753 2258 1783 hoc

491 1809 614 1829 numero
638 1797 822 1836 intelligitur,
843 1797 919 1826 hanc
939 1795 1111 1826 Editionem
1137 1806 1195 1825 non
1220 1805 1294 1825 esse
1322 1805 1419 1835 posse
1444 1805 1530 1830 eam,
1560 1805 1639 1835 quae
1664 1795 1784 1825 demum
1804 1805 1912 1825 mense
1937 1795 2020 1825 Maio
2043 1805 2070 1826 a.
2093 1799 2184 1827 1531.
2216 1796 2258 1826 in-

491 1846 579 1881 cepta
598 1843 653 1875 sit,
678 1845 706 1869 nt
727 1840 785 1869 loci
805 1839 1002 1879 epistolarum
1026 1839 1108 1869 alla-ti
1132 1842 1290 1869 testantur.

448 1901 481 1937 3)
500 1898 598 1926 variae
618 1896 785 1929 lectiones,
811 1895 922 1934 quibus
945 1894 1048 1924 Editio
1067 1895 1135 1924 anni
1162 1895 1253 1924 1531.
1274 1895 1309 1923 8⁰
1327 1894 1364 1923 ab
1383 1892 1478 1923 altera
1497 1893 1635 1923 eiusdem
1658 1893 1726 1923 anni
1746 1891 1861 1927 differt,
1886 1893 2038 1923 eiusmodi
2056 1897 2138 1927 sunt,
2163 1896 2196 1924 nt
2215 1893 2257 1922 Γι-

491 1940 549 1970 cile
580 1942 794 1978 cognoscatur,
824 1938 880 1968 has
906 1938 1007 1967 serius
1038 1947 1111 1967 esse
1143 1936 1239 1966 saetas
1269 1946 1358 1975 quam
1386 1935 1473 1971 illas,
1504 1945 1583 1975 quae
1615 1936 1643 1965 in
1670 1935 1814 1965 Editione
1839 1937 2048 1975 quaternariae
2077 1935 2190 1966 formae
2214 1935 2257 1966 le·

489 1987 607 2025 guntur.
619 1984 652 2021 ⁸)

242 2055 347 2087 Nihilo
359 2055 464 2085 secius
478 2052 598 2092 quidam
619 2061 645 2080 e.
665 2060 690 2080 c.
712 2049 849 2088 Siegm.
870 2047 936 2079 lac.
956 2047 1231 2087 Baumgarten,
1251 2046 1414 2086 aliquando
1437 2047 1526 2076 etiam
1550 2045 1773 2075 Bertramus
1797 2046 1908 2086 opinati
1931 2049 2015 2084 sunt,
2037 2045 2114 2076 hanc
2132 2044 2256 2076 alteram

244 2110 317 2130 esse
336 2099 458 2138 primam
479 2095 668 2129 Eilitionem,
690 2093 776 2122 cuius
801 2093 909 2121 erroris
928 2101 1032 2120 ansam
1053 2090 1135 2120 dedit
1160 2090 1229 2119 eius
1253 2099 1320 2119 cum
1338 2090 1432 2129 prima
1450 2089 1640 2128 germanicae
1660 2088 1832 2129 Apologiae
1850 2089 1999 2120 uberioris
2021 2089 2165 2119 Editione
2187 2098 2256 2119 con-

244 2152 371 2177 sensus,
385 2142 435 2178 *’)
455 2139 493 2169 (le
512 2149 572 2177 quo
592 2138 620 2166 in
645 2136 877 2174 prolegomenis
901 2134 992 2164 huius
1013 2132 1184 2173 Apologiae
1202 2133 1404 2162 disseremus.

400 2182 484 2213 Haec
504 2181 605 2211 Editio
629 2181 656 2209 in
677 2179 834 2209 som-enm
854 2177 1049 2215 Numburgae
1072 2186 1097 2207 a.
1127 2177 1218 2206 1561.
1238 2175 1340 2205 habito
1359 2185 1377 2204 a
1400 2173 1591 2214 Principibus
1616 2173 1844 2214 Ordinibusque
1873 2173 2060 2215 evangelicis
2084 2174 2257 2205 confirmata

245 2233 293 2259 est
317 2227 489 2257 nominibus
508 2225 576 2254 suis
599 2223 782 2261 subscriptis
801 2221 976 2259 additisque
994 2219 1107 2258 sigillis
1130 2218 1214 2256 (vide
1237 2218 1434 2248 Weberum
1458 2217 1478 2247 l.
1499 2217 1517 2247 1.
1538 2218 1578 2247 11.
1601 2227 1631 2257 p.
1652 2219 1702 2248 98.
1726 2219 1786 2248 336
1806 2220 1878 2257 sq.).

609 2371 636 2396 3.
685 2367 732 2396 De
757 2364 1025 2395 ..lelantlionis
1049 2362 1201 2393 Ediln'one
1223 2372 1252 2392 a.
1277 2362 1500 2393 1535-1540.
1522 2361 1742 2402 quietern-artae
1762 2358 1891 2395 somne.

402 2465 485 2495 Haec
505 2463 606 2494 Editio
631 2461 759 2491 latinam
781 2458 1016 2489 consessionem
1036 2456 1278 2497 Apologiamquc
1298 2455 1524 2497 complectitur,
1542 2456 1571 2485 in
1596 2454 1700 2485 multis
1719 2458 1819 2485 autem
1845 2454 1994 2495 exemplis
2023 2464 2089 2486 eum
2113 2453 2255 2486 Efflflono

356 2595 383 2625 ⁰)
402 2595 495 2621 factem
514 2594 562 2619 triu
581 2594 731 2620 argumento
752 2590 801 2615 tam
822 2588 975 2613 weber-us
995 2587 1020 2612 tn
1037 2587 1054 2611 1.
1075 2583 1140 2611 tht.
1160 2583 1247 2614 (Sem.
1264 2585 1306 2610 ber
1325 2584 1355 2610 u.
1375 2582 1406 2610 (ὃ.
1426 2583 1460 2610 Π.
1478 2590 1501 2615 p.
1520 2584 1562 2609 85.
1580 2583 1670 2610 attulit.

339 2638 382 2665 ”t
403 2638 472 2663 conr.
493 2635 654 2663 tle—rtrum!
676 2634 731 2658 k‘itt.
752 2630 874 2663 fflblyantl.
896 2628 941 2655 et.
961 2631 985 2654 3.
1004 2635 1027 2660 p.
1048 2628 1096 2653 143
1115 2634 1169 2660 suo.
1187 2630 1212 2653 ct
1234 2627 1352 2654 Weber
1370 2627 1385 2653 l.
1404 2628 1418 2653 1.
1437 2627 1471 2653 n.
1489 2633 1513 2658 p.
1532 2628 1564 2652 84
1582 2632 1620 2659 sq.
