2366 2958
147 188 189 222 13
634 185 657 215 1.
702 182 987 215 CONFUTA'rlo
1010 182 1333 216 CONFEssleS
1355 181 1670 215 AUGUSTANAE.
2121 183 2161 215 14

152 294 230 324 quae
249 283 374 312 recitata
393 284 495 311 sunt-u
543 278 578 310 Si
597 279 646 308 hic
665 288 808 309 numerus
828 279 992 318 quinarius
1015 288 1073 307 non
1093 277 1247 307 indefinite
1266 288 1319 317 pro
1336 277 1466 317 pluries,
1486 277 1542 307 sed
1562 277 1680 316 proprie
1704 287 1770 306 curn
1795 276 1987 307 Muellero
2006 278 2161 316 accipitur,

151 325 360 366 inquirendum
379 327 439 359 est,
459 333 605 363 quaenam
623 323 685 351 sint
703 321 774 351 illae
797 323 930 361 quinque
953 320 1191 359 Confutationis
1215 323 1456 351 retractationes
1475 325 1526 351 aut
1540 319 1695 358 formulae
1706 320 1749 358 Ὅ.

305 384 456 423 Theologi
478 383 516 413 ab
539 382 720 421 Imperatore
740 382 906 411 breviorem
929 381 1140 419 mitioremque
1169 379 1414 410 confutationem
1434 391 1615 420 componere
1639 381 1731 410 iussi.
1760 389 1797 409 ex
1826 390 1883 409 sua
1912 389 2004 419 grege
2028 381 2162 419 inprimis

150 429 307 460 Eccium
326 432 357 458 et
378 427 535 457 Fabrum
560 425 698 465 elegisse
716 425 870 460 videntur,
889 428 931 458 ut,
956 434 1035 463 quae
1059 425 1207 453 communi
1238 424 1369 452 omnium
1396 424 1616 454 consultatione
1646 424 1801 463 proposita
1825 427 1945 455 essent,
1971 424 1999 452 in
2029 423 2161 452 ordinem

152 473 324 511 redigerent
337 471 398 509 W).

306 530 416 560 Prima
436 531 525 559 istius
549 528 695 559 formulae
714 529 898 558 retractatio
922 537 979 557 seu
998 526 1098 557 altera
1117 526 1229 556 latinae
1252 525 1478 556 Confirtationis
1494 526 1628 564 formula
1659 528 1746 565 priori
1770 526 1922 566 prolixiori
1948 527 2034 565 quasi
2061 526 2163 555 sunda-

153 578 253 605 mento
273 578 482 613 superstructa
505 584 573 603 cum
598 572 769 612 lmperatori
792 570 926 600 exhibita
944 575 976 600 et
993 571 1030 599 ab
1055 579 1092 598 eo
1112 580 1179 603 cum
1204 568 1397 609 Principibus
1423 571 1640 599 communicata
1661 574 1740 603 erat,
1766 570 1803 599 31)
1828 569 1876 598 his
1900 570 2005 598 iterum
2031 569 2069 598 ob
2096 570 2163 598 eius

153 618 273 648 nimiam
292 617 493 657 prolixitatem
506 617 579 654 **'*)
610 619 641 646 et
659 614 872 645 verosimiliter
894 614 982 643 etiam
1013 616 1135 652 propter
1165 613 1232 642 eius
1259 613 1451 642 acerbitatem
1476 613 1632 652 repudiata
1660 617 1717 642 est.
1744 631 1783 635 --
1807 613 1891 642 Haec
1916 611 2059 647 formula,
2084 622 2163 651 quae

154 662 274 691 omnino
287 661 384 700 periit,
398 664 480 689 certe
493 660 654 698 hucusque
668 668 725 687 non
740 661 858 697 reperta
871 661 931 691 est,
950 657 1018 686 sine
1037 656 1129 685 dubio
1148 666 1247 695 aeque
1265 666 1300 685 ac
1319 655 1371 685 illa
1389 657 1483 695 prima
1502 655 1540 685 ad
1563 655 1772 694 imperatorem
1793 657 1905 694 scripta
1924 659 1996 689 erat,
2010 666 2076 685 cuin
2102 655 2164 685 illis

154 704 265 734 diebus
289 703 418 733 nondum
440 704 516 732 satis
537 703 730 732 constitutum
756 711 829 730 esse
848 701 1009 734 videretur,
1032 709 1069 729 an
1089 697 1263 729 Consutatio
1282 699 1483 739 praelegenda
1506 702 1536 728 et
1556 700 1643 728 cuius
1666 699 1784 727 nomine
1804 703 1890 728 esset
1908 698 2120 738 praelegenda.

309 763 388 794 lnter
407 763 484 793 hanc
507 763 635 793 alteram
657 760 814 800 formulam
835 762 940 790 iterum
965 761 1124 793 reiectam,
1149 764 1180 789 et
1204 769 1285 795 eam,
1313 769 1401 798 quam
1421 760 1561 798 sequenti
1587 760 1681 788 tertio
1711 758 1777 787 loco
1809 760 2050 792 recensebimus,
2080 758 2164 790 Chr.

158 806 296 837 Gottsr.
320 806 486 837 Mueller
503 807 531 836 in
555 805 686 835 Praesat.
706 804 772 834 libri
797 804 879 833 illico
898 803 1039 833 laudandi
1065 813 1093 842 p.
1124 801 1210 832 XLll
1230 813 1277 841 sq.
1298 804 1405 832 statuit
1427 802 1516 831 aliam
1538 802 1697 841 quandam,
1722 812 1809 840 (luam
1837 803 1903 840 ipsc
1923 803 2045 831 tertiam
2073 803 2164 831 nomi-

155 854 208 880 nat
220 853 253 890 †)
273 851 366 880 etsie
384 854 539 880 recenset:
566 848 702 878 „luterea
725 848 793 877 dum
813 847 948 886 theologi
974 848 1002 875 in
1024 847 1112 876 tertia
1135 845 1306 875 adornanda
1325 845 1451 875 formula
1473 846 1665 881 aestuabant,
1693 848 1723 873 et
1743 843 1903 883 lmperator
1931 855 1996 874 cnm
2022 844 2164 884 Principi-

155 893 215 923 bus
235 892 405 923 Pontiticiis
424 892 628 923 deliberabat,
648 892 720 931 quid
740 892 768 921 in
793 891 883 920 rebus
904 894 962 919 tam
982 890 1165 928 ancipitibus
1189 893 1220 918 et
1238 889 1365 928 trepidis
1388 889 1576 920 faciendum.
1606 893 1636 917 et
1660 889 1747 917 cuius
1776 889 1894 917 nomine
1923 887 2167 917 Constitutionem

155 936 317 976 parandam
337 941 367 966 et
386 935 616 976 praelegendam
638 938 814 970 censerent,
834 938 974 963 auctores
998 934 1026 962 ei
1051 933 1185 966 suerunt,
1206 936 1236 961 ut
1261 933 1381 962 nomine
1400 933 1498 971 ipsius
1523 931 1713 971 lmperatoris
1733 936 1762 960 et
1776 931 1985 968 theologorum
2010 942 2167 970 compone-

155 984 247 1014 retur,
272 984 303 1009 et
321 981 490 1019 composita
513 979 634 1019 publice
652 977 885 1018 praelegeretur.
932 976 964 1006 ld
984 976 1157 1005 confirmant
1176 976 1255 1005 Acta
1277 975 1412 1014 lllogunt.
1445 975 1495 1004 fol.
1523 977 1570 1005 Tc.
1599 975 1648 1004 his
1678 975 1795 1003 verbis:
1827 976 2024 1010 titiiiritittien,
2056 975 2167 1008 &sittim

155 1024 208 1054 nub
233 1023 350 1053 §tenire
370 1028 459 1055 aetiten
481 1026 525 1057 t'i'tt
544 1030 607 1060 qut!
631 1024 683 1057 but}
701 1024 742 1051 rie
763 1022 985 1058 azumitegungf
1005 1022 1031 1052 to
1051 1025 1100 1050 ceti
1120 1022 1183 1056 iiiut
1201 1020 1290 1050 ebur,
1310 1025 1362 1049 nno
1382 1019 1493 1053 {isit-tien
1518 1021 1566 1049 aui
1594 1020 1629 1053 ‘31‘
1649 1020 1812 1053 fflctnntimfi
1837 1020 1951 1047 uetieien
1976 1022 2080 1048 merten
2109 1020 2166 1052 inti,

154 1068 183 1097 in
201 1067 283 1101 Ratis.
304 1067 377 1097 meai.
399 1069 506 1098 Statum
526 1071 577 1097 ent*
598 1068 646 1095 mit
666 1069 710 1095 ber
730 1068 811 1103 gelcrt
834 1066 922 1103 gettclt
941 1069 1038 1094 meroe.
1063 1073 1102 1085 —2
1129 1062 1199 1097 Quo
1232 1063 1320 1101 igitur
1354 1061 1524 1101 Principum
1550 1062 1673 1091 decreto
1700 1062 1893 1090 constitutum
1925 1061 2058 1097 videtur,
2088 1064 2120 1090 ut
2150 1070 2168 1089 a

154 1108 308 1147 theologis
333 1109 448 1145 iterum,
470 1110 496 1139 h.
523 1120 550 1139 e.
574 1109 662 1138 tertio
681 1108 876 1147 refingerctur
900 1107 1075 1140 confutatio,
1099 1115 1134 1134 ac
1160 1106 1279 1134 nomine
1304 1105 1495 1144 Imperatoris
1521 1109 1550 1134 et
1574 1105 1783 1143 theologorum
1811 1105 2018 1134 adornaretur.
2044 1104 2110 1134 vei-
2135 1108 2168 1134 ut

155 1150 332 1182 Cochlaeus
358 1157 453 1182 narrat
467 1153 548 1191 [loco
561 1162 653 1191 supra
672 1161 701 1190 p.
725 1154 757 1180 ll
775 1160 822 1189 sq.
846 1150 969 1187 3113101,
996 1149 1272 1178 transscriberetur.
1318 1149 1438 1178 Etenim
1463 1159 1528 1178 cum
1550 1148 1598 1177 hic
1613 1158 1678 1177 eam
1693 1150 1750 1176 iam
1765 1148 1929 1177 breviorem
1946 1147 2052 1176 saciant
2069 1147 2168 1176 fuisse

153 1195 262 1230 tradat,
282 1205 339 1224 non
359 1206 483 1234 prorsus
502 1197 657 1225 immutata
679 1198 709 1223 et
732 1195 845 1228 relicta,
865 1193 923 1222 sed
941 1193 1031 1222 modo
1055 1193 1095 1221 ita
1113 1202 1191 1221 nunc-
1214 1192 1332 1221 videtur
1351 1196 1468 1231 parata,
1493 1196 1526 1221 ut
1550 1202 1656 1221 nornen
1681 1190 1873 1230 Imperatoris
1899 1194 1928 1219 et
1957 1190 2166 1227 theologorum

154 1242 406 1279 praeponeretur,
427 1240 517 1279 inque
540 1249 578 1268 ea
604 1248 681 1267 nunc
707 1236 868 1276 imperator
893 1236 1025 1275 iuberet,
1052 1239 1186 1264 moneret
1209 1239 1241 1264 et
1269 1234 1476 1264 exhortaretur
1504 1234 1711 1268 Lomentum,
1743 1245 1820 1263 nunc
1847 1233 1981 1272 theologi
2013 1234 2166 1267 docerent,

155 1281 362 1311 confirmarent
381 1283 565 1321 argumentis
585 1292 641 1310 sua
665 1284 695 1310 et
718 1280 889 1309 refellerent
913 1280 992 1318 Aug.
1013 1277 1230 1308 Confessionis
1254 1278 1373 1317 placita.
1395 1297 1435 1300 —
1455 1297 1495 1301 —
1520 1278 1583 1307 Sed
1607 1289 1706 1317 neque.
1734 1278 1792 1307 ista
1816 1278 1904 1306 tertio
1929 1287 2039 1306 recusa
2065 1277 2167 1306 cont'u-

153 1324 278 1353 tatienis
299 1323 426 1354 formula
445 1326 566 1354 omnino
584 1324 702 1353 videtur
721 1323 917 1352 satisfecisse
937 1321 1127 1361 lmperatoris
1150 1325 1181 1351 et
1199 1320 1370 1361 Principum
1390 1321 1603 1351 catholicorum
1624 1321 1825 1360 expectationi
1845 1325 1876 1350 et
1899 1320 2055 1350 voluntati.
2095 1319 2168 1349 Ete-

152 1366 213 1396 nim
232 1376 322 1406 quum
342 1372 552 1406 reputassent,
576 1377 664 1406 quam
689 1366 767 1395 male
786 1366 923 1395 audirent
941 1365 1077 1403 theologi
1100 1363 1250 1394 Pontifici·-
1269 1375 1285 1394 a
1305 1364 1507 1399 Lutheranis‚
1527 1370 1557 1395 et
1585 1375 1674 1403 quam
1705 1365 1803 1393 invisa
1829 1367 1915 1393 essct
1940 1363 1988 1393 his
2016 1364 2168 1402 asperitas

153 1409 290 1445 illorum,
309 1419 387 1449 quae
407 1410 486 1441 haud
505 1411 597 1441 dubie
620 1412 649 1439 in
668 1408 795 1439 formula
813 1410 902 1438 tertio
926 1409 1029 1438 relicta
1048 1408 1147 1437 adhuc
1166 1408 1321 1443 fremebat,
1347 1412 1451 1446 quarto
1471 1408 1677 1441 decreverunt,
1698 1411 1746 1442 ut,
1772 1411 1835 1437 tota
1858 1417 1890 1436 re
1916 1407 2083 1436 auctoritati
2115 1406 2168 1435 lm-

152 1453 301 1492 peratoris
323 1455 480 1493 permissa,
501 1453 675 1484 Confutatio
699 1452 789 1482 modo
813 1453 934 1481 nomine
953 1452 1021 1481 eius
1041 1454 1282 1490 componeretur,
1301 1455 1393 1490 atque.
1417 1451 1487 1480 hinc
1510 1451 1628 1481 demum
1652 1450 1906 1490 praelegeretum

307 1512 355 1544 Ex
373 1514 422 1544 his
447 1514 635 1554 intelligitur,
659 1524 677 1543 a
694 1512 884 1543 Muellero
905 1515 1033 1552 quatuor
1051 1512 1168 1552 priores
1189 1510 1415 1541 confutationis
1434 1511 1545 1542 latinae
1564 1511 1706 1541 formulas
1731 1511 1778 1540 sic
1797 1511 1960 1549 distingui:

356 1587 459 1625 prima
482 1586 640 1616 verbosior
663 1588 694 1614 et
715 1584 818 1619 acrior,
842 1582 1052 1622 theologorum
1071 1580 1287 1611 catholicorum
1307 1581 1426 1610 nomine
1445 1581 1616 1620 conscripta
1635 1584 1665 1610 et
1687 1583 1746 1610 tota
1771 1580 1808 1610 ad
1833 1579 1933 1609 solum
1956 1578 2168 1619 Imperatorem

402 1639 561 1666 conversa,
583 1630 675 1668 eique
693 1638 761 1658 eum
783 1626 922 1666 pluribus
941 1625 1010 1655 aliis
1032 1624 1145 1655 libellis
1169 1624 1198 1655 d.
1222 1628 1269 1655 13.
1283 1624 1348 1654 lulii
1368 1634 1386 1654 a
1407 1623 1562 1663 theologis
1586 1624 1708 1659 tradita,
1732 1634 1789 1653 non
1809 1623 1931 1663 publice
1950 1622 2167 1662 praelegenda3

358 1685 495 1716 secunda
518 1685 636 1714 brevior
654 1685 824 1723 mitiorque,
844 1682 1054 1721 theologorum
1074 1680 1289 1712 catholicorum
1310 1681 1431 1710 nomine
1450 1681 1622 1720 conscripta
1639 1684 1670 1710 et
1688 1683 1750 1709 tota
1769 1680 1806 1709 ad
1830 1679 1930 1709 solum
1954 1678 2167 1719 Imperatorem

401 1738 559 1765 conversa,
582 1738 640 1757 non
663 1726 785 1767 publice
802 1725 1022 1766 praelegenda;

359 1786 454 1858 teritio
479 1784 598 1857 bgevior
618 1784 790 1823 mitiorque,
815 1783 936 1813 nomine
959 1781 1149 1822 imperatoris
1173 1784 1204 1811 et
1233 1775 1443 1821 theologorum
1473 1780 1687 1811 catholicorum
1716 1782 1903 1820 conscripta,
1935 1778 2057 1819 publice
2085 1789 2168 1819 prae-

413 1838 488 1867 egen
513 1837 546 1863 a;

356 1887 469 1924 quarta
487 1884 606 1914 brevior
629 1884 801 1922 mitiorque,
821 1882 918 1912 solius
938 1881 1130 1922 imperatoris
1150 1882 1269 1910 nomine
1292 1881 1463 1920 conscripta
1486 1885 1517 1910 et
1541 1880 1672 1919 Prologo
1693 1884 1795 1911 aucta.
1821 1879 1943 1919 publice
1966 1878 2170 1918 praelegenda

401 1929 444 1966 (in
465 1926 584 1957 Codice
606 1926 775 1966 Psluyiano
800 1929 967 1961 contenta).

259 2083 287 2116 ³)
308 2084 438 2114 Quaenam
458 2084 547 2109 harum
567 2089 657 2109 vocum
676 2083 759 2113 aptior
777 2083 823 2112 sit,
843 2082 988 2113 disceptare
1008 2081 1074 2106 licet.
1111 2081 1138 2106 si
1155 2081 1223 2105 enim
1249 2081 1331 2111 prima
1357 2079 1448 2105 verba:
1472 2079 1641 2111 „qumqui'es
1664 2077 1859 2104 emendarit1t¹‘
1883 2083 2020 2107 urgemus,
2044 2077 2167 2107 quinque

306 2118 527 2145 retractationes
543 2118 642 2148 primae
662 2117 849 2143 confutationis
868 2116 1022 2142 statuendae
1042 2118 1111 2144 sunt.
1129 2121 1236 2146 quarum
1256 2119 1343 2140 autem
1363 2115 1490 2145 quintam
1509 2114 1591 2139 fuisse
1610 2113 1692 2139 iudico
1712 2113 1907 2138 translationem
1932 2112 2027 2141 latinae
2051 2111 2121 2136 conr.
2141 2111 2166 2136 in

305 2153 419 2183 linguam
439 2153 629 2184 germanicam,
648 2153 719 2178 iussu
739 2152 903 2182 linperatoris
929 2151 1031 2177 factam.
1067 2150 1149 2176 Verba
1173 2152 1260 2175 autem
1287 2150 1433 2181 sequentia:
1460 2148 1609 2180 „fuderint
1632 2149 1659 2174 et
1683 2147 1860 2180 refuderint,
1885 2146 2015 2173 cuderint
2037 2148 2066 2171 et
2087 2151 2165 2171 recu-

304 2187 416 2214 derint“
428 2187 605 2217 suffragantur
617 2186 820 2218 interpretationi
839 2186 909 2212 Chr.
930 2186 1043 2212 Gottlr.
1062 2184 1232 2214 Muelleri,
1251 2185 1293 2215 qui
1312 2185 1435 2215 quinque
1450 2183 1598 2215 formulas
1616 2183 1713 2209 statuit.
1729 2189 1821 2213 nempe
1842 2182 1949 2213 primam
1962 2180 2167 2207 Consulatinnetn

307 2223 331 2248 d.
353 2222 392 2247 13.
411 2223 467 2248 lulii
485 2222 622 2247 exhibitam
648 2224 673 2246 et
696 2224 805 2252 quatuor
831 2222 887 2246 eius
914 2220 1110 2246 retractationes
1134 2219 1236 2244 latinas.
1276 2220 1387 2251 Utraque
1411 2219 1488 2249 igitur
1514 2217 1723 2249 interpretatione
1751 2217 1851 2243 illorum
1877 2217 2013 2241 verborum
2038 2215 2168 2245 probatur,

305 2257 428 2288 quinque
445 2257 553 2282 lutitms
571 2256 787 2287 confutationes
805 2256 926 2286 deinceps
954 2255 1103 2286 lmperatori
1122 2260 1182 2280 esse
1203 2254 1338 2280 exhibitas.
1359 2267 1391 2271 -
1411 2253 1575 2279 Koellner
1598 2253 1623 2277 in
1643 2252 1658 2277 l.
1679 2251 1799 2279 &unit-nl.
1820 2251 1861 2276 ber
1880 2250 1942 2280 luti).
1963 2249 1994 2274 st.
2021 2256 2044 2280 p.
2063 2250 2122 2273 401.
2142 2250 2167 2275 et

302 2292 384 2318 Frid.
403 2291 544 2318 Francke
563 2291 588 2316 in
608 2291 669 2316 Edit.
687 2291 818 2316 Librorum
839 2290 947 2321 symbol.
966 2290 1094 2316 Ecclesiae
1119 2289 1192 2314 Lulh.
1216 2289 1332 2319 Proiegg.
1351 2295 1375 2320 p.
1395 2289 1474 2314 xxxt.
1493 2290 1554 2313 nota
1573 2286 1597 2311 6.
1622 2287 1725 2318 quidem
1751 2286 1877 2314 referunt,
1901 2284 2049 2315 quinquies
2073 2284 2166 2309 varia-

307 2329 367 2353 tam
385 2333 445 2352 esse
465 2326 686 2356 consulationem,
706 2325 753 2350 sed
771 2325 848 2351 nihilo
868 2326 953 2351 minus
972 2327 1071 2350 tantum
1088 2323 1211 2355 primam
1230 2323 1351 2351 latinam
1369 2326 1395 2348 et
1414 2324 1574 2354 quatuor
1593 2322 1725 2347 variatas
1745 2321 1852 2347 latinas
1871 2323 2020 2351 proponunt.

244 2370 286 2402 α’)
305 2370 357 2430 Hti'c
381 2369 534 2429 qtaibusdain
559 2369 621 2394 locis
640 2368 806 2400 epistolarum
826 2368 994 2394 Melanthonis
1020 2367 1148 2397 indigitari
1168 2367 1281 2398 videtum
1305 2367 1362 2393 vide
1383 2367 1466 2392 locum
1489 2372 1513 2397 p.
1539 2366 1568 2389 11
1594 2371 1631 2396 sq.
1654 2367 1714 2390 nota
1740 2365 1768 2395 ⁸)
1797 2364 1927 2389 laudatum
1957 2363 2071 2393 aliosque
2101 2361 2167 2387 intra

302 2411 316 2430 a
340 2410 401 2430 eren
421 2409 458 2430 os.

227 2446 284 2479 ι*Ἶ
303 2447 340 2473 Ad
359 2448 426 2472 hanc
443 2447 511 2472 enim
530 2446 669 2473 formulam
688 2445 828 2472 referenda
849 2451 909 2471 esse
928 2445 1042 2476 coniicio,
1061 2451 1127 2476 quae
1146 2445 1293 2471 Melanthon
1312 2445 1347 2470 ad
1365 2445 1446 2470 Vllum
1465 2443 1625 2469 Theodorum
1647 2442 1670 2466 tl.
1689 2442 1731 2465 30.
1751 2442 1805 2467 lulii
1824 2441 1925 2471 scripsit
1943 2441 1982 2471 (in
2002 2440 2076 2465 huius
2095 2439 2168 2470 corp.

302 2482 356 2507 tot.
374 2482 408 2506 11.
428 2488 451 2512 p.
470 2482 559 2512 241.);
584 2482 690 2512 „Eccius
713 2482 752 2506 his
771 2480 864 2506 diebus
882 2483 990 2512 questus
1009 2483 1049 2506 est
1067 2480 1134 2510 apud
1155 2486 1230 2506 suum
1250 2480 1381 2511 quendam
1400 2479 1525 2509 amicum,
1549 2478 1688 2503 Caesarem
1712 2483 1794 2507 paene
1820 2476 1920 2501 tertiam
1947 2475 2033 2506 scripti
2052 2475 2091 2499 sui
2110 2480 2169 2505 par-

304 2516 533 2577 geigwipgu‘xisse:
560 2522 590 2542 ac
613 2516 730 2547 suspicor
759 2515 897 2546 praecipua
925 2515 982 2541 libri
1009 2517 1163 2541 ornamenta
1192 2515 1279 2540 deleta
1303 2521 1378 2544 esse,
1405 2514 1453 2539 hoc
1477 2516 1531 2543 est,
1556 2512 1665 2542 insignia
1690 2510 1823 2536 mendacia
1847 2513 1875 2536 et
1899 2510 2078 2541 sycophantias
2098 2509 2169 2534 stoli-

253 2593 285 2626 τ)
305 2594 375 2619 lianc
392 2593 548 2619 sententiam
567 2594 648 2619 seeutl
667 2596 727 2619 sunt
750 2592 836 2618 Mitti.
861 2592 977 2618 weber
994 2592 1019 2617 in
1038 2592 1054 2617 l.
1072 2593 1225 2624 Responsio
1249 2591 1291 2619 ad
1311 2592 1521 2624 consessionem
1544 2593 1608 2621 Aua.
1634 2588 1786 2619 Pontificio
1808 2595 1823 2613 e
1844 2589 1930 2620 form.
1954 2588 2105 2619 Pfluytmm
2134 2591 2170 2612 ac

304 2629 420 2655 Bessan.
440 2629 582 2659 prolegom.
601 2634 625 2659 p.
643 2628 704 2658 111..
723 2628 839 2653 Christ.
857 2627 937 2653 Guil.
955 2627 1096 2658 Spieker
1112 2628 1138 2653 in
1157 2628 1174 2653 1.
1194 2627 1340 2659 Confessio
1358 2626 1426 2658 fidei
1443 2629 1516 2657 Aua„
1537 2624 1702 2657 confutatio
1720 2623 1828 2655 Pontis.
1846 2625 1875 2649 et
1891 2622 2025 2654 Apoloata
2041 2621 2166 2653 conse-re.

303 2663 416 2689 Praelat.
433 2669 457 2694 p.
474 2663 574 2689 xxxlv.
593 2663 672 2695 (quos
690 2662 756 2688 duos
775 2662 855 2687 libros
875 2661 943 2687 infra
961 2662 1106 2688 accuratius
1124 2663 1289 2694 recensebo).
