2366 2958
101 148 162 180 421
449 145 487 176 ll.

100 239 321 280 Principibus,
345 247 428 280 quos
452 237 494 269 vt⁴
508 237 614 268 debeo
638 247 790 268 veneror.
836 236 904 268 Sed
926 235 993 267 vidi
1016 245 1075 267 nu-

100 293 161 324 per
183 279 474 318 Confutacionem‚
502 286 536 311 et
564 280 780 311 animaduerti
807 279 891 310 adeo
914 278 1075 309 insidiose

101 331 134 356 et
156 323 359 356 calumniose
381 324 539 364 scriptam
562 332 650 360 esse,
673 328 709 353 vt
731 320 850 353 fallere
871 321 970 352 etiam
997 331 1075 352 cau-

101 374 155 399 tos
187 367 221 398 in
258 367 357 399 certis
391 365 473 397 locis
504 372 630 406 posset·
686 364 761 395 Non
795 364 934 395 tractaui
967 369 1076 394 tamen

101 420 217 441 omnes
251 408 491 441 cauillationes.
542 408 641 438 Esset
674 408 759 438 enim
788 407 950 437 infinitum
979 415 1076 446 opuS,

101 453 163 484 sed
190 453 368 493 praecipua
394 456 589 493 argumenta
618 449 813 491 complexus
841 458 930 485 sum,
959 454 995 478 vt
1023 458 1077 478 ex·

102 500 149 526 tet
181 494 271 536 apud
295 503 410 525 omnes
438 494 607 526 nationes,
643 491 864 524 testiinonium
893 491 934 521 de
966 491 1076 527 nobis,

101 538 191 578 quod
214 543 305 568 recte
327 542 360 567 et
381 537 434 577 pie
457 537 637 567 sentiamus
662 535 703 566 de
730 532 913 574 Euangelio
942 531 1076 564 Christi.

101 579 178 610 Non
207 577 351 610 delectat
378 588 442 610 nos
470 578 660 616 discordia,
695 577 768 608 Nec
796 574 875 607 nihil
908 585 1079 606 mouemur

101 621 250 663 periculo
275 627 404 659 nostro,
428 621 517 662 quod
540 626 696 662 quantum
715 620 757 650 sit
781 619 814 649 in
837 623 928 649 tanta
950 619 1079 649 acerbi·
1102 615 1106 687 1

103 670 170 696 tate
193 664 356 701 odiorum,
380 664 499 705 quibus
520 661 733 704 intelligimus
751 670 915 692 accensos
934 670 1012 692 esse
1024 660 1079 691 ad-

103 707 284 744 uersati-ios,
297 705 397 737 facile
414 704 640 746 intelligimus,
654 705 721 736 Sed
738 713 804 734 non
820 713 1000 744 possumus
1021 704 1079 734 ab·

102 750 204 789 ijcere
237 747 444 780 manifestam
468 749 637 779 veritatem
666 752 698 777 et
721 745 896 777 Ecclesiae
925 755 1081 776 necessa·

103 793 196 828 riam,
211 801 312 833 quare
325 790 533 822 incommoda
555 796 588 821 et
611 787 759 830 pericula
782 795 918 829 propter
941 787 1081 830 gloriam

104 833 239 872 Christi,
263 840 294 865 et
316 833 489 865 vtilitatem
513 831 687 864 Ecclesiae
699 830 898 872 perferenda
911 841 989 861 esse
1008 840 1082 861 sen-

105 877 221 915 timus,
243 883 275 907 et
305 875 500 908 confidimus
524 874 596 906 Deo
620 874 754 916 probari
777 873 844 905 hoc
867 879 1017 905 nostrum
1036 871 1083 904 of·
1105 853 1112 904 l

669 1070 1106 1165 APOL

531 143 760 176 APOLOGiA
783 141 1101 175 CONFESSIONIS
1123 139 1442 174 AUGUSTANAE.
1486 139 1526 171 B.
1571 137 1760 170 ALTERA.

2040 138 2107 170 422

1126 234 1248 272 ficium,
1271 240 1303 265 et
1327 244 1502 275 speramus
1525 233 1684 274 aequiora
1707 232 1748 264 de
1771 233 1868 263 nobis
1899 230 2017 262 iudicia
2046 241 2107 272 po-

1127 277 1284 308 steritatis
1318 275 1401 308 fore.
1451 276 1567 317 Neque
1599 276 1685 306 enim
1718 275 1833 316 negari
1866 280 1994 314 potest,
2028 275 2107 315 quin

1127 318 1218 350 multi
1239 317 1304 349 loci
1330 319 1499 350 doctrinae
1512 317 1733 355 Christianae,
1757 327 1842 359 quos
1866 317 2007 348 maxime
2030 326 2105 356 pro-

1128 362 1203 392 dest
1223 368 1338 392 extare
1355 362 1387 392 in
1411 360 1577 398 Ecclesia,
1602 372 1621 391 a
1645 360 1770 392 nostris
1799 358 1954 401 patefacti
1979 365 2010 389 et
2033 358 2106 389 illu-

1127 404 1221 434 strati
1246 404 1329 440 sint,
1360 404 1413 444 qui
1444 402 1597 444 qualibus
1626 410 1658 434 et
1686 413 1784 444 quam
1809 400 2007 443 periculosis
2037 401 2105 441 opi-

1128 446 1283 477 nionibus
1306 446 1415 476 obruti
1438 446 1516 477 olim
1535 447 1693 476 iacuerint
1717 445 1804 487 apud
1824 443 2021 480 monachos,
2045 443 2106 474 Ca-

1129 489 1293 526 nonistaS,
1307 494 1339 519 et
1357 487 1549 529 Theologcs
1572 487 1759 529 Sophistas,
1783 497 1850 519 non
1873 485 1950 518 libet
1981 486 2034 518 liic
2057 496 2108 516 re-

1130 533 1242 562 citare.
1269 530 1455 562 ‘Habemus
1479 529 1610 571 publica
1633 531 1818 562 testimonia
1843 528 2019 560 multorum
2050 529 2106 559 bo-

1129 584 1248 605 norum
1283 574 1448 611 virorum,
1484 574 1538 614 qui
1568 573 1641 604 Deo
1671 574 1796 615 gratias
1828 579 1931 613 agunt
1954 582 2015 612 pro
2044 570 2111 601 hoc

1131 626 1258 648 summo
1282 615 1464 653 beneficio,
1487 617 1576 656 quod
1599 616 1641 647 de
1663 615 1774 647 multis
1800 615 2001 655 neeessarijs
2026 611 2110 644 locis

1133 659 1281 690 docuerit
1297 661 1327 694 6)
1362 657 1517 696 meliora,
1551 668 1649 699 quam
1683 659 1807 698 passim
1841 656 1994 700 leguntur
2024 655 2112 697 apud

1131 701 1345 733 aduersarios
1367 707 1515 732 nostros.
1561 700 1874 732 commendabimus
1905 701 2015 740 itaque
2039 709 2111 729 cau·

1133 755 1203 776 sam
1225 750 1371 774 nostra-n
1395 742 1547 781 Christo,
1571 744 1624 784 qui
1649 742 1727 774 olim
1756 743 1914 773 iudicabit
1945 743 2007 772 has
2033 751 2111 773 con-

1133 788 1328 824 trouersias,
1348 795 1445 827 quem
1475 796 1626 823 oramus,
1656 792 1689 817 vt
1719 786 1876 825 respiciat
1904 784 2048 817 afflictas
2076 789 2110 814 et

1133 830 1310 870 dissipatas
1333 828 1519 866 Ecclesias,
1544 834 1575 860 et
1594 829 1626 859 in
1650 828 1863 859 concordiam
1886 828 1974 867 piam
1992 833 2023 858 et
2036 837 2108 868 per-

1132 878 1265 914 petuam
1287 872 1427 913 redigat.

1136 1069 1553 1165 OGIA

868 1203 1354 1247 CONFESSIONIS.

194 1321 365 1352 Primum
386 1319 558 1352 articulum
582 1319 814 1352 Confessionis
836 1328 984 1358 nostrae,
1007 1330 1084 1361 pro·

109 1364 189 1397 bant
211 1364 317 1395 nostri
340 1362 541 1403 aduersarij,
564 1363 597 1393 in
620 1373 685 1404 quo
709 1363 906 1404 exponimus
928 1372 991 1394 nos
1015 1372 1085 1393 cre-

108 1407 188 1438 dere
211 1411 243 1438 et
266 1406 404 1444 docere,
427 1406 516 1447 quod
539 1405 582 1436 sit
610 1416 676 1437 una
706 1406 853 1437 essentia
878 1405 1009 1443 diuina,
1038 1405 1085 1436 in-

109 1449 253 1486 diuidua,
278 1454 342 1480 etc.
365 1454 398 1479 et
420 1454 530 1479 tamen
552 1454 622 1479 tres
645 1449 711 1479 sint
723 1448 897 1479 distinctae
920 1457 1087 1488 personae

108 1492 258 1523 eiusdem
281 1491 447 1522 essentiae
470 1491 612 1530 diuinae,
637 1496 670 1522 et
690 1496 880 1528 coeternae‚
901 1490 1012 1528 Pater,
1034 1490 1087 1521 Fi·
1113 1506 1116 1540 1

110 1533 188 1572 lius,
211 1539 244 1564 et
266 1533 410 1574 Spiritus
438 1540 586 1564 sanctus.
631 1533 728 1565 Hunc
757 1532 927 1565 articulum
957 1542 1089 1574 semper
1114 1543 1117 1599 Ι

112 1576 297 1613 domimus,
322 1581 355 1606 et
378 1573 597 1614 defendimus,
622 1576 663 1606 Et
685 1576 845 1607 sentimus
869 1585 944 1606 eum
964 1575 1090 1606 habere

114 1624 207 1651 certa
230 1624 263 1649 et
285 1617 379 1649 firma
401 1619 590 1649 testimonia
612 1619 645 1649 in
668 1618 841 1659 scripturis
854 1618 992 1652 sanctis,
1005 1627 1091 1659 quae

112 1659 308 1692 labefactari
330 1670 397 1691 non
420 1666 552 1702 queant.
599 1661 641 1691 Et
662 1667 858 1692 constanter
887 1659 1090 1692 affirmamus

112 1702 212 1735 aliter
232 1703 435 1740 sencientes,
458 1709 554 1734 extra
576 1702 763 1735 Ecclesiam
786 1702 927 1741 Christi,
958 1708 991 1734 et
1020 1703 1093 1735 Ido-

112 1745 255 1778 lolatras
271 1747 315 1783 ⁶¹)
338 1755 428 1783 esse,
453 1751 485 1776 et
506 1745 617 1777 Deum
640 1744 840 1777 contumelia
862 1744 1011 1778 afficere.

338 1862 396 1893 DE
418 1861 618 1894 PECCATO
642 1862 871 1894 ORIGlNALl.

203 1948 431 1979 Secundum
453 1946 627 1979 articulum
647 1948 689 1979 de
706 1955 845 1989 peccato
858 1948 1004 1990 Originis
1024 1959 1097 1990 pro·
1121 1934 1124 1996 *i

116 1992 195 2023 bant
215 1990 417 2031 aduersarij,
443 1989 567 2022 Verum
590 1990 636 2021 ita
658 1996 693 2021 vt
720 1991 965 2032 reprehendant
987 1996 1097 2023 tamen

117 2032 341 2065 definitionem
373 2033 503 2073 peccati
536 2031 734 2074 Originalis,
765 2044 863 2076 quam
897 2045 959 2065 nos
991 2002 1125 2066 obiteri

117 2075 340 2107 recitauimus.
386 2074 448 2105 Hic
480 2075 513 2106 in
546 2075 620 2116 ipso
650 2077 759 2107 statim
786 2075 952 2108 vestibulo
983 2077 1097 2119 depre-
1122 2081 1125 2099 ¹

117 2117 241 2149 hendet
262 2117 361 2148 Caes.
385 2115 562 2155 Maiestas,
593 2127 661 2149 non
688 2117 795 2150 solum
829 2120 1002 2157 iudicium,
1037 2120 1097 2151 sed
1122 2105 1125 2142 Ψ

117 2161 216 2192 etiam
248 2160 427 2191 candorem
454 2160 528 2191 istis
556 2158 722 2199 defuisse,
751 2162 807 2202 qui
832 2161 1098 2194 confutacionem
1122 2166 1126 2219 1

119 2203 337 2243 scripserunt.
383 2202 467 2234 Nam
491 2213 565 2234 cum
589 2212 651 2234 uos
681 2203 822 2244 simplici
852 2206 960 2237 animo
990 2206 1098 2237 obiter
1122 2226 1125 2250 1

119 2254 296 2276 recensere
321 2244 525 2277 voluerimus
547 2243 616 2283 illa,
639 2255 726 2286 quae
753 2254 926 2287 peccatum
951 2248 1096 2279 Oritrinis

121 2286 368 2328 complectitur,
401 2288 455 2319 isti
485 2288 607 2319 acerba
643 2288 913 2330 interpretatione
942 2273 1097 2328 conficta,

120 2331 324 2361 sentenciam
346 2340 405 2371 per
426 2340 464 2362 se
486 2329 564 2361 nihil
588 2330 765 2362 habentem
786 2332 1003 2372 incommodi,
1025 2340 1097 2365 arte

122 2372 316 2413 depranam.
360 2373 419 2405 Sic
440 2373 607 2415 inquiunt,
630 2364 707 2405 sine*
725 2380 814 2406 metu
836 2374 917 2414 Dei,
936 2377 1010 2409 sine
1032 2376 1098 2408 fide

138 2532 169 2564 6)
188 2533 315 2565 docuerit]
336 2535 372 2558 nic
389 2534 469 2559 Editt.
491 2534 582 2567 1—³.;
602 2536 649 2560 Ed.
669 2537 708 2559 4.:
728 2537 864 2561 docuerint
927 2533 933 2540 ”
1120 2456 1129 2597 Ι

140 2575 186 2607 6ο)
205 2576 373 2608 Idololatria]
391 2578 428 2601 nic
444 2578 547 2611 ucn‘pfl'5
566 2578 647 2603 Editt.
669 2579 742 2602 1—4.
762 2577 862 2604 habena:
881 2579 1008 2604 moinum

1123 2149 1125 2155 ·
1150 2139 1218 2160 rem
1242 2136 1274 2160 et
1297 2129 1452 2161 fiduciam
1475 2140 1555 2172 erga
1577 2129 1696 2162 Deum.

1122 2255 1126 2278 ²
1149 2258 1298 2298 scriptio,

1138 1329 1233 1358 esse,
1266 1326 1319 1351 est
1353 1318 1451 1361 eulpa
1481 1319 1697 1359 actualis,⁶¹³)
1738 1319 1839 1362 Igitur
1879 1325 2001 1360 negant
2040 1327 2117 1350 esse

1138 1363 1270 1403 culpam
1293 1362 1498 1404 originalem.

1224 1404 1293 1436 Has
1328 1405 1486 1447 argucias
1519 1405 1601 1437 satis
1630 1410 1769 1446 apparet
1800 1405 1833 1436 in
1865 1402 1992 1436 scholis
2021 1408 2118 1435 natas

1141 1457 1231 1485 esse,
1250 1458 1317 1479 non
1339 1448 1373 1478 in
1397 1446 1545 1479 Consilio
1569 1447 1736 1479 Caesaris.
1783 1447 1980 1488 Quanquam
2009 1452 2120 1478 autem

1141 1489 1226 1522 haec
1254 1489 1423 1521 cauillatio
1450 1489 1606 1521 facillime
1634 1489 1753 1522 reuelli
1785 1490 1910 1531 possit,
1942 1495 2052 1520 tamen
2084 1494 2121 1520 vt

1143 1542 1258 1565 omnes
1281 1533 1359 1564 boni
1388 1532 1451 1564 viri
1479 1531 1681 1574 intelligant,
1711 1542 1774 1563 nos
1803 1531 1885 1563 nihil
1914 1532 2049 1564 absurdi
2079 1531 2121 1564 de

1141 1576 1206 1608 hac
1230 1585 1334 1607 causa
1356 1576 1491 1614 docere,
1506 1577 1551 1617 ⁰0)
1573 1575 1717 1608 Primum
1735 1574 1889 1617 petlmuS,
1911 1581 1946 1606 vt
1969 1574 2123 1616 inspicia-

1143 1625 1196 1650 tur
1219 1618 1410 1660 germanica
1432 1617 1622 1656 confessio,
1644 1617 1728 1650 haec
1747 1617 1902 1649 absoluet
1930 1627 1992 1649 nos
2016 1617 2123 1659 suspi-

1148 1662 1244 1694 cione
1263 1661 1437 1700 nouitatis,
1461 1661 1518 1694 Sic
1541 1662 1627 1693 enim
1658 1661 1703 1692 ibi
1733 1661 1890 1702 scriptum
1918 1666 1988 1699 est,
2016 1660 2127 1693 Qsscitet

1147 1705 1219 1736 miti>
1245 1705 1358 1745 geletet,
1382 1704 1440 1736 bas
1463 1705 1531 1744 ned)
1555 1705 1618 1736 bem
1641 1703 1694 1743 fau
1718 1702 1800 1735 mbae
1829 1705 1884 1735 asse
1914 1703 2068 1743 menschen,
2098 1703 2126 1742 so

1147 1747 1289 1784 nattirlid)
1309 1749 1415 1788 gebotn
1437 1747 1567 1785 merben'
1591 1754 1649 1784 nnn
1674 1747 1779 1783 funben
1799 1747 1971 1788 empfongen
2001 1747 2058 1778 »nb
2082 1756 2127 1788 ges

1148 1790 1219 1820 bom
1242 1789 1373 1823 merten,
1397 1790 1454 1821 1³⁸1ss
1479 1790 1522 1827 iit,
1553 1792 1608 1820 bna
1639 1789 1674 1821 ste
1704 1789 1759 1820 <isse
1789 1797 1845 1820 non
1873 1795 1977 1820 mutter
2001 1789 2054 1820 [cib
2079 1798 2125 1824 ειη,

1148 1832 1206 1862 nou
1231 1830 1308 1868 biset
1333 1831 1385 1867 {fist
1401 1833 1431 1869 ⁷)
1454 1833 1510 1863 nnb
1539 1839 1674 1873 nengung
1704 1830 1780 1869 stnb'
1810 1831 1882 1864 {eine
1912 1839 1989 1863 mate
2018 1830 2127 1863 OEottess

1149 1873 1243 1913 ford7t'
1273 1874 1332 1905 fein
1360 1881 1457 1906 maten
1495 1877 1618 1915 glauben
1649 1884 1686 1906 un
1717 1874 1808 1912 OEott,
1835 1881 1893 1906 non
1921 1878 2007 1906 natur
2037 1875 2127 1911 buben

1149 1915 1266 1948 ifinnen.
1312 1915 1375 1947 Hic
1397 1915 1495 1948 locus
1518 1922 1659 1948 testatur
1681 1926 1761 1954 nos,
1786 1926 1852 1948 non
1880 1914 1988 1947 solum
2019 1922 2126 1955 actus,

1149 1957 1209 1989 sed
1231 1959 1417 2000 potenciam
1440 1969 1501 1990 seu
1524 1959 1613 1991 dona
1635 1958 1798 1991 efficiendi
1822 1959 1972 1990 timorem
1992 1964 2026 1990 et
2048 1959 2129 1991 fidu-

1149 2001 1233 2032 ciam
1256 2011 1338 2043 erga
1356 2001 1464 2033 Deum
1481 2002 1625 2033 adimere
1645 2002 1836 2044 propagatis
1855 2001 2037 2033 secundum
2056 2012 2128 2034 car-

1123 2042 1258 2080 ¹nalem
1292 2049 1461 2082 naturam,
1494 2043 1645 2076 Dicimus
1680 2045 1766 2076 enim
1800 2045 1844 2076 ita
1876 2050 1974 2076 natos
2002 2044 2128 2076 habere

1150 2087 1472 2127 concupiscentiam,
1502 2097 1566 2119 nec
1595 2098 1697 2127 posse
1726 2086 1862 2119 efficere
1891 2097 2006 2118 verum
2036 2088 2128 2119 timo-

1742 2130 1829 2165 Quid
1851 2129 1904 2161 hic
1929 2129 2127 2172 reprehendi

1149 2172 1280 2213 potest?
1322 2172 1426 2203 Bonis
1457 2173 1536 2205 viris
1572 2173 1704 2214 quidem
1731 2173 1928 2205 arbitramur
1953 2182 2015 2203 nos
2045 2174 2127 2204 satis

1149 2220 1310 2256 purgatos
1333 2224 1420 2246 esse.
1455 2214 1540 2247 Nam
1561 2217 1594 2247 in
1617 2215 1703 2248 hanc
1727 2216 1927 2247 sentenciam
1950 2214 2052 2247 latina
2074 2216 2127 2247 de-

1341 2258 1496 2289 otentiam
1519 2264 1657 2290 naturae
1680 2257 1834 2296 detrahit,
1857 2258 1922 2289 hoc
1946 2264 2014 2296 est,
2038 2258 2126 2290 dona

1149 2306 1183 2331 et
1205 2301 1270 2331 vim
1293 2310 1311 2332 e
1328 2300 1458 2332 ficiendi
1481 2301 1629 2333 timorem
1653 2308 1685 2333 et
1709 2300 1862 2333 fiduciam
1891 2310 1973 2344 erga
2003 2300 2124 2339 Deum,

1150 2343 1292 2374 detrahit
1319 2349 1351 2374 et
1379 2344 1412 2375 in
1442 2342 1564 2376 adultis
1593 2350 1700 2376 actus.
1746 2343 1789 2374 Vt
1819 2353 1892 2375 cum
1919 2343 2126 2376 nominamus

1166 2495 1213 2527 Gb)
1233 2497 1362 2529 actualis,]
1382 2497 1462 2521 Editt.
1482 2498 1571 2520 2-4.:
1590 2497 1697 2521 actualis
1721 2497 1851 2528 (commate
1869 2496 1959 2529 detero)

1167 2539 1211 2570 6ο)
1231 2539 1350 2571 docet-od
1369 2539 1449 2564 Editt.
1471 2541 1494 2563 2.
1513 2541 1552 2564 4.:
1572 2540 1674 2563 docere.

1121 2600 1124 2606 .
1169 2581 1197 2611 7)
1218 2580 1286 2612 brist:
1304 2580 1360 2614 [iifl]
1381 2582 1429 2606 Ed.
1450 2584 1490 2606 4.:
1509 2582 1584 2606 beser
1602 2582 1652 2606 lust

1866 2633 1918 2657 ²⁷·
