2366 2958
438 91 450 98 η

83 115 150 149 4¹73
436 112 475 145 ΙΙ.

84 212 219 238 ouer-ret,
242 211 269 232 et
285 211 396 232 terreret
418 207 605 236 conscientias,
629 210 655 230 et
676 211 784 237 augeret
806 209 949 238 peccatum.
984 204 1060 229 Reci-

78 244 194 268 cauimus
218 243 365 267 testimonia
387 241 537 266 exclusione
566 241 720 272 particulae,
744 248 810 272 quae
835 247 965 272 speramus
987 239 1062 263 bonis

83 278 146 303 viria
164 277 328 301 satisfactura
348 283 412 305 esse,
428 275 522 307 Neque
539 279 624 299 tamen
643 275 750 299 difficile
768 275 818 299 erit
835 275 911 306 plura
927 273 1062 304 colligere,

80 312 107 337 ai
125 312 167 336 cui
185 310 251 335 haec
268 318 322 335 non
339 310 508 335 satisfacient.

152 345 237 371 Porro
256 352 310 370 non
328 352 414 369 sumus
430 344 498 368 adeo
516 343 632 373 hebetes,
650 350 681 367 ac
699 343 755 367 sine
774 342 904 367 communi
928 348 1017 370 sensu,
1035 345 1064 365 vt

83 387 138 405 non
156 380 292 404 videamus
310 379 371 411 quid
388 379 484 403 habeat
501 377 668 401 absurditatis
687 377 783 407 dicere,
802 376 868 407 (ful.
889 383 905 400 n
923 375 972 405 21³)
991 375 1062 407 quod

83 414 136 439 fide
153 414 322 438 iustificemur
339 418 445 445 propter
463 412 602 442 Christum,
621 415 646 435 et
663 419 716 435 nou
741 415 846 443 propter
864 417 943 441 opera
965 413 1062 438 nostra,

82 449 202 474 videmus
221 452 247 471 et
263 448 313 480 ipsi
331 455 385 471 non
403 447 502 475 deesse,
520 447 563 477 qui
583 446 646 469 illud
665 446 798 470 obiiciant.
831 445 966 469 Faciamus
984 443 1062 472 mala,

83 487 112 508 vt
129 483 252 506 eueniant
270 483 346 506 bona.
380 481 471 512 Itaque
490 480 561 504 nullo
579 481 658 504 modo
675 480 744 504 hanc
762 479 921 503 exclusiuam
941 477 1063 501 defende-

83 524 179 547 remus,
195 517 246 540 nisi
265 516 402 540 autoritate
420 515 564 546 scripturae
588 521 752 545 cogeremur,
777 514 827 537 nisi
850 513 982 544 pertinere
1007 518 1063 535 eam

83 551 118 575 ad
136 551 247 582 gloriam
265 550 361 574 Christi
379 549 558 578 indicaremus,
577 549 618 572 cui
637 548 782 573 detrahitur
799 547 883 570 honos
899 546 1062 570 iustificatio-

83 585 142 615 nis,
160 592 216 609 cum
235 584 356 608 tribuitur
373 584 468 608 nostris
486 583 616 614 operibus.

152 619 189 642 At
206 618 325 642 fortassis
345 618 452 642 obiiciet
469 618 578 648 aliquis,
597 616 738 640 desiderari
761 616 787 639 in
811 615 888 639 nobis
910 612 1062 638 ἐπιείκειαν.

84 652 150 677 Cum
167 653 236 676 enim
255 653 382 683 scriptura
400 652 467 676 alias
483 652 579 675 tribuat
604 649 813 674 iustificationem
837 648 972 680 operibus,
997 648 1062 671 alias

83 687 160 717 fidei,
183 688 313 711 commodi
336 687 492 717 interpretes
504 685 532 717 “)
557 692 613 708 esse
638 686 689 708 ista
713 684 883 714 coniungere,
909 687 933 705 et
960 683 1063 710 docere,

83 721 154 753 qnod
173 720 291 744 homines
310 720 488 749 iustificentur,
506 720 598 751 partim
615 718 667 742 fide
687 719 713 741 in
733 717 880 747 Christum,
900 717 993 748 partim
1011 723 1062 739 me-

83 755 140 779 ritis
158 755 257 779 nostris
276 762 321 779 seu
340 759 444 786 propter
468 754 536 778 bona
555 759 643 784 opera.
680 752 752 776 Haec
778 749 907 775 ἐπιείκεια
931 751 1063 774 videretur

82 789 178 814 multas
197 790 388 813 controuersias
406 788 508 812 tollere.
544 788 587 811 Ad
605 787 655 810 hoc
680 787 788 817 primum
812 786 849 809 ita
871 785 1062 816 respondemus

83 823 139 848 ctu-
156 823 224 847 hanc
241 820 390 848 ἐπιείκειαν
406 829 460 846 non
479 821 618 852 persuadet
637 821 809 849 aduersariis,
833 821 876 851 qui
901 819 966 843 nihil
990 826 1063 850 pror-

82 864 127 881 sus
145 857 178 881 de
195 858 298 882 iusticia
314 857 376 880 fidei
395 856 509 880 docent?
537 856 603 879 Cum
627 855 659 878 de
677 855 727 878 fide
749 854 879 883 scribunt,
901 861 932 877 ac
955 854 1063 884 loquun—

83 895 125 915 tur
143 896 241 915 tautum
260 891 463 922 interpretantur
480 889 557 913 fidem
577 889 609 912 de
628 890 727 913 noticia
744 888 884 917 historiae,
909 895 961 911 non
980 887 1062 919 requi-

83 929 144 949 runt
161 925 227 949 hanc
250 924 343 954 fidem,
368 928 490 956 tanquam
516 923 702 952 necessariam,
729 923 763 947 ad
788 922 1010 951 insufflationem,
1035 926 1063 944 vt

83 959 219 983 credamus
237 959 307 990 qnod
325 963 430 990 propter
455 958 588 982 Christum
611 959 688 981 simus
711 957 811 988 accepti
834 956 908 985 Deo,
933 956 1002 987 quod
1027 956 1063 979 ita

83 1000 270 1025 consequamur
295 993 473 1017 remissionem
497 996 675 1023 pcccatorum,
700 992 721 1015 si
745 991 878 1015 credamus
903 998 934 1014 ea
955 990 1062 1013 remitti.

81 1026 165 1052 Nulla
183 1027 216 1050 de
233 1027 282 1051 hau
299 1027 350 1050 fide
370 1027 469 1057 syllaba
487 1027 512 1050 in
531 1026 740 1049 aduersariorum
758 1026 830 1049 libris
850 1025 952 1048 ostendi
970 1027 1064 1056 potest,

81 1060 136 1086 Sed
155 1062 212 1086 sine
229 1061 279 1085 hac
297 1061 348 1084 fide
367 1060 570 1090 misericordiae,
582 1064 607 1083 et
624 1060 725 1090 gratiae
736 1059 796 1088 Dei,
815 1059 915 1089 fingunt
933 1059 1063 1082 hominem

81 1095 121 1119 sic
139 1095 254 1126 reputari
273 1095 367 1118 iustum
388 1101 476 1118 coram
495 1094 563 1123 Deo,
582 1101 639 1117 cum
657 1093 736 1117 habet
760 1094 876 1117 habitum
901 1093 973 1116 illum
999 1092 1063 1116 cari-

83 1129 162 1159 tatis,
190 1133 217 1152 et
239 1128 290 1152 boc
317 1129 420 1153 adiutus
443 1129 508 1152 bene
530 1132 660 1159 operatur.
699 1127 768 1157 Quid
796 1127 839 1151 liic
857 1128 912 1157 agit
929 1126 1064 1150 Christus?

84 1162 137 1187 Vbi
155 1163 185 1186 fit
202 1163 243 1186 hic
261 1164 358 1186 mentio
378 1163 447 1192 fidei,
466 1167 491 1186 et
509 1162 743 1194 apprehendendae
760 1161 963 1185 misericordiae.
989 1161 1063 1184 Adeo

83 1197 111 1221 in
129 1197 280 1221 vninersum
298 1197 347 1220 fuit
366 1203 489 1228 oppressa
507 1197 610 1220 iusticia
627 1196 704 1225 fidei,
722 1199 749 1219 vt
766 1203 797 1219 ne
816 1203 875 1226 pars
899 1195 1003 1226 quidem
1026 1195 1063 1218 iu-

84 1231 248 1255 stificationis
267 1232 423 1255 tribueretur
440 1231 499 1254 huic
518 1230 587 1259 fidei,
606 1231 638 1254 de
657 1237 708 1261 qua
725 1230 767 1253 hic
785 1229 922 1260 loquimur,
938 1236 1002 1259 quae
1012 1235 1064 1252 non

82 1268 185 1289 tantum
203 1265 328 1289 historiae
346 1266 445 1288 noticia
464 1269 517 1294 est,
535 1265 582 1289 sed
601 1265 680 1288 sentit
701 1264 777 1288 uobis
802 1264 866 1294 (fol.
891 1271 907 1287 n
927 1263 974 1293 3⁸)
1000 1270 1063 1293 opus

83 1306 141 1323 esse
166 1299 358 1327 misericordia,
389 1303 416 1321 et
437 1299 528 1322 statuit
551 1306 598 1322 nos
623 1302 693 1322 certo
712 1298 835 1329 consequi
858 1297 1065 1321 misericordiam

80 1335 194 1365 propter>
207 1332 352 1362 christum,
371 1333 435 1356 Ideo
453 1333 537 1356 nostri
555 1333 622 1356 bene
646 1339 677 1356 ac
699 1332 816 1363 preclare
840 1331 970 1361 feceruut,
993 1331 1064 1362 quod
1087 1364 1090 1369 .

517 110 1086 145 APOLOGIA-CONFESsioNis
1109 110 1425 143 AUGUSTANAE.
1469 109 1509 142 B.
1551 108 1742 141 ALTERA.

1086 295 1092 460 ¹

79 1373 170 1392 rursus
188 1368 359 1391 ostenderunt
375 1366 500 1391 Ecclesiis
518 1367 645 1391 iusticiam
668 1366 745 1395 fidei,
769 1366 835 1389 adeo
860 1365 985 1397 sepultam
1008 1365 1064 1397 phi·
1087 1373 1091 1391 ι

81 1400 224 1433 losophicis
244 1401 467 1433 disputacionibus
490 1401 711 1425 scholasticorum.
748 1399 818 1429 Quid
835 1405 876 1424 est
898 1400 967 1423 enim
991 1400 1063 1423 iusti-

79 1435 168 1460 ficatio
187 1435 240 1465 illa,
259 1436 316 1459 sine
334 1435 382 1459 hac
400 1434 453 1458 fide
471 1436 498 1459 in
517 1434 657 1465 Christum,
675 1435 725 1458 nisi
743 1433 909 1466 philosophia
927 1433 1063 1464 quaedam,

1087 1418 1090 1446 l

80 1472 127 1494 aut
151 1473 224 1494 certe
247 1469 412 1494 Induis-us?
448 1468 538 1501 Itaque
560 1469 603 1493 isti
628 1470 671 1500 qui
698 1472 766 1492 nunc
788 1476 805 1492 a
825 1468 901 1492 nobis
928 1468 1064 1499 requirunt
1087 1468 1090 1481 ²

80 1504 148 1529 tales
171 1501 330 1533 ἐπιεικείας,
354 1503 460 1527 iubeant
480 1504 551 1535 prius
576 1503 742 1527 aduersarios
767 1510 868 1526 errores
893 1510 955 1526 suos
980 1509 1062 1533 agno-

78 1544 161 1568 scere,
180 1541 208 1562 et
224 1545 257 1562 ex
274 1538 394 1562 Ecclesia
411 1538 513 1562 eiicere.
539 1538 599 1562 Hoc
617 1539 639 1561 si
657 1542 799 1568 grauantnr
815 1537 917 1567 facere,
934 1544 989 1560 non
1007 1537 1062 1560 exi-

80 1576 146 1604 gant
163 1579 180 1596 a
202 1572 278 1596 nobis
302 1572 380 1596 talem
407 1569 556 1595 ἐπιείκειαν
580 1579 645 1603 quae
667 1572 877 1595 aduersariorum
901 1577 1003 1595 errores
1027 1571 1062 1595 ad

81 1610 182 1638 tempus
201 1609 291 1637 tegere
308 1606 422 1636 videtur,
440 1610 470 1630 vt
487 1606 508 1629 si
528 1607 627 1630 semina
644 1605 760 1630 heserint
777 1606 803 1629 in
829 1604 948 1628 Ecclesia
973 1605 1062 1636 paula—

80 1641 128 1665 tim
145 1643 231 1664 tamen
249 1640 413 1672 repullulent.
454 1639 590 1664 Caeterum
613 1640 692 1671 paulo
716 1643 775 1671 post
799 1640 912 1663 dicemus
929 1639 1061 1671 quomodo

1088 1652 1089 1657 =
1113 1640 1180 1670 fidit,
1199 1640 1245 1664 has
1263 1640 1328 1669 odit,
1347 1639 1392 1664 has
1411 1644 1488 1664 amat.

81 1674 213 1699 tribuam:
232 1674 382 1699 iusflficatio
400 1674 530 1705 operibus.
566 1674 672 1699 Interim
691 1675 774 1698 sciant
791 1674 902 1698 lectores
923 1680 973 1697 uos
990 1674 1063 1697 illam
1088 1684 1090 1701 1

80 1706 229 1733 ἐπιείκειαν
245 1716 300 1732 non
318 1709 444 1739 recipere,
464 1712 491 1732 vt
514 1709 661 1732 iustificatio
685 1709 778 1740 partim
801 1709 927 1732 tribuatur
949 1708 1012 1731 fidei
1035 1708 1062 1732 in
1088 1719 1089 1722 ¹

80 1743 228 1772 Christum,
250 1743 344 1774 partim
368 1743 467 1766 meritis
490 1743 599 1773 nostris,
617 1743 692 1773 qnasi
716 1746 806 1766 nostra
829 1749 909 1774 opera
932 1743 984 1766 sint
1005 1749 1063 1773 pre-

80 1777 148 1801 cium
167 1781 193 1801 et
210 1777 363 1808 propiciatio
381 1780 490 1808 propter
507 1784 583 1808 quam
601 1776 782 1801 reconcilietur
801 1776 886 1807 Deus,
910 1777 971 1808 quia
992 1776 1062 1799 solus

81 1810 200 1836 christus
218 1811 366 1842 propositus
391 1815 430 1834 est
454 1810 545 1839 nobis,
574 1816 602 1834 vt
626 1812 661 1835 sit
684 1811 850 1842 propiciator.
886 1811 969 1834 Huius
992 1817 1062 1834 mors

81 1849 122 1870 est
138 1845 244 1870 victima
262 1849 288 1869 et
306 1845 466 1874 satisfactio,
490 1849 595 1876 propter
619 1853 696 1876 quam
719 1846 902 1869 reconciliatur
926 1845 998 1869 Deus
1022 1844 1063 1868 his

79 1880 125 1911 qui
143 1880 274 1910 accipiunt
291 1879 407 1903 oblatam
425 1880 624 1910 promissionem
646 1881 762 1909 gratiae,
785 1879 836 1903 hoc
860 1884 913 1908 est,
937 1880 981 1910 qui
1004 1886 1062 1902 cre-

81 1914 147 1937 dunt
165 1913 215 1938 sibi
232 1913 318 1938 Deum
342 1913 471 1944 placatum
493 1918 520 1937 et
543 1914 686 1945 propicium
710 1921 767 1937 esse
793 1919 898 1945 propter
921 1913 1062 1937 Christum.

83 1946 172 1976 Quare
198 1951 224 1970 et
241 1948 368 1978 scriptura
390 1951 461 1971 vetat
483 1948 642 1972 confundere
665 1948 759 1971 merita
784 1948 898 1976 Christi,
922 1951 948 1971 ct
971 1947 1063 1971 merita

81 1988 188 2013 operum
206 1985 361 2011 nostrorum,
379 1981 453 2005 addit
470 1981 629 2006 exclusiuam
647 1982 811 2013 particulam,
835 1990 891 2006 cum
917 1981 1008 2005 tribuit
1025 1982 1063 2005 in-

80 2016 263 2040 atfficationem
280 2015 350 2044 fidei,
368 2017 416 2039 Ait
432 2016 500 2039 enim
519 2017 605 2047 gratia
621 2017 716 2040 salusti
731 2018 793 2041 estis
811 2024 857 2048 per
876 2016 963 2041 fidem.
987 2016 1059 2045 Item,

80 2050 245 2074 Arbitrantur
262 2049 394 2073 hominem
412 2049 546 2073 iustificari
563 2050 615 2074 fide
633 2050 688 2074 sine
706 2051 836 2082 operibus.
873 2051 923 2074 Hic
946 2050 1062 2074 videmus

82 2084 228 2108 exclnsiuas
259 2084 402 2115 particulas
425 2084 495 2108 addi.
531 2084 648 2108 Econtra
669 2092 725 2108 cum
750 2085 781 2109 de
804 2085 924 2116 operibus
948 2085 1062 2115 loquitur

80 2125 132 2143 uon
152 2118 266 2142 excludit
283 2117 368 2147 sidem,
387 2118 439 2141 imo
458 2125 615 2149 magnopere
632 2119 742 2150 requirit
759 2126 824 2143 eam.
863 2119 927 2144 Sine
945 2118 1004 2148 tide,
1023 2119 1061 2142 iu-

81 2153 145 2184 quit,
163 2151 320 2184 impossibile
339 2157 379 2176 est
396 2152 455 2176 Deo
474 2152 585 2183 placere,
603 2159 654 2182 qua
670 2153 697 2176 in
715 2160 744 2177 re
762 2153 885 2183 ostendit,
905 2153 974 2184 quod
993 2153 1061 2177 bona

80 2193 162 2218 opera
179 2191 278 2210 tantum
295 2190 402 2218 propter
419 2185 496 2210 fidem
514 2186 642 2218 placeant,
661 2187 727 2218 (fol.
745 2195 762 2211 n
780 2187 831 2219 3¹³)
849 2195 901 2211 non
921 2187 991 2218 quod
1009 2188 1062 2211 sint

80 2221 195 2252 precium
214 2225 240 2244 et
257 2221 424 2252 propiciatio,
443 2226 470 2244 vt
487 2221 524 2244 ita
541 2221 692 2252 loquamur,
711 2229 743 2245 ex
762 2228 841 2253 opere
865 2226 983 2254 operato.
1018 2222 1061 2245 Ad

80 2254 147 2279 haee
173 2261 253 2287 'upra
278 2255 453 2285 ostendimus,
477 2255 547 2285 quod
574 2256 739 2285 regeneratio
763 2255 809 2280 fiat
834 2263 887 2280 non
907 2263 953 2287 per
971 2263 1061 2287 opera,

81 2289 128 2313 aed
146 2296 192 2321 per
215 2288 301 2313 fidem.
339 2289 372 2312 Et
395 2290 565 2313 certissimum
595 2293 634 2313 est
657 2293 754 2314 tantum
780 2290 832 2314 fide
854 2291 922 2314 vinci
948 2294 1061 2314 terrores

80 2323 181 2354 peccati
199 2327 226 2347 et
243 2323 344 2347 mortis.
378 2322 455 2347 Nunc
478 2324 499 2347 si
517 2324 670 2355 recipiamus
694 2323 765 2347 illam
787 2331 891 2348 suanem
913 2322 1061 2348 ἐπιείκειαν

81 2357 145 2389 quid
163 2361 233 2381 esset
249 2357 379 2387 futurum,
397 2357 446 2381 nisi
472 2362 500 2381 vt
523 2357 639 2381 homines
662 2362 816 2382 conarentur
839 2359 937 2383 mederi
963 2359 1060 2382 territis

82 2392 247 2416 conscientiis
264 2398 311 2422 per
329 2398 423 2423 opera,
442 2396 578 2423 quererent
600 2392 742 2422 sacrificia,
766 2393 848 2416 cultus
866 2400 965 2422 nouos,
989 2397 1060 2422 vota,

81 2432 193 2455 eremos,
211 2430 238 2449 et
255 2425 358 2455 similia,
375 2426 443 2450 sicut
459 2425 532 2456 Saul,
550 2426 682 2456 Manasse,
702 2430 727 2450 et
745 2427 843 2451 similes
861 2427 887 2451 in
911 2427 1059 2452 afflictioni-

81 2459 129 2494 bus
149 2460 294 2492 querebant
310 2461 420 2491 gratiam
439 2464 465 2484 et
481 2467 571 2492 pacem
589 2461 657 2485 serio
676 2467 722 2492 per
738 2461 852 2486 maxima
865 2464 891 2485 et
909 2461 1060 2486 difficillima

101 2527 130 2561 ‘)
148 2527 212 2553 Sine
230 2527 309 2552 dubio
327 2528 480 2559 legendum:
497 2529 648 2562 interpr-die,
666 2529 693 2553 id
711 2529 781 2560 quod
800 2529 878 2553 etiam
899 2527 1059 2553 Buschius

151 2563 180 2587 in
197 2563 264 2588 libro
283 2569 360 2594 supra
376 2570 403 2595 p.
421 2562 472 2588 ³9³
491 2571 529 2596 sq.
547 2563 654 2588 laudato
671 2571 696 2595 p.
718 2564 794 2588 1004.
813 2563 838 2588 b.
857 2563 875 2589 1.
895 2563 1009 2588 exhibet.

2025 110 2091 142 474

1115 212 1202 236 opera.
1238 205 1278 228 Ac
1298 212 1361 229 vero
1379 204 1510 229 habebant
1526 204 1612 234 fidem,
1629 203 1679 227 hoc
1698 207 1751 233 est,
1769 204 1890 228 noticiam
1913 204 2039 229 historiae
2057 205 2092 229 de

1114 238 1182 268 Deo,
1201 242 1227 262 et
1245 239 1417 270 sequebantur
1435 238 1502 263 hanc
1520 236 1680 268 ἐπιείκειαν,
1698 238 1768 269 quod
1790 239 1882 269 partim
1904 238 1970 269 fide,
1994 240 2088 270 partim

1115 277 1221 304 propter
1238 280 1299 296 suos
1318 273 1399 296 cultus
1418 278 1443 297 et
1460 280 1541 305 opera
1559 277 1780 303 consequerentur
1803 275 1921 303 gratiam.
1957 273 2008 298 Sed
2027 274 2093 298 tales

1115 314 1200 338 neque
1223 314 1326 338 pacem,
1354 314 1437 338 neque
1464 308 1588 331 noticiam
1616 307 1667 331 Dei
1692 308 1815 338 consequi
1840 314 1951 338 vnquam
1975 311 2092 338 possunt,

1115 341 1176 371 quia
1194 341 1262 364 enim
1279 342 1409 365 intuentur
1432 342 1459 365 in
1484 349 1562 372 opus,
1587 345 1612 365 et
1634 342 1764 373 propriam
1788 341 1930 370 iusticiam,
1955 346 1980 364 et
2002 342 2094 365 uident

1116 382 1172 398 eam
1190 375 1347 398 immundam
1367 382 1433 404 esse,
1452 375 1541 400 vident
1558 383 1586 399 se
1605 383 1656 399 non
1674 375 1824 399 satisfacere
1842 375 1902 405 legi,
1925 376 1984 399 ideo
2001 376 2091 407 despe-

1114 413 1202 433 rantes
1220 409 1285 432 nibil
1303 413 1401 440 petunt,
1419 414 1463 433 aut
1481 414 1553 433 certo
1573 414 1709 441 expectant
1721 410 1814 434 aDeo.
1845 409 1886 433 Ita
1903 416 2031 440 nunquam
2051 410 2089 433 di-

1113 447 1190 467 scunt
1217 450 1294 467 nosse
1322 445 1431 473 gratiam
1462 448 1487 466 et
1505 445 1706 468 misericordiam
1728 444 1794 474 Dei,
1822 451 1952 474 nunqnam
1980 444 2092 473 discunt,

1115 478 1184 508 qnod
1204 477 1275 501 Deus
1301 477 1408 500 exaudit
1432 478 1591 502 inuocantes.
1629 477 1716 507 Quare
1740 479 1798 507 isti,
1826 479 1868 509 qui
1894 478 1989 502 docent
2012 477 2092 502 confi-

1115 512 1178 535 dere
1196 511 1305 542 propriis
1323 511 1431 541 meritis,
1450 519 1495 535 seu
1514 519 1622 543 querere
1641 514 1750 543 gratiam
1771 516 1796 536 et
1815 520 1903 543 pacem
1922 519 1967 543 per
1986 513 2092 543 propria

1115 552 1194 576 opera
1223 546 1290 569 male
1317 545 1455 569 consulunt
1482 546 1626 576 Ecclesiae,
1654 547 1714 578 quia
1740 551 1765 570 et
1789 547 1960 571 conscientias
1984 546 2091 577 pauidas

1114 580 1247 604 adducunt
1265 580 1298 603 ad
1317 579 1540 610 desperationem,
1566 585 1591 603 et
1609 582 1765 611 extinguunt
1784 582 1906 605 uoti-iam
1925 581 1989 610 Dei,
2008 580 2092 604 cultus

1116 614 1228 644 erigunt,
1246 615 1272 637 in
1291 613 1382 644 quibus
1402 614 1497 637 colitur
1515 614 1587 637 Dens
1605 615 1637 638 ab
1656 616 1755 645 ignaris
1775 619 1799 638 et
1816 615 1989 639 nescientibus
2007 619 2092 639 vtrum

1115 649 1246 677 exaudiat,
1265 651 1348 672 vtrnm
1366 648 1488 679 respiciat
1507 648 1587 671 Deus.
1623 650 1657 673 Hi
1678 650 1759 672 cultus
1778 657 1830 673 non
1851 650 1977 673 delectant
1997 649 2092 673 Deum.

1115 684 1152 706 At
1168 682 1263 706 Paulus
1281 682 1374 713 inquit,
1389 682 1519 706 iustificati
1540 690 1572 706 ex
1589 682 1640 706 fide
1660 691 1747 714 pacem
1766 684 1898 707 habemns.
1932 683 2005 707 Tunc
2024 684 2093 707 euim

1115 717 1254 748 acquiescit
1273 723 1333 746 cor,
1353 724 1410 739 enm
1430 717 1512 739 credit
1531 721 1555 740 et
1581 722 1652 741 certo
1678 718 1781 747 statuit,
1801 718 1870 748 quod
1894 717 1965 741 Dens
1988 722 2093 749 propter

1115 750 1245 774 Christum
1264 751 1344 781 gratis
1362 751 1488 781 ignoscat,
1508 755 1533 773 et
1552 752 1682 775 exaudiat.
1710 751 1791 782 quue
1807 753 1951 783 assequitur
1969 752 2093 776 noticiam

1115 785 1172 814 Dei,
1191 792 1248 808 cum
1268 788 1387 816 expectat
1406 789 1431 808 et
1449 785 1543 816 accipit
1561 792 1576 809 a
1599 786 1657 809 Deo
1682 786 1886 810 consolationem
1910 790 1935 809 et
1959 786 2093 810 auxilium.

1116 818 1189 848 Quae
1208 827 1265 843 cnm
1283 820 1319 843 ita
1337 820 1398 849 sint,
1417 819 1493 843 etiam
1511 824 1588 850 atque
1608 821 1683 843 etiam
1703 820 1841 844 videndum
1861 824 1898 843 est
1923 820 1989 851 (jol.
2009 828 2024 844 n
2044 821 2093 852 4³)

1115 853 1204 882 nobis,
1223 861 1255 877 ne
1270 854 1420 885 >doctrinam
1438 854 1470 877 de
1487 853 1546 882 fide,
1566 860 1631 885 quae
1650 855 1732 884 gratis
1758 854 1925 885 apprehendit
1948 855 2094 879 misericor-

1116 888 1185 911 dium
1204 887 1265 918 Dei,
1284 889 1412 919 corrumpi
1431 889 1559 916 sinamus,
1578 888 1694 912 admixta
1712 888 1798 919 aliqua
1824 889 1947 919 opinione
1973 888 2093 919 humana,

1115 922 1266 945 blandiente
1293 923 1319 945 in
1347 923 1472 953 speciem,
1499 929 1566 953 quae
1590 926 1674 945 tamen
1699 923 1788 946 obruit
1813 927 1838 946 et
1862 923 1989 953 extinguit
2008 923 2094 951 fidem,

1116 955 1253 987 Nunquam
1272 957 1397 986 consequi
1417 956 1538 980 noticiam
1558 956 1609 980 Dei
1633 960 1659 980 et
1681 956 1793 986 Christi,
1818 964 1947 987 nunquam
1971 957 2096 988 consequi

1115 997 1205 1022 pacem
1233 991 1448 1014 conscientiarum
1475 995 1586 1022 possunt
1612 991 1670 1019 isti,
1695 992 1739 1021 qui
1766 998 1819 1014 non
1843 993 1928 1015 sciunt
1953 999 1980 1014 se
2000 991 2095 1015 debere

1117 1025 1236 1054 credere,
1263 1029 1289 1048 et
1311 1032 1357 1056 per
1381 1024 1459 1049 fidem
1485 1025 1566 1055 gratis
1591 1029 1729 1056 expectare
1756 1025 1878 1056 gratiam,
1906 1025 2048 1055 iusticiam,
2071 1029 2097 1049 et

1133 1066 1214 1083 acem.

1115 1067 1131 1091 p
1186 1092 1338 1123 Quanquam
1366 1097 1451 1116 autem
1476 1100 1553 1124 saepe
1578 1094 1627 1116 iam
1652 1093 1871 1124 significauimus,
1895 1093 1963 1124 quod
1990 1094 2095 1118 dilectio

1118 1131 1143 1151 et
1161 1127 1228 1151 bona
1246 1133 1326 1158 epeia
1344 1127 1415 1158 sequi
1433 1127 1510 1150 fidem
1530 1127 1650 1156 debeant,
1670 1132 1756 1151 tamen
1777 1132 1802 1151 et
1821 1132 1847 1151 rt
1865 1129 1997 1151 sentencia
2021 1128 2093 1152 clare

1116 1161 1229 1192 intelligi
1248 1162 1343 1192 possit,
1366 1166 1392 1186 et
1415 1166 1441 1184 vt
1459 1162 1504 1185 illa
1528 1162 1587 1185 loca
1610 1162 1784 1193 explicemus,
1807 1169 1872 1192 quae
1896 1163 1977 1186 citant
2003 1162 2095 1186 aduer-

1117 1196 1179 1219 sarii
1199 1195 1376 1224 defendentes,
1395 1196 1465 1225 quod
1485 1196 1589 1220 dilectio
1608 1196 1738 1225 iustificet,
1758 1202 1783 1219 et
1801 1196 1871 1227 quod
1884 1200 1989 1227 propter
2007 1202 2096 1221 nostra

1117 1236 1197 1261 opera
1215 1229 1391 1259 instificemur,
1408 1237 1440 1253 ne
1459 1230 1527 1253 idem
1546 1231 1648 1261 saepius
1666 1231 1834 1261 repetendum
1859 1231 1908 1260 sit,
1932 1231 1974 1254 hic
2000 1230 2032 1254 de
2057 1231 2095 1254 di-

1116 1264 1228 1288 lectione
1259 1268 1284 1286 ct
1308 1263 1381 1287 bonis
1407 1264 1526 1295 operibus
1553 1264 1630 1287 semel
1659 1265 1880 1295 respondebimus,
1916 1265 2046 1289 Docemns
2070 1268 2096 1289 et

1117 1305 1165 1322 nos
1184 1298 1350 1321 dilectionem
1368 1298 1433 1327 Dei,
1451 1302 1546 1322 motum
1566 1305 1629 1328 esse,
1649 1306 1724 1328 quem
1742 1300 1846 1330 spiritns
1870 1303 1974 1322 sanctus
1998 1300 2024 1323 in
2047 1298 2095 1323 ho·

1115 1333 1183 1356 mine
1201 1332 1342 1361 exuscitat,
1366 1336 1392 1355 et
1410 1333 1532 1356 docemus
1557 1333 1627 1364 quod
1645 1333 1709 1357 haec
1728 1333 1851 1363 dilectio,
1873 1337 1899 1357 et
1923 1333 1993 1357 bona
2016 1340 2096 1365 opera

1115 1366 1190 1397 sequi
1207 1366 1286 1390 fidem
1304 1366 1425 1390 debeant.
1461 1366 1581 1391 Christus
1600 1367 1666 1391 enim
1685 1368 1765 1398 venit,
1784 1371 1812 1391 vt
1829 1375 1882 1391 uon
1901 1368 1984 1392 solum
2002 1375 2094 1392 recon—

1116 1401 1204 1425 ciliato
1222 1404 1304 1432 patre,
1323 1401 1427 1424 tolleret
1444 1405 1588 1432 peccatum,
1607 1401 1653 1425 sed
1671 1401 1761 1431 etiam,
1785 1406 1813 1425 vt
1836 1401 1951 1426 aboleret
1973 1406 2093 1426 mortem.

1114 1434 1205 1466 Itaque
1224 1435 1285 1458 dato
1304 1435 1395 1466 spiritu
1414 1439 1504 1459 sancto
1520 1435 1628 1459 inchoat
1643 1436 1670 1459 in
1686 1436 1850 1459 credentibus
1868 1437 1947 1460 vitam
1962 1439 2095 1460 aeternam

1114 1476 1179 1500 quae
1189 1468 1267 1492 habet
1277 1475 1361 1492 nouos
1371 1468 1489 1499 affectus,
1499 1477 1582 1493 nouos
1595 1474 1688 1493 motuS.
1707 1469 1808 1494 Natura
1817 1470 1929 1494 humana
1939 1469 1995 1494 sine
2004 1470 2096 1502 spiritu

1113 1507 1204 1527 sancto
1223 1510 1277 1526 non
1294 1503 1377 1532 nouit,
1396 1510 1447 1527 non
1467 1505 1539 1527 timet
1556 1504 1649 1533 Deum,
1667 1511 1721 1528 non
1739 1505 1822 1528 credit
1839 1504 1912 1534 Deo,
1932 1512 1986 1528 non
2004 1505 2095 1528 statuit

1115 1541 1186 1561 certo
1206 1544 1264 1560 eum
1283 1537 1382 1567 adesse,
1400 1538 1528 1569 respicere
1547 1542 1592 1561 aut
1610 1538 1734 1561 exaudire
1752 1538 1881 1569 homines,
1900 1539 1975 1563 Sicut
1992 1539 2037 1562 ille
2055 1539 2094 1562 in-

1115 1574 1178 1603 quit.
1215 1571 1350 1596 Sollicitor
1368 1571 1452 1596 nullos
1472 1579 1527 1596 esse
1545 1576 1634 1603 putare
1653 1571 1724 1596 Deos
1736 1590 1742 1602 ,
1761 1573 1825 1596 nihil
1844 1580 1860 1596 a
1883 1573 1942 1597 Deo
1967 1576 2095 1604 expectat,

1114 1610 1159 1629 ant
1175 1606 1250 1637 petit,
1269 1610 1366 1629 tantum
1385 1606 1458 1630 uouit
1476 1614 1516 1630 res
1535 1607 1629 1631 rationi
1647 1606 1786 1636 subiectas,
1803 1607 1850 1631 has
1869 1607 1954 1639 timet,
1972 1606 2013 1631 his
2032 1614 2096 1631 con-

1526 1640 1590 1665 Cum
1610 1647 1672 1664 vcro
1691 1643 1769 1665 sentit
1786 1649 1814 1665 se
1831 1641 1941 1665 iudicari
1966 1645 1990 1665 et
2008 1641 2095 1673 puniri

1114 1682 1131 1698 a
1153 1674 1228 1704 Deo,
1255 1675 1311 1698 odit
1337 1674 1420 1698 Deum
1449 1675 1606 1699 iudicantem
1633 1679 1677 1698 aut
1702 1675 1868 1706 affligentem.
1904 1675 1958 1700 Sed
1982 1677 2025 1707 qni
2048 1682 2095 1707 per

1113 1708 1287 1739 Euangelium
1314 1709 1414 1740 accepit
1444 1710 1620 1733 remissionem
1647 1714 1813 1740 peccatorum
1837 1714 1863 1733 et
1887 1710 2094 1734 consolationem

1115 1743 1141 1766 in
1168 1741 1273 1767 Christo
1299 1743 1420 1766 donatam
1446 1748 1471 1766 et
1494 1743 1545 1767 fide
1569 1743 1750 1767 reconciliatus
1774 1744 1839 1775 (sol.
1857 1752 1873 1768 n
1892 1744 1940 1776 Φ)
1966 1748 2005 1767 est
2025 1744 2094 1774 Deo,

1114 1777 1165 1800 iam
1184 1780 1291 1808 accepto
1309 1777 1401 1808 spiritu
1419 1781 1518 1807 sancto,
1536 1778 1627 1809 incipit
1645 1785 1721 1802 nosse
1740 1777 1837 1807 Deum,
1855 1785 1918 1802 vere
1941 1779 2019 1802 sentit
2037 1785 2094 1802 eum

1114 1811 1191 1835 irasci
1210 1814 1332 1842 peccato,
1352 1818 1413 1834 vere
1431 1812 1508 1835 sentit
1532 1818 1589 1835 eum
1614 1812 1765 1843 ignoscere,
1790 1813 1865 1836 iuxta
1887 1812 2093 1844 promissionem,

1116 1845 1182 1868 Vere
1201 1845 1280 1869 sentit
1299 1852 1356 1868 eum
1375 1846 1511 1877 respicere,
1531 1846 1664 1875 exaudire,
1684 1850 1709 1869 et
1727 1847 1818 1870 iuuare
1836 1854 1892 1871 nos
1919 1846 2006 1871 Sensit
2025 1847 2094 1871 enim

1115 1880 1179 1903 iram
1205 1878 1257 1903 Dei
1285 1879 1410 1903 aduersus
1432 1885 1579 1911 peccatum,
1603 1882 1684 1904 sensit
1706 1888 1764 1904 eum
1786 1881 1837 1905 fide
1856 1881 1984 1905 consolari
2003 1880 2092 1906 corda.

1114 1913 1204 1944 Itaque
1231 1914 1282 1937 iam
1313 1914 1368 1944 agit
1396 1915 1491 1945 gratias
1518 1913 1591 1945 Deo,
1620 1921 1680 1939 vere
1703 1915 1754 1938 iam
1781 1915 1881 1946 diligit,
1910 1921 1970 1938 vere
1993 1915 2092 1944 laudat,

1114 1955 1167 1972 nou
1187 1952 1308 1978 tanquam
1327 1948 1443 1972 ociosum
1462 1949 1602 1979 dominum,
1622 1949 1667 1972 sed
1684 1953 1713 1972 vt
1730 1949 1808 1973 talem
1827 1949 1870 1981 qui
1890 1956 1947 1973 vere
1960 1949 2092 1979 exandiat,

1116 1986 1141 2006 et
1164 1982 1244 2006 iuuet.
1279 1982 1390 2006 Inuocat
1411 1983 1437 2007 in
1462 1983 1581 2006 omnibus
1603 1983 1740 2014 periculis,
1765 1983 1900 2007 confitetur
1920 1983 2039 2014 verbum,
2068 1987 2094 2007 et

1114 2017 1233 2048 predicat
1249 2023 1312 2040 vera
1331 2024 1385 2040 esse
1403 2024 1470 2048 quae
1487 2017 1559 2041 Deus
1579 2018 1611 2041 de
1630 2025 1658 2041 se
1677 2018 1804 2049 promittit
1826 2018 1852 2041 in
1877 2019 2020 2049 scripturis.
2056 2018 2092 2041 Hi

1114 2055 1175 2075 sunt
1192 2053 1255 2075 noui
1274 2054 1366 2081 motus,
1386 2052 1429 2083 qni
1447 2051 1519 2075 nullo
1538 2052 1616 2075 modo
1642 2053 1739 2076 cadunt
1762 2052 1789 2076 in
1813 2057 1930 2076 naturam
1955 2052 2092 2076 humanam

1115 2086 1170 2109 sine
1189 2085 1282 2117 spiritu
1300 2090 1399 2115 sanctu,
1418 2089 1443 2109 et
1460 2090 1520 2110 sunt
1538 2093 1617 2118 opera
1634 2087 1730 2118 primae
1750 2086 1855 2111 tabulae
1879 2086 2006 2117 decalogi.
2042 2087 2092 2110 Ac-

1115 2120 1210 2144 cedunt
1227 2123 1253 2143 et
1271 2119 1337 2144 aliae
1355 2120 1471 2150 virtutes,
1490 2127 1553 2152 quas
1572 2121 1686 2145 secunda
1703 2121 1792 2145 tabula
1809 2121 1925 2152 requirit,
1941 2119 2028 2144 Seruit
2045 2126 2091 2144 vo-

1114 2154 1210 2178 cationi
1229 2161 1298 2184 suae,
1317 2161 1370 2177 non
1389 2158 1417 2178 vt
1434 2154 1550 2178 homines
1569 2155 1650 2186 impii,
1668 2155 1724 2179 sine
1743 2155 1822 2178 verbo
1842 2159 1868 2178 et
1890 2155 2012 2178 mandato
2030 2154 2090 2179 Dei.

1112 2188 1217 2212 Nullam
1243 2189 1310 2212 enim
1336 2189 1500 2213 vocationem
1528 2189 1583 2213 sine
1601 2189 1724 2213 mandato
1742 2189 1794 2214 Dei
1813 2190 1910 2221 querit,
1937 2193 1981 2212 aut
2009 2188 2091 2219 eligit,

1113 2223 1166 2247 Sed
1185 2223 1299 2254 sequitur
1317 2222 1422 2246 verbum
1440 2223 1491 2248 Dei
1509 2228 1535 2247 et
1553 2224 1617 2255 petit
1634 2225 1758 2248 auxilium
1783 2232 1799 2247 a
1821 2223 1895 2253 Deo,
1921 2223 1983 2246 colit
2007 2223 2088 2253 magi-

1113 2261 1216 2287 stratus,
1234 2264 1287 2280 non
1306 2261 1334 2280 vt
1351 2256 1469 2281 homines
1487 2258 1559 2289 impii
1578 2262 1648 2282 metu
1666 2265 1775 2289 poenae,
1793 2257 1846 2281 Sed
1864 2257 1923 2288 quia
1941 2258 2021 2281 sentit
2037 2258 2089 2282 sin-

1113 2292 1204 2322 gulare
1230 2291 1280 2315 Dei
1308 2291 1456 2315 beneficium
1485 2299 1555 2322 esse,
1582 2296 1663 2316 totam
1690 2293 1821 2323 politicam
1845 2291 2041 2315 ordinacionem
2065 2294 2091 2315 et

1113 2326 1275 2357 disciplinam
1294 2325 1320 2349 in
1338 2326 1445 2356 mundo,
1463 2326 1527 2350 Ideo
1546 2330 1667 2358 tanquam
1691 2327 1741 2350 Dei
1767 2326 1862 2350 donum
1889 2330 2038 2355 veneratur,
2064 2329 2091 2349 et

1112 2364 1196 2390 amat,
1214 2360 1301 2390 diligit
1323 2367 1445 2390 vxorem,
1471 2365 1496 2384 et
1514 2360 1624 2390 liberos,
1650 2365 1718 2384 amat
1737 2361 1896 2390 castitatem,
1916 2364 1986 2384 amat
2003 2360 2090 2391 proxi—

1112 2402 1190 2424 mum,
1209 2399 1235 2418 et
1253 2394 1382 2418 benefacit
1399 2396 1490 2426 quibus
1509 2400 1602 2426 potest.
1641 2394 1690 2418 Hic
1710 2395 1758 2418 etsi
1776 2395 1902 2425 quaedam
1926 2394 2021 2418 similia
2044 2401 2089 2418 ex-

1112 2433 1186 2452 terna
1203 2435 1283 2460 opera
1301 2435 1407 2460 possunt
1424 2429 1540 2453 homines
1559 2436 1604 2460 per
1622 2429 1749 2452 rationem
1774 2428 1889 2457 efficere.
1915 2432 1999 2452 tamen
2022 2429 2088 2452 ratio

1112 2469 1189 2495 saepe
1211 2471 1228 2488 a
1251 2463 1356 2487 diabolo
1381 2464 1530 2495 impeditur,
1556 2470 1631 2494 saepe
1658 2462 1792 2487 affectibus
1822 2463 1946 2493 vincitur,
1969 2462 2022 2488 Sed
2046 2463 2089 2494 qui

1111 2497 1195 2521 credit
1212 2504 1241 2521 se
1260 2498 1364 2521 defendi
1384 2504 1410 2522 et
1428 2498 1483 2528 regi
1504 2505 1519 2521 a
1536 2497 1593 2521 Deo
1613 2502 1719 2529 propter
1737 2496 1882 2527 Christum,
1906 2497 2032 2521 liberatus
2050 2500 2089 2521 eet

1111 2539 1128 2555 a
1144 2535 1273 2563 potestate
1292 2532 1405 2561 diaboli,
1425 2536 1450 2556 et
1469 2532 1548 2555 habet
1571 2531 1677 2555 affectus
1702 2531 1780 2560 alios,
1804 2538 1880 2563 qnam
1903 2535 1989 2555 antea.
2023 2531 2087 2555 Ideo

1111 2573 1179 2590 nunc
1196 2566 1258 2590 iacit
1275 2570 1301 2590 et
1317 2566 1385 2590 hauc
1403 2571 1501 2598 partem
1518 2566 1593 2597 legis.
1621 2565 1662 2590 lta
1678 2566 1705 2590 in
1723 2566 1822 2591 sanctis
1839 2565 1961 2590 inchoata
1979 2570 2017 2590 est
2034 2566 2089 2590 vita
