2366 2958
111 167 174 200 561
458 167 497 200 11.

112 261 179 293 Vbi
201 261 286 292 enim
309 260 465 303 leguntur
486 260 570 293 haec
591 263 625 293 in
647 259 842 301 scripturis?
870 259 1025 292 Christus
1048 260 1089 292 de

111 304 308 336 remissione
329 305 456 345 peccati
478 303 635 346 loquitur,
658 314 732 335 cum
755 304 810 335 ait.
850 301 1089 344 Quidquidsol-

111 347 224 379 ueritis
235 348 280 384 ⁵⁹)
309 354 370 378 etc.
405 357 471 388 quo
518 347 658 379 remisso
669 349 711 385 ⁶⁰)
739 345 872 378 sublata
905 351 957 377 est
997 354 1089 377 mors

111 395 258 427 aeterna,
281 395 314 421 et
336 390 466 421 reddita
487 390 555 421 w'ta
578 397 725 422 aeterna.
770 389 885 431 Neque
908 388 962 419 hic
984 387 1090 429 loqui-

111 438 166 464 tur
187 433 229 464 de
251 432 456 473 imponendis
478 433 608 474 poenis,
626 433 784 474 quidquid
806 430 974 474 ligaueris.
1021 431 1090 461 Sed

111 475 153 507 de
175 475 357 507 retinendis
381 476 528 516 peccatis
551 474 683 507 illorum
714 476 769 517 qui
797 484 863 506 non
893 479 1090 505 conuertun-

111 523 173 550 tur.
218 518 285 549 Sed
319 519 441 550 dictum
470 517 685 560 Longobardi
719 519 759 549 de
786 523 881 558 parte
909 526 1090 558 poenarum

110 560 316 599 remittenda,
339 568 506 602 sumptum
519 569 568 592 est
581 572 601 592 a
613 561 791 593 Canonieis
804 560 930 601 poenis.
967 558 1091 590 Harum

112 609 238 645 partem
260 604 469 635 remittebant
488 612 651 645 pastores.
686 604 882 644 Quanquam
901 603 999 644 igitur
1015 611 1091 633 sen·

112 647 222 680 timus-
237 647 326 687 quod
344 648 553 687 poenitencia
569 648 689 678 debeat
701 648 808 678 bonos
826 644 954 676 fructus
996 654 1091 676 arere

109 696 247 730 propter
269 689 409 732 gloriam
434 696 466 720 et
488 691 675 722 mandatnm
694 689 768 720 Dei.
803 688 845 719 Et
865 688 941 719 boni
974 694 1089 719 ructus

110 733 234 764 habent
256 732 412 763 mandata
430 732 504 770 Dei,
527 743 608 764 vera
630 733 761 770 ieiunia,
784 741 884 763 verae
907 731 1090 768 orationes,

110 785 211 807 verae
232 773 444 817 elemosynae
467 781 527 806 etc.
558 782 666 806 tamen
695 775 760 806 hoc
783 784 944 815 nusquam
970 773 1090 815 reperi·

111 828 184 850 mus
199 818 231 849 in
246 819 419 860 scripturis
443 819 579 856 sanctis,
602 818 690 859 quod
713 827 841 859 poenae
853 823 1010 848 aeternae
1023 826 1089 847 non

111 862 319 893 remittantur
351 862 414 892 nisi
446 867 582 902 propter
613 871 752 902 poenam
793 859 994 902 purgatorij‚
1033 865 1090 890 aut

110 903 357 935 satisfactiones
391 903 595 941 Canonims,
627 904 692 935 hoc
721 909 790 942 est,
829 909 964 945 propter
998 908 1089 933 certa

110 948 273 988 quaedam
312 957 414 987 opera
447 956 512 977 non
547 947 673 985 debita,
710 952 766 978 aut
806 947 894 988 quod
938 952 1088 986 potestas

111 988 252 1021 clauium
276 988 399 1020 habeat
421 990 610 1020 mandatum
629 989 851 1021 commutandi
870 998 1009 1030 poenas,
1034 993 1089 1019 aut

110 1038 237 1073 partem
271 1032 463 1064 remittendi.
511 1032 602 1064 Haec
635 1033 810 1075 probanda
842 1038 938 1063 erant
972 1031 1089 1062 aduer-

110 1075 222 1115 sarijs.

199 1117 376 1148 Praeterea
409 1128 499 1149 mors
528 1116 653 1149 Christi
682 1128 747 1149 non
777 1123 829 1149 est
854 1115 962 1148 solum
992 1117 1090 1147 satis—

111 1159 211 1192 factio
243 1171 301 1201 pro
332 1159 449 1200 culpa,
484 1161 544 1191 sed
578 1161 673 1192 etiam
706 1171 767 1201 pro
802 1167 940 1191 aeterna
972 1165 1090 1197 morte,

111 1204 200 1235 iuxta
224 1201 316 1235 illud.
362 1203 429 1234 Ero
453 1213 543 1234 mors
566 1210 633 1241 tua,
659 1214 678 1234 o
701 1213 802 1235 mors.
848 1203 934 1238 Quid
958 1209 1010 1233 est
1032 1202 1090 1243 igi-

112 1253 164 1278 tur
186 1246 337 1283 monstri,
361 1247 484 1284 dicere,
507 1247 595 1288 quod
609 1245 731 1278 Chm'sti
749 1244 934 1277 satisfactio
954 1245 1092 1276 redimat

112 1287 254 1330 culpam.
299 1289 444 1320 Nostrae
471 1299 601 1330 poenae
628 1290 791 1320 redimant
818 1296 956 1320 mortem
984 1294 1091 1319 aeter-

111 1342 205 1370 nam,
232 1339 267 1362 vt
291 1332 353 1362 iam
377 1331 433 1362 illa
455 1342 537 1370 vox,
569 1332 636 1363 Ero
660 1342 749 1363 mors
773 1338 846 1369 tua,
874 1329 1013 1372 intelligi
1037 1331 1091 1361 de-

113 1375 205 1412 beat,
235 1385 301 1406 non
326 1375 367 1406 de
390 1374 540 1413 Christo,
563 1375 624 1406 sed
647 1375 688 1406 de
711 1375 835 1406 nostris
859 1375 1036 1415 operibus,
1059 1379 1092 1404 et

112 1418 244 1459 quidem
267 1427 334 1449 non
357 1417 399 1448 de
422 1418 580 1459 operibus
604 1429 624 1449 a
647 1418 720 1449 Deo
744 1418 943 1458 praeceptis,
966 1416 1026 1447 sed
1050 1417 1092 1447 de

110 1460 241 1503 frigidis
274 1461 470 1502 quibusdam
499 1461 790 1492 obseruationibus
823 1460 1022 1502 excogitatis
1049 1460 1091 1490 ab

112 1503 311 1535 hominibus.
345 1502 387 1536 Et
405 1504 557 1535 dicuntur
573 1510 712 1535 mortem
727 1501 874 1540 abolere,
897 1503 994 1534 etiam
1017 1511 1092 1533 cum

112 1546 194 1579 fiunt
223 1547 257 1577 in
286 1552 425 1588 peccato
454 1545 596 1578 mortali.
641 1545 839 1578 incredibile
870 1551 937 1583 est,
969 1549 1092 1586 quanto

114 1600 188 1621 cum
211 1587 328 1620 dolore
354 1588 415 1620 has
443 1589 582 1630 ineptias
605 1590 874 1621 aduersariorum
903 1588 1093 1626 recitemus,

113 1641 197 1674 quas
221 1633 275 1673 qui
299 1632 465 1672 expendit,
485 1642 552 1663 non
573 1639 686 1673 potest
706 1643 773 1663 non
795 1640 997 1663 succensere
1019 1631 1092 1662 istis

114 1675 274 1706 doctrinis
304 1675 570 1713 daemoniorum,
605 1685 688 1717 quas
723 1675 848 1715 sparsit
879 1674 913 1705 in
940 1672 1093 1705 Ecclesia

114 1716 280 1756 diabolus,
303 1724 338 1748 vt
362 1718 561 1759 opprimeret
580 1719 802 1760 cognitionem
820 1717 918 1759 legis,
941 1723 973 1747 et
987 1715 1093 1748 Euan-

115 1759 208 1802 gelij,
229 1761 468 1801 poenitenciae,
488 1767 520 1792 et
537 1761 782 1798 viuificationiS,
801 1767 834 1792 et
857 1759 1094 1792 beneficiorum

115 1804 248 1835 Christi.
283 1802 366 1834 Nam
390 1804 430 1834 de
453 1803 529 1845 lege
552 1805 602 1835 sic
625 1805 748 1842 dicunt,
772 1803 865 1836 Deus
889 1803 1095 1835 condescen-

115 1847 197 1878 dens
216 1852 351 1878 nostrae
368 1846 557 1886 infirmitati,
581 1848 749 1879 constituit
768 1847 889 1878 homini
907 1855 1094 1877 mensuram

115 1899 229 1921 eorum
257 1890 299 1920 ad
330 1899 414 1931 quae
441 1890 483 1921 de
512 1891 715 1922 necessitate
744 1896 890 1928 tenetur,
925 1899 1009 1930 quae
1043 1894 1095 1919 est

116 1933 309 1963 obseruatio
334 1940 597 1974 praeceptorum,
619 1940 656 1964 vt
679 1933 719 1964 de
743 1931 888 1974 reliquo,
912 1933 943 1963 id
967 1939 1030 1969 est,
1054 1932 1095 1962 de

116 1975 274 2016 operibus
291 1976 596 2017 supererogationis
615 1977 721 2017 possit
738 1975 933 2007 satisfacere
953 1976 994 2005 de
1006 1984 1094 2005 com-

116 2018 236 2050 missis.
282 2017 344 2049 Hic
368 2017 495 2059 fingunt
517 2017 666 2050 homines
688 2018 797 2061 legem
821 2018 884 2050 Dei
916 2019 959 2048 ita
984 2017 1095 2049 facere

116 2071 228 2102 posse,
253 2066 287 2091 vt
309 2059 385 2100 plus
409 2062 518 2099 etiam,
541 2072 638 2103 quam
658 2061 712 2093 lex
731 2062 833 2104 exigit
851 2061 964 2093 facere
988 2061 1095 2102 possi-

117 2113 200 2135 muS.
236 2103 335 2145 Atqui
359 2104 524 2144 scriptura
549 2105 669 2146 vbique
690 2104 822 2142 clamat,
847 2105 935 2146 quod
959 2102 1095 2134 multum

117 2148 265 2178 absimus
299 2147 340 2177 ab
375 2145 431 2178 illa
464 2145 684 2188 perfectione,
724 2158 821 2189 quam
861 2147 916 2178 lex
949 2147 1094 2188 requirit.

117 2189 183 2221 Sed
208 2190 261 2220 isti
286 2189 413 2230 fingunt
436 2189 543 2232 legem
565 2190 626 2221 Dei
651 2196 837 2222 contentam
863 2200 939 2222 esse
959 2196 1096 2221 externa

117 2239 149 2264 et
173 2231 259 2265 ciuili
284 2233 431 2270 iusticia,
462 2243 527 2264 non
558 2234 669 2265 vident
691 2243 764 2264 eam
787 2234 954 2275 requirere
983 2243 1095 2264 veram

117 2274 326 2307 dilectionem
350 2274 410 2306 Dei
436 2286 477 2306 ex
500 2282 569 2307 toto
595 2277 707 2314 corde,
731 2282 792 2307 etc.
813 2277 970 2308 damnare
994 2282 1097 2307 totam

119 2319 421 2358 concupiscentiam
456 2319 487 2349 in
523 2326 649 2350 natura.
702 2320 813 2360 Itaque
847 2329 943 2350 nemo
973 2325 1097 2350 tantum

187 2413 244 2428 nem
271 2409 432 2435 peccatorum
457 2408 594 2435 gratuitam
621 2413 692 2433 esse,
716 2413 759 2428 sen
791 2406 870 2435 gratis
896 2410 999 2437 propter
1022 2405 1096 2429 Chri-

187 2445 253 2462 stum
273 2440 373 2468 donari,
392 2441 505 2470 sequitur
524 2448 575 2463 non
597 2441 691 2471 requiri
718 2440 915 2463 satisfactiones.
953 2439 986 2463 Et
1011 2440 1096 2463 Euan-

188 2474 280 2505 gelium
300 2473 377 2497 habet
392 2475 538 2498 mandatum
557 2475 637 2505 gratis
657 2475 805 2498 remittendi
830 2479 949 2505 peccata,
975 2482 1027 2498 non
1051 2476 1096 2499 itn-

188 2509 301 2539 ponendi
321 2515 426 2538 poenas,
445 2514 469 2532 et
488 2517 569 2533 nouas
590 2510 667 2539 leges,
687 2514 731 2532 ant
745 2515 843 2540 partem
857 2516 996 2540 poenarum
1014 2510 1096 2541 impo-

187 2543 265 2566 nendi
284 2546 357 2573 parte
375 2544 489 2568 remissa.

119 2585 166 2616 59)
186 2585 327 2617 soluerint-1
347 2586 425 2610 Editt.
446 2587 536 2610 2-⁴.:
555 2586 663 2610 soluens

120 2627 166 2660 60)
187 2628 306 2660 remisso]
328 2627 376 2653 Ed.
397 2631 420 2652 4.
440 2635 491 2662 typ.
511 2637 575 2654 erra:
595 2630 700 2653 remisio

327 2687 473 2709 neuma.
488 2688 569 2708 01’1313.
585 2687 648 2708 VQL.
663 2687 752 2707 xxvxi.

542 166 772 200 APOLon
793 165 1109 199 CONFESSIONIS
1132 167 1450 201 AUGUSTANAE.
1495 168 1534 200 B.
1580 167 1772 201 ALTERA.

1114 1307 1118 1355 l
1141 1331 1331 1373 loquuntur.

2056 170 2124 202 562

1142 260 1239 300 facit,
1267 268 1422 303 quantum
1451 262 1506 294 lex
1536 263 1680 304 requirit.
1727 261 1911 294 Ridiculum
1934 263 2034 305 igitur
2057 269 2121 301 est,

1143 305 1231 345 quod
1256 304 1384 347 fingunt
1407 315 1468 336 nos
1491 316 1542 337 am
1567 304 1632 337 lius
1650 304 1762 336 facere
1779 315 1888 346 posse.
1926 305 2121 347 Quanquam

1144 347 1231 377 enim
1254 353 1392 379 externa
1416 358 1518 389 opera
1555 359 1652 380 acere
1671 358 1858 388 possumus,
1882 358 1948 379 non
1968 349 2122 380 mandata

1142 387 1209 431 legi
1221 388 1296 427 Dei,
1320 396 1428 421 tamen
1451 390 1506 421 illa
1528 397 1579 422 est
1602 401 1688 422 vana
1711 397 1743 422 et
1765 391 1862 431 impia
1878 391 2009 428 fiducia,
2032 392 2122 432 quod

1142 430 1209 473 legi
1227 431 1291 463 Dei
1315 433 1356 462 sit
1380 432 1597 465 satisfactum.
1634 433 1674 464 Et
1698 444 1797 465 verae
1820 435 1999 470 orationes,
2024 444 2122 465 verae

1143 473 1374 516 elemosynae,
1400 486 1478 507 vera
1490 477 1621 514 ieiunia,
1644 475 1767 508 habent
1790 482 1968 518 praecepta
1983 475 2057 514 Dei,
2080 476 2122 507 Et

1143 518 1198 549 vbi
1220 516 1344 548 habent
1366 525 1577 559 praeceptum
1600 519 1673 553 Dei,
1695 530 1762 550 non
1785 526 1926 561 possunt
1950 519 2022 550 sine
2045 530 2120 559 pec-

1143 566 1219 593 cato
1242 560 1356 591 omitti.
1402 560 1525 592 Verum
1549 561 1604 592 illa
1629 572 1730 603 opera
1761 569 1923 603 quatenus
1947 571 2014 592 non
2043 567 2121 593 sunt

1142 609 1320 644 praecepta
1344 603 1420 645 lege
1443 602 1518 642 Dei,
1542 605 1602 635 sed
1625 603 1748 636 habent
1771 611 1893 637 certam
1918 603 2056 635 formam
2078 615 2120 636 ex

1141 646 1285 677 humano
1309 647 1530 687 praescripto,
1554 654 1630 678 sunt
1653 657 1754 688 opera
1778 648 1987 679 traditionum
2010 646 2120 679 huma-

1141 699 1269 727 narum,
1292 689 1333 720 de
1356 690 1476 731 quibus
1489 689 1641 721 Christus
1666 691 1753 728 dicit,
1774 691 1910 721 Frustra
1931 689 2044 722 colunt
2067 700 2120 721 me

1141 731 1304 763 mandatis
1334 732 1518 769 hominum,
1548 738 1582 763 vt
1605 739 1694 764 certa
1722 734 1856 770 ieiunia,
1881 734 2030 764 instituta
2052 743 2119 764 non

1141 775 1183 805 ad
1206 784 1340 806 carnem
1364 774 1623 813 cohereendam,
1651 776 1711 806 sed
1742 782 1776 807 vt
1801 786 1860 817 per
1881 776 1914 807 id
1938 785 2022 817 opus
2046 776 2119 807 red—

1141 818 1238 849 datur
1267 818 1376 848 honos
1399 816 1490 856 Deo,
1525 826 1559 849 vt
1587 819 1631 849 ait
1656 818 1797 856 Sontas,
1830 825 1861 850 et
1887 824 2120 860 compensetur

1140 869 1230 891 mors
1253 866 1400 892 aeterna.
1435 860 1514 892 Item
1531 867 1642 892 certus
1661 871 1817 893 numerus
1836 872 1982 902 precum,
2007 867 2119 893 certus

1141 903 1258 934 modus
1281 902 1559 945 elemosynarum,
1583 914 1656 935 cum
1676 904 1721 935 ita
1744 904 1834 937 fiunt,
1858 911 1892 935 vt
1915 903 1970 935 ille
1989 905 2119 943 modus,

1141 946 1183 977 sit
1207 944 1312 977 cultus
1336 956 1377 977 ex
1401 956 1502 988 opere
1521 953 1671 988 operato,
1699 947 1842 978 reddens
1861 946 2021 977 honorem
2034 946 2121 985 Deo,

1141 994 1173 1020 et
1202 998 1425 1030 compensans
1454 995 1592 1021 mortem
1623 996 1800 1021 aeternam.
1845 989 2006 1020 Tribuunt
2033 990 2118 1021 enim

1140 1031 1194 1062 his
1216 1041 1258 1062 ex
1282 1041 1383 1073 opere
1413 1038 1551 1073 operato
1582 1032 1864 1070 satisfactionem,
1897 1033 1973 1074 quia
1998 1032 2120 1063 docent

1142 1075 1231 1116 quod
1255 1074 1388 1106 valeant
1411 1075 1510 1107 etiam
1532 1076 1566 1106 in
1588 1074 1640 1106 his
1663 1076 1717 1117 qui
1740 1082 1817 1107 sunt
1835 1076 1866 1106 in
1884 1081 2022 1116 peccato
2035 1085 2120 1106 mor-

1141 1115 1209 1148 tali.
1254 1117 1321 1148 lain
1356 1116 1411 1149 illa
1441 1116 1573 1159 longius
1597 1119 1758 1150 recedunt
1783 1129 1804 1149 a
1832 1118 2021 1160 praeceptis
2043 1117 2118 1156 Dei,

1142 1161 1438 1202 peregrinationes
1463 1168 1491 1192 et
1511 1161 1628 1192 harum
1645 1171 1765 1201 magna
1782 1168 1833 1192 est
1853 1162 2010 1198 varietas,
2033 1159 2119 1192 alius

1141 1201 1218 1234 facit
1243 1204 1303 1234 iter
1322 1210 1570 1244 cataphractuS,
1593 1203 1677 1236 alius
1696 1203 1774 1235 facit
1788 1205 1848 1235 iter
1859 1204 1955 1235 nudis
1967 1204 2120 1245 pedibus.

1142 1246 1232 1277 Haec
1267 1253 1367 1277 vocat
1401 1246 1555 1278 Christus
1588 1245 1719 1278 inutiles
1755 1246 1882 1285 cultus,
1916 1257 2019 1288 quare
2052 1257 2120 1277 non

1142 1296 1281 1329 prosunt
1304 1289 1346 1320 ad
1371 1287 1568 1330 placandam
1591 1289 1751 1321 offensam
1774 1289 1855 1327 Dei,
1877 1295 1911 1320 vt
1935 1289 2118 1330 aduersarij

1378 1331 1418 1363 Et
1441 1338 1551 1364 tamen
1574 1332 1657 1364 haec
1681 1343 1783 1374 opera
1811 1331 1994 1374 magnificis
2017 1331 2119 1363 titulis

1142 1380 1312 1412 ornantur,
1336 1381 1498 1406 vocantur
1520 1386 1623 1416 opera
1645 1375 1961 1418 supererogationis
1995 1374 2122 1406 Tribui-

1142 1424 1195 1449 tur
1217 1418 1266 1449 eis
1290 1417 1412 1456 honos,
1435 1418 1524 1459 quod
1543 1420 1608 1450 sint
1619 1419 1765 1459 precium
1783 1429 1844 1459 pro
1856 1424 1962 1449 morte
1973 1424 2120 1449 aeterna.

1142 1460 1190 1491 lta
1223 1459 1456 1501 praeferuntur
1490 1461 1646 1501 operibus
1677 1467 1933 1502 praeceptorum
1963 1460 2037 1492 Dei.
2085 1460 2122 1492 In

1142 1501 1230 1534 hunc
1254 1503 1386 1534 modum
1408 1503 1463 1534 lex
1486 1502 1549 1535 Dei
1572 1502 1723 1536 bifariam
1746 1505 1960 1537 obscuratur,
1990 1509 2023 1534 et
2045 1503 2123 1545 quia

1142 1552 1278 1587 putatur
1305 1545 1373 1587 legi
1400 1545 1464 1578 Dei
1492 1546 1700 1578 satisfactum
1724 1556 1817 1580 esse,
1846 1557 1906 1588 per
1929 1552 2066 1577 externa
2090 1551 2123 1577 et

1143 1587 1252 1620 ciuilia
1271 1599 1385 1630 opera,
1407 1595 1439 1621 et
1458 1590 1534 1630 quia
1552 1590 1718 1621 adduntur
1736 1589 1929 1621 traditiones
1947 1589 2123 1627 humanae,

1143 1642 1282 1674 quarum
1305 1642 1408 1673 opera
1430 1631 1661 1673 praeferuntur
1683 1633 1837 1674 operibus
1865 1630 1952 1674 legis
1981 1632 2122 1664 diuinae.

1145 1675 1274 1706 Deinde
1314 1676 1515 1707 obscuratur
1552 1676 1762 1717 poenitencia
1800 1681 1832 1706 et
1872 1675 1988 1717 gratia.
2038 1674 2124 1706 Nam

1145 1727 1236 1749 mors
1276 1725 1413 1750 aeterna
1453 1729 1519 1751 non
1553 1719 1724 1751 redimitur
1760 1717 1817 1749 illa
1854 1717 2126 1759 compensatione

1145 1770 1291 1801 operum,
1305 1762 1381 1802 quia
1404 1767 1456 1792 est
1479 1761 1604 1800 ociosa,
1626 1772 1691 1793 nec
1709 1761 1864 1802 degustat
1884 1761 1915 1791 in
1934 1761 2125 1802 praesentia

1144 1810 1295 1835 mortem.
1337 1802 1412 1835 Alia
1436 1814 1489 1835 res
1513 1804 1711 1846 opponenda
1734 1810 1785 1834 est
1807 1804 1903 1834 morti
1924 1813 1997 1834 cum
2020 1808 2124 1835 tentat

1145 1857 1218 1878 nos.
1254 1846 1346 1878 Sicut
1369 1847 1454 1879 enim
1477 1847 1526 1878 ira
1550 1847 1613 1878 Dei
1638 1846 1701 1878 fide
1725 1847 1757 1878 in
1780 1845 1948 1878 Christum
1972 1846 2125 1885 vincitur,

1145 1890 1191 1921 ita
1222 1890 1364 1921 vincitur
1393 1900 1483 1922 mors
1513 1889 1578 1921 fide
1606 1891 1638 1921 in
1663 1888 1848 1923 Christum,
1884 1888 1977 1921 Sicut
1999 1888 2124 1920 Paulus

1145 1933 1201 1964 ait.
1247 1931 1320 1964 Deo
1345 1933 1468 1974 gratia,
1498 1933 1552 1975 qui
1583 1934 1637 1964 dat
1661 1933 1758 1964 nobis
1780 1931 1953 1963 victoriam
1976 1942 2036 1972 per
2059 1931 2124 1963 Do·

1146 1976 1265 2007 minum
1294 1981 1443 2007 nostrum
1467 1976 1580 2007 lesum·
1597 1976 1782 2013 Christum,
1814 1984 1880 2005 non
1911 1974 2032 2015 inquit,
2068 1975 2123 2016 qui

1146 2018 1201 2050 dat
1221 2019 1316 2049 nobis
1342 2019 1523 2058 victoriam,
1546 2019 1749 2050 siaduersus
1768 2024 1907 2049 mortem
1919 2027 2124 2058 opponamus

1146 2061 1394 2093 satisfactiones
1418 2068 1560 2093 nostras,
1599 2062 1792 2100 Aduersarij
1815 2061 1949 2091 ociosas
1972 2059 2124 2101 specula-

1146 2105 1253 2135 tiones
1285 2110 1427 2136 tractant
1458 2105 1498 2136 de
1528 2105 1723 2136 remissione
1754 2103 1889 2144 culpae,
1923 2113 1986 2134 nec
2013 2103 2126 2134 vident

1146 2148 1313 2189 quomodo
1336 2149 1369 2179 in
1392 2148 1586 2179 remissione
1606 2146 1736 2188 culpae,
1758 2145 1915 2177 liberetur
1939 2155 1997 2176 cor
2015 2146 2057 2176 ab
2075 2146 2126 2177 ira

1147 2190 1228 2228 Dei,
1263 2197 1295 2222 et
1323 2202 1343 2222 a
1366 2197 1470 2222 morte
1493 2197 1645 2228 aeterna,
1681 2200 1739 2231 per
1767 2189 1863 2220 fidem
1892 2189 1923 2219 in
1947 2188 2125 2219 Christum.

1147 2233 1231 2265 Cum
1258 2234 1358 2276 igitur
1386 2245 1474 2265 mors
1499 2233 1622 2265 Christi
1653 2233 1695 2264 sit
1718 2229 1902 2263 satisfactio
1929 2241 1989 2271 pro
2019 2237 2126 2262 morte

1148 2282 1294 2315 aeterna,
1319 2283 1352 2308 et
1375 2287 1448 2308 cum
1472 2277 1534 2317 ipsi
1558 2276 1740 2314 aduersarij
1766 2273 1929 2305 fateantur
1948 2273 2004 2304 illa
2024 2283 2126 2315 opera

1148 2318 1408 2351 satisfactionum
1437 2330 1514 2352 esse
1546 2330 1647 2361 opera
1676 2329 1742 2350 non
1773 2317 1900 2354 debita,
1935 2317 1995 2347 sed
2024 2327 2126 2357 opera

1147 2363 1356 2395 traditionum
1378 2362 1605 2399 humanarum,
1629 2362 1670 2392 de
1693 2361 1810 2402 quibus
1835 2359 1987 2391 Christus
2010 2359 2125 2400 inquit,

1148 2407 1236 2447 quod
1260 2407 1325 2437 sint
1348 2404 1480 2437 inutiles
1505 2404 1629 2442 cultus,
1653 2411 1722 2435 tuto
1747 2412 1922 2444 possumus
1946 2400 2123 2434 affirmare.

1148 2450 1235 2490 quod
1270 2448 1517 2481 satisfactiones
1552 2447 1740 2479 Canonicae
1774 2455 1839 2476 non
1869 2446 1933 2476 sint
1968 2455 2124 2476 necessa-

1149 2493 1271 2529 riae⁶¹)
1303 2493 1376 2525 lure
1410 2492 1536 2531 diuino,
1576 2491 1617 2521 ad
1653 2489 1879 2520 remissionem
1914 2486 2031 2529 culpae
2070 2494 2127 2518 aut

1147 2545 1276 2576 poenae
1299 2542 1464 2572 aeternae,
1484 2540 1538 2565 aut
1562 2543 1688 2574 poenae
1712 2531 1907 2573 purgatorij.

1121 2633 1123 2638 ¹
1147 2629 1194 2661 61)
1214 2631 1387 2661 necessariae]
1408 2630 1453 2653 Ed.
1473 2629 1511 2652 3.:
1531 2628 1675 2651 neces-arie

1885 2676 1917 2700 36
