2366 2958
200 182 267 215 547

318 240 341 251 s

199 287 278 308 num
303 282 364 308 etc.
411 275 504 307 Haec
526 275 611 307 fides
634 276 680 306 ita
702 274 850 315 sequitur
873 279 1034 313 terrores,
1057 279 1094 306 vt
1115 275 1182 306 vin-

201 326 256 352 cat
288 329 348 351 eos
382 324 415 350 et
452 319 570 350 reddat
609 323 762 359 pacatam
796 317 1042 348 conscientiam.
1098 316 1183 349 Huic

651 178 766 214 PBlL.
789 179 893 212 MEL.
915 178 1104 213 SCRIPTA
1126 179 1395 214 DOGMATIGA
1416 179 1473 212 ET
1494 179 1766 213 SYMBOLICA.

2152 182 2218 215 548

1233 275 1339 306 detur.
1361 274 1516 307 Necesse
1536 280 1589 307 est
1610 275 1711 317 igitur
1729 274 1888 306 confundi
1909 275 2117 318 hypocritas,
2139 286 2217 309 con-

1234 316 1376 349 fidentes
1403 327 1441 349 se
1463 319 1618 360 accipere
1646 318 1878 350 remissionem
1900 325 2116 359 peccatorum
2139 329 2216 360 pro-

200 363 277 394 fidei
301 362 493 399 tribuimus,
524 361 613 402 quod
636 360 812 397 iustificet,
836 366 869 390 et
890 365 1084 401 regeneret,
1107 361 1182 393 dum
1234 367 1308 402 pter
1331 370 1392 392 sua
1415 370 1535 402 opera,
1557 371 1624 393 non
1648 366 1785 402 propter
1808 360 1988 393 Christum.
2033 360 2076 392 Et
2098 360 2217 397 Petrus

200 415 242 438 ex
265 405 449 436 terroribus
472 403 602 441 liberat,
626 409 655 434 et
676 412 804 443 paceni,
829 402 984 444 gaudium
1008 410 1040 434 et
1062 413 1183 435 nouam
1206 391 1211 431 Ι
1234 404 1279 435 ait
1312 403 1345 434 in
1378 403 1474 435 Actis
1503 403 1585 445 Cap.
1609 414 1641 434 x.
1660 405 1711 440 ¹⁶)
1761 403 1846 436 Huic
1879 413 1996 435 omnes
2029 402 2219 445 Prophetae

199 449 301 480 vitam
325 448 357 478 in
381 447 483 478 corde
501 447 597 488 parit.
635 445 730 477 Hanc
753 444 849 476 fldem
873 443 1081 478 defendimus
1103 456 1183 478 vere

201 501 280 523 esse
302 491 526 522 necessariam
546 489 588 520 ad
608 489 835 520 remissionem
854 494 1080 529 peccatorum,
1105 488 1183 520 ideo

200 535 353 575 ponimus
381 534 467 563 inter
496 539 607 573 partes
636 531 874 573 poenitenciae.
894 533 944 569 ¹³)
995 531 1067 563 Nec
1095 531 1184 563 aliud

202 577 301 608 sentit
324 574 477 611 Ecclesia
501 575 642 612 Cin-isti,
671 575 768 606 etiam
801 575 830 605 si
858 574 1043 616 aduersarij
1077 574 1183 606 nostri

199 618 392 651 reclamant.

287 669 453 710 Principio
504 674 613 700 autem
664 668 909 709 interrogamus
958 668 1184 706 aduersarios,

199 713 318 744 Vtrum
341 711 585 743 absolutionem
604 711 771 751 accipere,
793 720 872 751 pars
892 711 934 741 sit
953 711 1184 751 poenitenciae

198 766 263 787 nec
287 755 350 786 ne?
384 755 481 790 Quod
506 755 534 785 si
565 765 585 785 a
609 753 822 785 confessione
845 760 1024 793 separant,
1048 759 1083 784 vt
1106 759 1184 785 sunt

203 797 342 830 subtiles
370 798 403 829 in
427 797 682 839 distinguendo,
710 807 774 828 non
798 797 948 827 videmus
976 796 1054 837 quid
1077 799 1184 837 prosit

204 839 374 873 consessio
403 841 475 871 sine
503 839 723 872 absolutione.
771 839 831 870 Sin
859 845 967 870 autem
998 848 1064 869 non
1088 848 1183 880 sepa-

203 890 278 916 rant
301 894 321 915 a
351 882 564 914 consessione
598 883 825 923 acceptionem
853 881 1092 915 absolutionis,
1126 892 1183 912 ne-

204 937 302 959 cesse
330 932 380 958 est
408 937 468 958 eos
492 927 632 963 sentire,
668 925 756 967 quod
782 925 865 955 fides
896 925 939 955 sit
961 934 1041 964 pars
1072 924 1184 965 poeni-

201 970 354 1007 tenciae,
393 970 469 1011 quia
503 967 670 1000 absolutio
711 977 775 999 non
809 967 970 1008 accipitur
1007 967 1071 999 nisi
1106 966 1183 998 fide.

203 1013 302 1048 Quod
325 1018 433 1044 autem
458 1011 624 1043 absolutio
649 1021 714 1042 non
739 1010 921 1051 accipiatur
943 1010 1006 1041 nisi
1030 1010 1113 1048 fide,
1142 1019 1184 1041 ex

200 1054 305 1088 Paulo
329 1055 464 1096 probari
487 1060 614 1095 potest,
648 1054 701 1095 qui
731 1053 830 1083 docet
863 1052 979 1084 Roma.
1008 1053 1064 1094 iiij.
1093 1053 1183 1126 quod

200 1098 378 1141 promissio
402 1108 469 1129 non
503 1098 609 1137 possit
634 1096 758 1136 accipi,
788 1096 850 1127 nisi
881 1095 956 1127 fide.
1003 1097 1100 1127 Abso
1116 1096 1182 1127 utio

201 1148 312 1173 autem
339 1147 389 1172 est
413 1141 589 1181 promissio
618 1139 826 1170 remissionis
851 1144 1076 1179 peccatorum.
1122 1138 1184 1181 lgi-

202 1190 256 1216 tur
281 1184 474 1216 necessario
498 1183 631 1224 requirit
657 1182 764 1213 iidem.
810 1181 882 1212 Nec
904 1182 1073 1219 videmus,
1103 1192 1185 1224 quo-

200 1228 299 1258 modo
334 1227 462 1257 dicatur
494 1227 523 1257 is
556 1225 710 1265 accipere
749 1223 992 1256 absolutionem
1027 1225 1081 1266 qui
1116 1234 1184 1256 non

201 1270 380 1301 assentitur
409 1269 447 1299 ei.
493 1268 533 1299 Et
566 1269 643 1309 quid
667 1266 755 1299 aliud
787 1273 838 1299 est
867 1277 933 1299 non
963 1268 1116 1299 assentiri
1134 1270 1184 1305 ¹⁴)

200 1311 413 1350 absolutioni,
437 1322 536 1352 quam
559 1310 667 1342 Deum
691 1319 854 1342 accusare
872 1310 1049 1351 mendacij,
1071 1311 1101 1341 si
1125 1320 1185 1343 cor

201 1356 344 1392 dubitet,
378 1356 476 1386 sentit
509 1355 636 1386 incerta
673 1359 705 1385 et
738 1354 848 1385 inania
881 1363 958 1385 esse
991 1363 1079 1395 quae
1110 1363 1184 1395 pro-

200 1399 297 1430 mittit
316 1397 431 1429 Deus?
464 1397 542 1429 ideo
569 1398 595 1428 l.
621 1395 778 1427 Iohannis
802 1407 833 1427 v.
858 1396 1020 1438 scriptum
1038 1402 1097 1428 est.
1122 1396 1186 1432 Qui

200 1451 267 1473 non
298 1441 403 1473 credit
430 1439 522 1478 Deo,
553 1440 747 1471 mendacem
774 1437 853 1471 facit
883 1449 974 1474 eum,
1008 1440 1084 1482 quia
1118 1450 1185 1471 non

202 1484 305 1516 credit
328 1485 360 1515 in
384 1483 607 1515 testimonium
631 1483 720 1525 quod
740 1482 937 1515 testificatus
961 1489 1014 1514 est
1031 1482 1126 1515 Deus
1146 1483 1187 1514 de

201 1526 270 1559 filio
294 1537 368 1558 suo.

288 1577 446 1610 Secundo
485 1575 582 1608 fateri
617 1576 831 1610 aduersarios
871 1576 1100 1608 existimamus
1135 1586 1186 1608 re-

201 1621 392 1653 missionem
426 1626 640 1661 peccatorum
670 1619 920 1660 poenitenciae,
954 1629 1016 1651 seu
1046 1625 1185 1661 partem,

203 1674 263 1696 seu
287 1665 404 1702 finem,
433 1674 510 1701 seu,
542 1669 577 1694 vt
607 1663 756 1704 ipsorum
778 1673 871 1694 more
894 1662 1086 1705 loquamur,
1121 1668 1186 1694 ter·

201 1708 324 1739 minum
347 1717 424 1739 esse
453 1707 495 1737 ad
528 1717 636 1747 quem.
681 1705 772 1748 Ergo
800 1706 830 1737 id
856 1716 920 1748 quo
948 1706 1110 1748 accipitur
1133 1716 1185 1737 re-

202 1751 317 1782 missio
353 1757 565 1792 peccatorum
599 1755 690 1781 recte
729 1749 859 1781 additur
889 1750 1041 1790 partibus
1074 1749 1186 1790 poeni-

202 1794 341 1825 tenciae.
387 1793 616 1825 Certissimum
646 1798 698 1823 est
726 1799 853 1828 autem,
881 1793 980 1823 etiam
1009 1792 1038 1823 si
1070 1802 1185 1823 omnes

202 1843 318 1877 portae
344 1836 524 1868 inferorum
549 1834 749 1873 reclament,
780 1835 1008 1867 remissionem
1030 1842 1185 1876 peccato-

201 1891 274 1910 rum
299 1890 363 1911 non
393 1889 496 1921 posse
523 1879 648 1920 accipi,
684 1878 746 1909 nisi
770 1877 845 1910 sola
875 1877 939 1909 tide
994 1888 1055 1910 uae
1080 1879 1185 1910 credit

201 1929 340 1964 peccata
363 1922 480 1954 remitti
504 1929 640 1962 propter
659 1920 838 1959 Christum,
861 1922 951 1953 iuxta
974 1920 1054 1953 ilud
1068 1920 1184 1953 Roma.

201 1966 246 2006 iij.
270 1965 375 2000 Quem
399 1965 571 2006 proposuit
594 1963 687 1995 Deus
711 1965 967 2005 propiciatorem
990 1975 1049 2006 per
1073 1964 1183 2002 fidem,

202 2010 234 2040 in
254 2010 418 2050 sanguine
439 2009 553 2049 ipsius.
585 2007 664 2038 item
689 2007 782 2038 Rom.
809 2018 839 2038 v,
859 2009 908 2046 ¹⁵)
933 2017 992 2049 per
1015 2018 1112 2048 quem
1131 2018 1184 2039 ac-

202 2062 336 2084 cessum
360 2052 520 2083 habemus
553 2060 612 2091 per
636 2050 733 2081 iidem
763 2051 795 2081 in
825 2051 965 2092 gratiam
990 2056 1053 2082 etc.
1100 2050 1184 2082 Nam

203 2095 407 2127 conscientia
437 2095 546 2125 territa
578 2104 643 2125 non
668 2099 778 2133 potest
809 2103 979 2134 opponere
1010 2094 1080 2125 irae.
1110 2092 1184 2132 Dei,

203 2149 306 2179 opera
330 2145 457 2175 nostra,
482 2144 536 2168 aut
562 2137 772 2168 dilectionem
794 2143 956 2169 nostram.
979 2137 1041 2168 sed
1060 2137 1106 2168 ita
1128 2137 1184 2168 ‹le-

203 2193 290 2213 mum
313 2180 348 2212 fit
371 2187 499 2221 pacata,
520 2191 592 2211 cuni
617 2179 836 2220 apprehendit
859 2180 1072 2211 mediatorem
1091 2179 1184 2211 Chri-

202 2231 310 2263 stum,
333 2230 365 2256 et
388 2224 491 2255 credit
516 2223 791 2264 promissionibus
813 2228 947 2264 propter
970 2222 1060 2254 iilum
1084 2223 1185 2254 dona·

203 2269 258 2299 tis.
302 2267 377 2299 Non
408 2268 493 2298 enim
517 2264 705 2306 intelligunt
727 2266 804 2306 quid
827 2267 869 2297 sit
892 2266 1043 2297 remissio
1067 2275 1185 2307 pecca-

204 2316 325 2348 torum,
347 2316 403 2342 aut
426 2309 594 2352 quomodo
618 2310 714 2339 nobis
737 2308 848 2340 contin
875 2314 918 2346 at,
943 2309 996 2350 qui
1020 2309 1185 2341 somniant

204 2354 308 2385 corda
336 2359 456 2395 pacata
480 2353 565 2390 fieri,
595 2352 667 2382 sine
689 2351 754 2382 fide
782 2352 815 2382 in
839 2351 1019 2383 Christum.
1066 2351 1185 2384 Petrus

205 2398 285 2429 citat
307 2407 347 2428 ex
371 2395 482 2428 Esaia.
511 2395 576 2431 Qui
599 2395 775 2426 crediderit
799 2395 831 2425 in
850 2404 935 2433 eum,
957 2405 1023 2426 non
1047 2393 1185 2428 consun-

209 2561 254 2590 1³)
273 2559 474 2591 poenitencia-,l
494 2559 574 2582 Eaiitt.
593 2560 681 2582 2-4,;
702 2559 879 2591 poenitencia·
897 2566 943 2583 een
962 2560 1148 2583 conuenionis.

209 2604 256 2632 1⁴)
274 2602 406 2633 uno-uri]
427 2603 472 2625 Eri.
494 2602 509 2625 :t
528 2611 534 2624 :
553 2608 679 2625 assentire

211 2647 257 2677 lb)
276 2645 348 2669 Rom.
369 2645 404 2676 ’.1
424 2645 471 2668 Ed.
491 2646 530 2669 8,;
551 2645 640 2669 nom..
661 2645 760 2675 quinto.

1235 447 1458 478 testimonium
1470 447 1656 488 perhibent,
1674 447 1906 478 remissionem
1928 452 2144 488 peccatorum
2163 457 2217 479 ac-

1236 490 1346 530 cipere
1368 499 1427 531 per
1449 499 1569 521 nomen
1592 489 1676 527 eius,
1697 499 1814 521 omnes
1837 490 1892 531 qui
1916 489 2059 522 credunt
2081 489 2114 520 in
2132 499 2218 521 eum.

1236 531 1310 563 Non
1333 533 1439 573 potuit
1461 533 1526 563 dici
1549 533 1659 574 magis
1682 530 1836 571 dilucide,
1855 543 1954 574 quam
1977 532 2067 574 quod
2088 532 2135 564 ait
2156 542 2219 574 per

1235 584 1356 606 nomen
1380 575 1471 613 eius,
1494 575 1536 606 Et
1557 575 1666 613 addit,
1695 584 1811 606 omnes
1834 575 1889 617 qui
1913 575 2054 607 credunt
2077 575 2111 606 in
2132 585 2218 607 eum.

1235 616 1374 649 Tantum
1408 619 1508 660 igitur
1540 618 1586 649 ita
1621 617 1803 659 accipimus
1836 618 2064 650 remissionem
2098 627 2219 660 pecca-

1235 666 1362 699 torum,
1386 671 1446 702 per
1468 670 1588 692 nomen
1612 660 1754 698 Christi,
1777 660 1844 693 hoe
1867 666 1936 699 est,
1965 666 2101 702 propter
2123 659 2218 693 Chri-

1234 709 1333 740 stum,
1356 713 1422 735 non
1444 711 1580 745 propter
1601 702 1671 735 vlla
1693 710 1810 735 nostra
1837 704 1956 735 merita
1976 710 2078 745 atque
2105 713 2218 745 opera.

1234 744 1276 776 Et
1299 746 1365 777 hoc
1387 747 1431 778 ita
1456 746 1508 784 fit,
1532 757 1605 778 cum
1630 747 1794 778 credimus
1816 747 1914 778 nobis
1937 746 2057 778 remitti
2078 752 2220 787 peccata

1234 794 1372 829 propter
1400 789 1578 821 Christum.
1629 789 1826 831 Aduersarij
1855 790 1962 821 nostri
1992 788 2220 822 vociferantur

1234 840 1273 862 se
1296 841 1374 863 esse
1395 831 1601 868 Ecclesiam,
1631 843 1669 864 se
1691 842 1892 864 consensum
1916 830 2089 864 Ecclesiae
2113 831 2220 874 sequi.

1236 873 1281 904 At
1304 872 1423 906 Petrus
1451 874 1507 906 hic
1529 876 1562 906 in
1589 882 1704 907 nostra
1734 885 1839 907 causa
1867 875 1967 906 etiam
1989 873 2116 917 allegat
2138 884 2218 906 con-

1235 925 1371 947 sensum
1405 916 1602 954 Ecclesiae,
1634 917 1712 950 huic
1744 919 1848 959 inquit
1880 927 1996 950 omnes
2031 916 2220 959 Prophetae

1235 959 1409 1000 perhibent
1433 960 1670 998 testimonium,
1693 960 1921 992 remissionem
1933 967 2147 1002 peccatorum
2165 970 2220 992 ac·

1237 1001 1349 1042 cipere
1381 1011 1442 1042 per
1474 1012 1593 1034 nomen
1627 1003 1698 1034 eius
1721 1009 1786 1035 ete.
1838 1001 1995 1035 Profecto
2030 1012 2219 1035 consensus

1237 1043 1480 1085 Prophetarum
1509 1045 1706 1078 iudicandus
1734 1051 1787 1077 est
1815 1044 2015 1078 vniuersalis
2043 1044 2219 1078 Ecclesiae

1237 1097 1424 1119 consensus
1455 1097 1542 1120 esse.
1588 1088 1661 1120 Nec
1692 1088 1821 1129 Papae,
1847 1098 1911 1120 nec
1938 1086 2112 1120 Ecclesiae
2141 1098 2219 1121 con-

1238 1130 1385 1162 cedimus
1412 1136 1613 1172 potcstatem
1643 1131 1845 1163 decernendi
1873 1137 1992 1163 contra
2019 1130 2109 1162 hunc
2142 1141 2220 1164 con·

1237 1182 1373 1205 sensum
1412 1173 1662 1215 Prophetarum.
1720 1175 1764 1206 At
1803 1172 1902 1206 Bulla
1939 1173 2065 1206 Leonis
2105 1179 2220 1215 aperte

1237 1217 1371 1248 damnat
1392 1215 1482 1248 hunc
1510 1217 1686 1249 articulum
1709 1217 1752 1249 de
1774 1217 1971 1248 remissione
1994 1223 2220 1258 peccatorum,

1237 1259 1394 1291 damnant,
1416 1266 1449 1291 et
1472 1260 1657 1302 aduersarij
1681 1261 1714 1292 in
1736 1259 1979 1292 confutacione.
2025 1259 2099 1295 Qua
2121 1270 2162 1292 ex
2184 1269 2222 1291 re

1237 1308 1394 1343 apparet,
1418 1301 1529 1344 qualis
1551 1304 1594 1334 sit
1615 1303 1772 1335 Ecclesia
1794 1303 1971 1335 iudicanda
1992 1303 2143 1342 istorum,
2165 1303 2222 1345 qui

1238 1354 1306 1376 non
1338 1344 1448 1377 solum
1481 1345 1626 1378 decretis
1660 1347 1849 1387 improbant
1883 1346 1970 1377 hanc
2003 1345 2222 1384 sentenciam,

1239 1389 1329 1429 quod
1363 1389 1594 1420 remissionem
1628 1396 1844 1431 peccatorum
1874 1397 2120 1430 consequamur
2142 1387 2221 1428 fide,

1238 1440 1305 1462 non
1333 1437 1471 1473 propter
1499 1441 1602 1472 opera
1624 1439 1761 1470 nostra,
1790 1432 1853 1463 sed
1879 1437 2018 1473 propter
2039 1430 2221 1471 Christum,

1239 1473 1300 1506 sed
1322 1475 1420 1506 etiam
1442 1474 1556 1506 iubent
1585 1484 1657 1507 eam
1680 1476 1712 1507 vi
1735 1485 1777 1507 ac
1798 1474 1889 1507 ferro
1911 1473 2059 1507 abolere.
2103 1474 2221 1507 labent

1239 1517 1328 1548 omni
1352 1527 1477 1559 genere
1502 1517 1709 1550 crudelitatis
1731 1518 1872 1559 perdere
1903 1518 1995 1549 viros
2026 1519 2136 1550 bonos
2163 1517 2221 1559 qui

1239 1560 1290 1592 sic
1313 1561 1469 1592 sentiunt.
1515 1561 1582 1592 Sed
1609 1559 1734 1593 habent
1765 1561 1876 1603 magni
1904 1561 2048 1592 nominis
2071 1566 2220 1598 autores,

1239 1604 1395 1641 Scotum,
1427 1602 1616 1635 Gabrielem
1636 1609 1669 1635 et
1692 1602 1835 1641 similes,
1859 1603 1948 1634 dicta
1970 1603 2105 1635 Patrum
2135 1611 2222 1644 quae

1239 1647 1271 1677 in
1306 1645 1460 1677 Decretis
1501 1651 1652 1678 truncata
1691 1647 1843 1678 citantur.
1899 1645 1999 1678 Certe
2038 1647 2067 1678 si
2108 1654 2222 1677 nume·

1239 1689 1345 1720 randa
1366 1695 1445 1721 sunt
1467 1689 1674 1727 testimonia,
1697 1689 1842 1721 w'ncunt.
1886 1687 1948 1720 Est
1970 1689 2056 1721 enim
2079 1687 2222 1720 maxima

1238 1733 1336 1763 turba
1348 1733 1648 1775 nugacissimorum
1672 1733 1873 1773 scriptorum
1895 1732 1927 1763 in
1940 1732 2144 1769 sentencias,
2165 1730 2222 1773 qui

1237 1780 1395 1816 tanquam
1424 1776 1586 1808 coniurati
1615 1774 1796 1807 defendunt
1822 1773 1880 1807 illa
1909 1775 2065 1817 figmenta
2092 1775 2134 1806 de
2155 1783 2222 1806 me-

1237 1818 1301 1849 rito
1328 1818 1504 1850 attritionis
1540 1825 1573 1850 et
1595 1829 1752 1860 operum,
1780 1824 1813 1850 et
1842 1825 1977 1850 caetera
2003 1827 2090 1860 quae
2118 1826 2221 1859 snpra

1237 1861 1459 1893 recitauimus.
1506 1861 1575 1893 Sed
1609 1872 1651 1893 ne
1685 1862 1759 1904 quis
1793 1860 2001 1893 multitudine
2034 1866 2221 1898 moueatur,

1237 1914 1305 1935 non
1324 1914 1445 1946 magna
1466 1905 1627 1936 autoritas
1651 1912 1701 1936 est
1721 1905 1753 1936 in
1766 1904 1963 1943 testimoniis
1986 1903 2222 1944 posteriorum,

1237 1948 1293 1989 qui
1323 1958 1390 1979 non
1419 1954 1604 1990 genuerunt
1634 1958 1695 1979 sua
1718 1947 1862 1988 scripta,
1891 1947 1952 1979 sed
1983 1952 2108 1978 tantum
2132 1954 2221 1978 com-

1238 1989 1347 2031 pilatis
1375 1991 1619 2032 superioribus,
1652 1989 1905 2022 transfuderunt
1938 1988 2012 2021 illas
2046 1989 2221 2030 opiniones

1237 2043 1278 2065 ex
1307 2032 1382 2075 alijs
1404 2032 1498 2065 libris
1526 2034 1558 2064 in
1589 2032 1686 2065 alios·
1732 2032 1819 2064 Nihil
1849 2032 1957 2070 iudicii
1986 2031 2221 2071 adhibuerunt,

1237 2077 1297 2107 sed
1335 2084 1369 2108 vt
1402 2077 1543 2118 pedanei
1578 2084 1755 2108 senatores
1791 2076 1882 2107 taciti
1916 2075 2221 2117 comprohauerunt

1237 2120 1444 2160 superiorum
1479 2129 1611 2151 errores
1651 2130 1718 2150 non
1757 2118 1956 2150 intellectos.
2014 2118 2086 2150 Nos
2120 2117 2222 2161 igitur

1237 2161 1324 2194 hanc
1350 2163 1435 2195 Petri
1460 2173 1577 2194 vocem
1602 2172 1668 2194 non
1692 2163 1879 2194 dubitemus
1903 2171 2087 2204 opponere,
2110 2171 2220 2204 quam-

1236 2203 1318 2236 libet
1339 2205 1450 2237 multis
1474 2204 1661 2247 legionibus
1685 2205 2004 2237 Sentenciariorum.
2027 2214 2114 2247 quae
2135 2202 2216 2236 alle·

1237 2255 1294 2290 gut
1317 2258 1516 2280 consensum
1547 2248 1798 2290 Prophetarum.
1844 2247 1885 2279 Et
1912 2248 2041 2280 accedit
2069 2247 2216 2279 testimo·

1238 2291 1325 2323 nium
1348 2292 1484 2332 spiritus
1508 2292 1616 2323 sancti
1638 2293 1680 2324 ad
1703 2290 1791 2323 hane
1815 2291 2002 2323 contionem
2026 2289 2125 2323 Petri.
2159 2289 2217 2322 Sic

1236 2335 1322 2365 enim
1364 2335 1410 2366 ait
1443 2340 1563 2368 textus.
1619 2333 1739 2367 Adhuc
1780 2333 1939 2376 loquente
1972 2333 2072 2366 Petro
2113 2333 2217 2367 verbu

1236 2376 1336 2415 haec,
1371 2377 1498 2409 Cecidit
1531 2377 1667 2420 spiritus
1704 2383 1841 2409 sanctus
1874 2387 1977 2418 super
2009 2385 2128 2409 omnes
2158 2375 2216 2419 qul

1237 2421 1413 2452 audiebant
1441 2422 1587 2453 verbum.
1633 2421 1747 2452 Sciant
1770 2421 1870 2462 igitur
1892 2420 1967 2461 piae
1989 2419 2218 2452 conscientiae

1237 2463 1304 2495 hoc
1338 2473 1415 2496 esse
1448 2464 1637 2496 mandatum
1662 2463 1743 2502 Dei,
1778 2470 1812 2494 vt
1845 2463 1982 2494 credant
2014 2463 2077 2495 sibi
2111 2462 2217 2505 gratia

1237 2506 1367 2549 ignosci
1412 2514 1548 2550 propter
1588 2507 1781 2544 Christum,
1827 2516 1894 2538 non
1941 2513 2076 2548 propter
2115 2515 2219 2548 opere

1240 2645 1285 2676 16)
1305 2646 1342 2676 1.]
1363 2645 1410 2669 Ed.
1431 2646 1469 2670 8.:
1489 2646 1598 2673 decimo.
