2366 2958
107 186 172 219 549
450 185 490 218 ΙΙ.

106 284 232 312 nostra.
275 279 319 311 Et
340 279 406 310 hoc
434 277 590 310 mandato
613 277 678 309 Dei
702 282 890 309 sustentent
912 285 950 308 se
973 275 1087 307 aduer-

107 332 166 354 sus
188 323 466 363 desperationem,
488 326 522 352 et
538 320 701 352 aduersus
721 326 868 351 terrores
885 321 936 357 ¹⁷)
959 318 1088 360 peccati

107 371 142 398 et
163 366 289 397 mortis.
334 364 376 396 Et
403 364 491 396 hanc
520 364 723 395 sentenciam
751 363 859 394 sciant
887 373 906 393 a
927 361 1087 404 principio

106 408 218 440 mundi
245 409 278 439 in
300 406 455 439 Ecclesia
483 407 633 438 extitisse
663 406 751 447 apud
774 411 923 437 sanct0S.
969 403 1088 436 Petrus

108 452 195 482 enim
229 449 322 482 clare
355 448 482 492 allegat
520 458 724 480 consensum
757 447 1021 489 Prophetarum,
1056 451 1090 477 et

107 492 348 535 Apostolorum
381 492 506 533 scripta
539 497 704 522 testantur
737 500 798 523 eos
832 491 919 522 idem
953 489 1088 520 sentire.

107 536 180 568 Nec
213 536 333 567 desunt
366 535 501 566 Patrum
532 535 729 566 testimonia.
779 533 863 564 Nam
897 532 1090 563 Bernardus

107 579 194 610 idem
224 578 303 610 dicit
335 579 448 609 verbis
479 578 611 608 minime
643 577 809 608 obscuris.
854 575 1005 607 Necesse
1038 580 1091 606 est

109 622 196 654 enim
228 622 334 662 primo
368 620 513 651 omnium
547 620 704 654 credere,
738 619 827 660 quod
860 617 1090 649 remissionem

107 670 322 706 peccatorum
349 663 475 695 habere
496 673 564 694 non
586 663 716 704 possis,
743 662 806 693 nisi
835 670 896 702 per
918 659 1091 702 indulgen-

109 708 188 739 tiam
210 706 286 745 Dei,
309 707 370 738 sed
392 706 478 737 adde
499 705 621 745 adhuc,
644 710 681 737 vt
703 705 821 736 credas
844 709 878 735 et
900 702 974 744 hoc,
1002 703 1092 744 quod

108 760 170 791 per
197 750 304 791 ipsum
331 754 470 791 peccata
500 749 558 779 tibi
587 749 760 779 donantur.
815 746 889 778 Hoc
918 752 970 778 est
1000 746 1091 777 testi-

111 793 276 830 monium,
304 792 395 833 quod
422 791 574 832 perhibet
600 791 737 832 spiritus
765 795 904 821 sanctus
932 789 965 820 in
990 788 1092 820 corde

113 842 171 868 tuo
206 836 343 873 dicens,
375 834 522 865 Dimissa
548 839 626 864 sunt
659 833 716 864 tibi
749 838 889 874 peccata
923 838 989 864 tua.
1035 831 1093 863 Sic

113 879 200 910 enim
227 878 406 909 arbitratur
433 875 618 917 Apostolus
647 876 753 918 gratis
788 874 959 907 iustificari
992 873 1094 906 homi—

112 931 188 953 nem
212 930 271 962 per
293 919 400 951 fidem.
435 918 528 950 Haec
551 918 714 950 Bernardi
736 919 841 950 verba
863 917 1000 949 mirifice
1022 916 1093 949 illu-

112 969 222 995 strant
244 971 380 994 causam
401 967 563 999 nostram,
587 962 663 1003 quia
681 971 749 992 non
773 960 883 992 solum
907 961 1043 1002 requirit
1060 966 1096 991 vt

112 1007 146 1039 in
169 1014 292 1048 genere
314 1005 489 1036 credamus
518 1010 657 1046 peccata
679 1005 798 1036 remitti
824 1013 885 1045 per
907 1004 1095 1035 misericor-

114 1050 211 1081 diam.
256 1047 325 1080 Sed
347 1049 437 1079 iubet
464 1048 588 1079 addere
610 1047 792 1088 specialem
814 1048 912 1078 fidem
936 1057 1002 1089 qua
1023 1056 1095 1078 cre-

113 1093 231 1124 damus
265 1096 299 1122 et
327 1091 425 1122 nobis
458 1091 541 1130 ipsis
568 1091 687 1121 remitti
720 1096 872 1132 peccata.
914 1090 956 1121 Et
985 1090 1096 1127 docet,

114 1134 281 1177 quomodo
306 1134 386 1165 certi
399 1133 576 1164 reddamur
598 1134 640 1164 de
656 1134 852 1165 remissione
871 1138 1096 1175 peccatorum,

115 1175 270 1209 videlicet
299 1186 373 1208 cum
397 1176 462 1208 fide
491 1176 594 1207 corda
629 1176 801 1217 eriguntur
834 1181 867 1207 et
894 1177 976 1208 fiunt
1007 1181 1096 1207 tran-

113 1219 218 1262 quilla
246 1229 306 1261 per
333 1219 484 1260 spiritum
513 1224 675 1251 sanetum.
723 1219 810 1255 Quid
833 1220 1007 1261 requirunt
1028 1229 1095 1250 am-

113 1263 201 1305 plius
231 1262 439 1304 aduersarij‘?
473 1262 559 1293 Num
588 1261 699 1293 adhuc
731 1262 855 1294 audent
882 1271 1007 1304 negare
1030 1260 1097 1292 fide

112 1315 176 1338 nos
199 1306 362 1346 consequi
391 1305 622 1336 remissionem
645 1306 884 1346 peccatorum?
915 1311 973 1336 aut
996 1304 1097 1335 fidem

112 1354 242 1390 partem
265 1357 343 1379 esse
367 1347 624 1389 poenitenciae?

199 1406 323 1439 Tertio.
379 1406 575 1448 Aduersarij
616 1406 728 1438 dicunt
766 1412 941 1449 peccatum
973 1406 1019 1438 ita
1047 1416 1098 1437 re-

113 1450 213 1488 mitti,
245 1450 321 1491 quia
343 1450 474 1481 attritus
498 1459 560 1481 seu
583 1450 745 1482 contritus
768 1449 859 1481 elicit
880 1455 990 1481 actum
1017 1448 1098 1481 dile-

115 1493 234 1526 ctionis
256 1492 339 1531 Dei,
368 1502 428 1534 per
445 1493 496 1530 l⁵⁵)
525 1492 615 1524 hunc
637 1498 748 1525 actum
777 1498 920 1524 meretur
943 1492 1098 1532 accipere

113 1536 344 1569 remissionem
366 1542 594 1577 peccatorum.
627 1535 701 1568 Hoc
723 1535 806 1567 nihil
828 1541 880 1567 est
902 1535 966 1566 nisi
989 1533 1097 1578 legem

114 1580 250 1617 docere,
271 1578 382 1610 deleto
396 1577 594 1620 Euangelio,
617 1584 651 1610 et
671 1577 798 1610 abolita
819 1578 1043 1620 promissione
1055 1578 1097 1609 de

115 1621 260 1654 Christo.
304 1619 446 1652 Tantum
475 1621 561 1652 enim
583 1621 754 1662 requirunt
775 1620 903 1664 legem,
925 1627 959 1652 et
981 1627 1098 1652 nostra

116 1670 238 1706 opera,
264 1664 343 1706 qnia
364 1661 419 1694 lex
442 1663 544 1705 exigit
572 1662 793 1696 dilectionem.
838 1663 1019 1695 Praeterea
1042 1664 1098 1695 do-

116 1714 193 1739 cent
216 1705 396 1745 confidere,
418 1707 507 1748 quod
530 1707 758 1738 remissionem
780 1713 997 1748 peccatorum
1021 1717 1098 1738 con-

116 1760 296 1792 sequamur
317 1755 454 1791 propter
478 1750 715 1782 contricionem
738 1755 771 1781 et
782 1749 1002 1782 dilectionem.
1025 1749 1099 1781 Hoc

116 1794 196 1836 quid
229 1797 282 1824 est
314 1792 405 1824 aliud
428 1793 491 1823 nisi
525 1791 696 1824 collocare
728 1792 882 1824 fiduciam
916 1793 948 1824 in
982 1798 1099 1824 nostra

115 1847 136 1868 ο
162 1846 238 1874 era,
272 1845 339 1867 non
374 1836 406 1866 in
440 1837 580 1867 verbum
616 1842 648 1866 et
682 1836 937 1877 promissionem
959 1835 1023 1868 Dei
1058 1836 1100 1868 de

116 1847 263 1911 Clhristo.
307 1878 408 1914 Quod
435 1879 464 1910 si
487 1877 542 1910 lex
571 1879 653 1910 satis
683 1885 735 1910 est
763 1880 806 1910 ad
830 1879 1099 1920 consequendam

116 1922 347 1953 remissionem
370 1927 597 1962 peccatorum,
620 1922 699 1963 quid
723 1932 807 1963 opus
832 1928 884 1953 est
904 1920 1099 1964 Euangeli0‚

117 1965 196 2008 quid
223 1974 308 2006 opus
343 1970 396 1996 est
424 1963 577 2003 Christo,
612 1966 641 1995 si
669 1971 806 2006 propter
834 1971 984 1996 nostrum
1015 1974 1101 2006 opus

118 2007 354 2049 consequimur
375 2007 604 2039 remissionem
627 2008 865 2048 peccatorum?
888 2008 959 2040 Nos
984 2014 1101 2039 contra

118 2061 139 2083 a
161 2049 240 2093 lege
267 2050 309 2081 ad
330 2048 549 2092 Euangelium
578 2060 777 2083 reuocamus
800 2051 1040 2090 conscientias,
1069 2057 1102 2082 et

119 2104 141 2126 a
168 2093 290 2124 fiducia
311 2093 521 2134 propriorum
545 2103 699 2134 operum,
721 2094 764 2125 ad
787 2093 940 2126 fiduciam
962 2095 1101 2135 promis-

119 2136 224 2169 sionis
253 2142 287 2168 et
311 2134 451 2174 Christi,
485 2135 562 2177 quia
590 2135 809 2178 Euangelium
839 2136 974 2169 exhibet
1003 2138 1101 2169 nobis

120 2178 307 2217 Christum,
336 2184 370 2210 et
398 2179 558 2220 promittit
587 2180 692 2221 gratis
720 2180 949 2212 remissionem
981 2190 1100 2222 pecca-

119 2227 229 2254 torum
257 2226 392 2263 propter
425 2220 604 2253 Christum.
650 2221 723 2254 Hac
756 2223 978 2264 promissione
1011 2224 1102 2255 iubet

119 2275 183 2297 nos
212 2264 402 2303 confidere,
431 2264 522 2306 quod
549 2271 685 2306 propter
713 2264 880 2297 Christum
909 2265 1101 2298 reconcilie-

119 2319 193 2340 mur
215 2308 320 2349 patri,
347 2317 414 2339 non
437 2313 575 2349 propter
604 2313 754 2340 nostram
777 2309 1015 2342 contricionem
1044 2315 1101 2341 aut

121 2349 340 2383 dilectionem.
374 2350 449 2382 Non
472 2351 558 2382 enim
580 2349 666 2382 alius
690 2356 741 2382 est
763 2351 925 2383 mediator
946 2358 1005 2384 aut
1027 2363 1101 2394 pro·

120 2394 262 2436 piciator
290 2393 354 2425 nisi
378 2392 543 2426 Christus·
588 2393 726 2433 Nec¹⁹)
755 2392 863 2438 legem
890 2394 1004 2428 facere
1026 2405 1102 2437 pon·

124 2557 170 2588 1⁷)
189 2556 314 2589 terrores]
333 2557 383 2581 Ed.
402 2557 426 2581 3.
447 2561 497 2589 typ.
515 2564 579 2581 ern:
599 2565 713 2581 terrores

125 2600 170 2629 18)
189 2599 246 2630 per]
266 2599 348 2624 Editt.
369 2599 460 2623 2-4.:
481 2604 585 2631 propter

126 2641 170 2674 19)
188 2640 255 2675 Nec]
274 2641 324 2666 Ed.
343 2642 383 2666 3.:
403 2641 494 2674 Neque

533 183 766 216 APOLOGlA
792 181 1110 216 CONFFSSIONIS
1134 180 1452 215 AUGUSTANAE.
1495 181 1536 214 Β.
1580 180 1770 214 ALTERA.

1111 402 1306 1114 xdatoiei
1340 409 1373 434 et
1405 405 1659 444 propiciatorem
1689 405 1921 445 consequimur
1955 403 2121 434 remissio-

1234 1283 1376 1324 Propter
1408 1285 1470 1316 has
1505 1295 1626 1317 causas
1661 1285 1830 1317 contendit
1863 1283 2005 1323 Paulus,
2026 1284 2130 1326 ‚quod

1148 1336 1215 1359 non
1238 1326 1454 1360 iustificemur
1484 1327 1640 1371 exlege,
1669 1335 1703 1360 et
1733 1329 1869 1369 opponit
1897 1327 1963 1370 legi
1992 1328 2132 1369 promis·

2054 180 2121 213 55⁰

1140 284 1272 313 sumus,
1296 275 1358 306 nisi
1381 275 1472 317 prius
1500 285 1560 316 per
1583 274 1749 307 Christum
1772 273 1976 306 reconciliati
2004 275 2120 307 simus.

1141 317 1182 348 Et
1204 318 1312 359 siquid
1335 315 1541 356 faceremus,
1566 324 1675 349 tamen
1699 319 1915 350 senciendum
1937 324 2007 356 est,
2031 317 2121 359 quod

1140 369 1208 391 non
1237 366 1372 401 propter
1398 360 1456 392 illa
1480 371 1597 402 opera,
1626 361 1685 392 sed
1705 367 1841 402 propter
1865 360 2033 392 Christum
2057 371 2120 392 me-

1140 455 1217 475 nem
1238 450 1462 485 peccatorum.
1486 447 1553 477 lmo
1577 447 1776 478 contumelia
1800 446 1935 484 Christi,
1958 451 1990 476 et
2012 446 2122 477 Euan-

1143 486 1220 529 gelij
1245 488 1421 529 abrogatio
1445 495 1509 526 est,
1533 490 1657 520 sentire
1680 490 1768 531 quod
1792 490 2021 520 remissionem
2045 499 2123 529 pec-

1144 536 1292 561 catorum
1331 537 1466 571 propter
1500 530 1607 572 legem
1647 540 1700 563 aut
1736 532 1831 564 aliter
1866 542 2122 573 consequamur,

1144 582 1242 615 quam
1273 571 1338 603 sade
1361 573 1395 603 in
1425 572 1602 605 Christum.
1648 575 1690 606 Et
1719 576 1806 606 hanc
1835 576 1994 605 rationem
2022 585 2125 616 supra

1143 615 1359 647 tractauimus
1389 615 1431 647 de
1460 616 1709 655 iustificatione,
1740 628 1813 649 cum
1833 619 1992 655 diximus,
2021 627 2125 659 quare

1144 658 1361 699 profiteamur
1391 657 1541 690 homines
1566 659 1631 691 fide
1652 661 1821 692 iustificari
1845 671 1911 691 non
1935 660 2123 692 dilectione.

1147 702 1259 742 ltaque
1283 701 1435 733 doctrina
1446 703 1713 735 aduersariorum
1733 714 1807 735 cum
1831 704 1951 734 docent
1975 703 2125 734 homines

1145 744 1350 775 contricione
1383 750 1416 776 et
1449 744 1626 776 dilectione
1660 748 1787 783 sua'20)
1819 747 1981 787 consequi
2010 746 2125 777 remis-

1146 787 1275 818 sionem
1297 792 1522 828 peccatorum,
1545 794 1577 819 et
1597 788 1764 820 confidere
1784 789 1847 820 hac
1870 789 2073 820 contricione
2092 793 2126 820 et

1146 828 1333 868 dilectione,
1349 832 1402 868 ²¹)
1425 837 1552 862 tantum
1580 836 1632 862 est
1654 832 1805 862 doctrina
1826 831 1912 873 legis
1936 838 1967 862 et
1982 834 2034 869 ¹2²)
2058 831 2124 872 qui-

1146 873 1222 904 dem
1244 882 1312 903 non
1333 871 1535 913 intellectae,
1558 874 1644 905 sicut
1666 874 1776 906 ludaei
1799 874 1831 905 in
1856 873 1997 906 velatam
2026 874 2126 906 Moisi

1146 914 1264 947 faciem
1293 916 1517 948 intuebantur.
1567 917 1747 959 Fingamus
1778 917 1862 948 enim
1897 917 2017 948 adesse
2045 916 2126 948 dile-

1147 959 1307 997 ctionem,
1337 958 1503 1001 fingamus
1525 960 1647 992 adesse
1666 970 1784 1002 opera,
1812 965 1921 991 tamen
1951 969 2059 1001 neque
2082 960 2128 991 di-

1146 999 1267 1039 lectio,
1300 1011 1409 1043 neque
1438 1012 1541 1044 opera
1573 1009 1714 1044 possunt
1744 1013 1820 1034 esse
1850 1003 2042 1043 propiciatio
2066 1013 2127 1044 pro

1147 1050 1299 1085 peccato.
1344 1046 1396 1076 Ac
1425 1056 1468 1077 ne
1497 1052 1641 1086 possunt
1675 1047 1808 1087 quidem
1836 1046 1958 1086 opponi
1993 1046 2062 1076 irae
2095 1050 2128 1077 et

1147 1087 1267 1118 iudicio
1291 1086 1374 1124 Dei,
1402 1088 1493 1120 iuxta
1515 1088 1607 1120 illud.
1653 1089 1729 1119 Non
1757 1089 1896 1120 intrabis
1919 1089 1951 1119 in
1975 1088 2129 1120 iudicium

1118 1127 1122 1164 Σ
1147 1139 1223 1161 cum
1246 1140 1346 1161 seruo
1368 1135 1437 1169 tuo,
1461 1132 1537 1173 quia
1559 1141 1626 1162 non
1646 1131 1877 1162 iustificabitur
1894 1131 1926 1161 in
1947 1137 2129 1172 conspectu

1146 1177 1203 1204 tuo
1228 1174 1335 1204 omnis
1357 1174 1486 1205 vinens,
1530 1174 1602 1206 Nec
1624 1175 1723 1206 debet
1745 1174 1853 1206 honos
1877 1174 1999 1205 Christi
2022 1180 2129 1206 trans-

1147 1213 1239 1254 ferri,
1263 1216 1297 1246 in
1319 1222 1437 1248 nostra
1459 1227 1572 1258 opera.

1149 1371 1278 1402 sionem
1300 1372 1505 1402 remissionis
1529 1377 1754 1412 peccatorum,
1777 1381 1862 1413 quae
1885 1376 2019 1413 propter
2040 1370 2131 1402 Chri-

1150 1418 1236 1445 stum
1260 1414 1422 1452 donatur,
1452 1424 1493 1446 ac
1517 1415 1616 1445 docet
1644 1424 1712 1446 non
1747 1414 1851 1456 gratis
1880 1419 2016 1455 propter
2038 1413 2133 1446 Chri-

1150 1462 1238 1487 stum
1267 1454 1333 1487 fide
1366 1457 1519 1498 accipere
1548 1457 1778 1488 remissionem
1806 1463 2032 1497 peccatorum.
2077 1456 2133 1488 Ad

1149 1498 1238 1530 hanc
1260 1499 1514 1539 promissionem
1537 1507 1675 1532 reuocat
1697 1510 1760 1531 nos
1783 1499 1908 1532 Paulus
1931 1510 1952 1531 a
1974 1498 2061 1542 lege.
2096 1499 2134 1532 In

1149 1541 1238 1573 hanc
1265 1542 1522 1583 promissionem
1545 1544 1636 1575 iubet
1659 1543 1794 1581 intueri,
1819 1553 1904 1585 quae
1928 1548 2020 1575 certe
2043 1543 2134 1574 irrita

1150 1585 1222 1623 erit,
1247 1586 1277 1616 si
1299 1586 1392 1625 prius
1414 1584 1492 1628 lege
1514 1586 1750 1624 iustificamur,
1780 1596 1878 1628 quam
1906 1595 1966 1627 per
1993 1586 2133 1628 promis·

1151 1628 1292 1666 sionem,
1314 1634 1373 1660 aut
1395 1629 1424 1660 si
1446 1635 1585 1670 propter
1608 1635 1754 1661 nostram
1777 1629 1939 1660 iusticiam
1957 1629 2132 1670 consequi-

1151 1682 1225 1703 mur
1252 1671 1482 1704 remissionem
1511 1678 1738 1714 peccatorum.
1790 1672 1835 1703 At
1863 1678 2010 1710 constat,
2045 1671 2135 1714 quod

1151 1715 1227 1745 idco
1250 1714 1347 1745 nobis
1379 1715 1459 1747 data
1481 1723 1534 1747 est
1555 1716 1756 1757 promissi0‚
1784 1715 1860 1747 ideo
1895 1714 2060 1746 exhibitus
2083 1720 2136 1747 est

1152 1756 1321 1795 Christus,
1344 1758 1422 1799 quia
1443 1757 1554 1801 legem
1576 1768 1644 1789 non
1666 1768 1846 1799 possumus
1869 1755 2000 1796 facere,
2023 1757 2135 1793 Quare

1151 1809 1294 1832 necesse
1314 1806 1366 1831 est
1377 1802 1468 1841 prius
1488 1810 1551 1832 nos
1563 1802 1785 1843 promissione
1803 1801 2014 1833 reconciliari
2036 1811 2136 1843 quam

1152 1842 1261 1886 legem
1289 1841 1439 1875 facimus.
1484 1843 1668 1875 Promissio
1697 1850 1807 1876 autem
1838 1851 1964 1876 tantum
1992 1843 2058 1875 fide
2079 1854 2135 1875 ac-

1152 1887 1278 1927 cipitur.
1324 1885 1426 1928 Igitur
1455 1897 1598 1919 necesse
1621 1893 1674 1918 est
1698 1888 1859 1919 contritos
1883 1886 2135 1928 apprehendere

1152 1929 1219 1961 fide
1241 1930 1495 1971 promissionem
1517 1930 1724 1961 remissionis
1753 1937 1968 1972 peccatorum
1990 1930 2135 1961 donatae

1152 1978 1288 2014 propter
1311 1971 1497 2011 Christum,
1521 1978 1733 2005 zie-statuere
1756 1974 1843 2015 quod
1869 1973 1974 2015 gratis
1997 1979 2135 2015 propter

1154 2014 1323 2047 Christum
1345 2015 1492 2047 habeant
1513 2014 1680 2057 placatum
1704 2016 1846 2047 Patrem.
1871 2017 1964 2048 Haec
1987 2021 2039 2047 est
2058 2025 2134 2048 sen-

1154 2059 1262 2090 tencia
1286 2057 1381 2090 Pauli
1404 2059 1447 2090 ad
1470 2058 1585 2090 Roma.
1606 2059 1661 2100 iiij.
1679 2061 1731 2096 23)
1755 2060 1811 2091 vbi
1833 2060 1945 2101 inquit,
1991 2058 2068 2091 ldeo
2093 2069 2136 2090 ex

1154 2101 1231 2139 fide,
1254 2107 1290 2133 vt
1312 2102 1496 2133 secundum
1544 2102 1658 2133 ratiam
1681 2101 1776 2134 firma
1798 2102 1841 2133 sit
1864 2102 2052 2144 promissio.
2093 2101 2135 2134 Et

1154 2145 1198 2176 ad
1238 2143 1379 2176 Galatas
1412 2144 1458 2187 iij.
1545 2144 1689 2177 onclusit
1728 2146 1895 2187 scriptura
1928 2145 2036 2176 omnia
2069 2145 2133 2176 sub

1153 2193 1346 2229 peccatum,
1373 2193 1410 2219 vt
1432 2188 1608 2228 promissio
1639 2197 1680 2219 ex
1704 2188 1769 2219 fide
1792 2188 1867 2220 lesu
1891 2187 2014 2219 Christi
2037 2187 2134 2219 detur

1155 2230 1386 2269 credentibus,
1409 2230 1445 2262 ld
1468 2236 1536 2267 est,
1567 2240 1682 2263 omncs
1705 2236 1782 2262 sunt
1805 2232 1868 2263 sub
1891 2236 2047 2272 peccato,
2069 2240 2134 2263 nec

1154 2279 1296 2315 possunt
1316 2271 1412 2305 aliter
1439 2272 1585 2312 liberari,
1614 2274 1677 2305 nisi
1698 2273 1762 2305 fide
1784 2274 2035 2316 apprehendant
2056 2283 2134 2315 pro-

1154 2317 1346 2348 missionem
1384 2316 1592 2349 remissionis
1626 2323 1848 2358 peccatorum.
1905 2315 2002 2349 Prius
2035 2316 2134 2359 igitur

1155 2481 1203 2513 20)
1223 2481 1382 2504 contricione
1405 2484 1430 2504 et
1454 2480 1593 2504 dilectione
1612 2479 1670 2511 sua]
1695 2480 1776 2504 Editt.
1797 2479 1888 2504 2—4.:
1912 2484 2017 2512 propter
2038 2483 2134 2505 contri-

1226 2515 1326 2538 cionem
1345 2519 1372 2538 ct-
1389 2515 1554 2538 dilectionem

1156 2557 1202 2589 21)
1223 2557 1384 2589 dilectione,]
1403 2557 1451 2581 Ed.
1471 2558 1510 2580 4.:
1531 2556 1684 2585 delectione,

1156 2600 1203 2631 22)
1222 2599 1258 2631 et]
1277 2601 1302 2623 in
1321 2600 1371 2624 Ed.
1390 2601 1414 2624 4.
1433 2599 1507 2624 deest.

1157 2643 1203 2674 23)
1222 2642 1313 2667 Roma.
1333 2643 1391 2674 iiij.]
1409 2642 1491 2666 Editt.
1510 2642 1601 2666 2-4.:
1621 2640 1712 2666 Roma.
1731 2640 1794 2673 (md.
1809 2641 1848 2665 ³.=
1866 2640 2012 2673 Romanos)
2031 2646 2132 2673 quui-to,

1871 2692 1925 2717 35·
