2366 2958
117 146 180 177 417
471 144 506 175 ΙΙ.
551 141 781 174 APOLOGIA
803 141 1120 175 CONFESSIONJS
1143 142 1459 177 AUGUSTANAE.
1507 144 1546 177 B.
1591 143 1780 177 ALTERA.
2059 146 2124 178 418

116 238 288 269 Editionem
308 243 396 270 1531.
415 242 452 271 8⁰
469 250 507 270 ex
530 239 672 268 Editione
696 241 785 269 1542.
806 241 842 270 8⁰
860 239 1041 278 quibusdam
1064 238 1142 268 locis
1162 243 1321 274 mutatam,
1342 242 1370 269 in
1390 240 1463 273 Mel.
1484 241 1618 280 Operum
1641 240 1699 271 Ed.
1718 241 1844 270 Witteb.
1859 251 1928 270 vero
1949 240 2121 272 Editionem

121 283 210 311 1542.
231 284 267 312 8⁰
285 293 422 313 recusam
447 292 520 313 esse
538 282 765 321 typographicis
789 286 887 311 tamen
914 282 1063 311 erroribus
1093 283 1271 311 emendatis
1297 301 1335 305 —
1362 286 1395 320 7)
1420 283 1468 313 De
1498 283 1762 313 Melantbonis
1793 283 1925 322 Operum
1956 284 2010 314 Ed.
2036 285 2121 314 Basi-

116 323 214 353 leensi
239 327 345 361 (1541.
371 324 468 363 Fui),
484 327 512 354 in
535 325 622 354 cuius
642 324 736 354 Tomo
762 325 818 354 111.
837 335 866 363 p.
887 327 924 354 43
945 334 1012 363 sqq.
1034 323 1184 363 Apologia
1209 323 1335 364 legitur,
1366 325 1602 361 Bertramus‚
1629 328 1678 365 qui
1706 326 1782 355 hanc
1809 336 1952 365 peri-aram
1982 327 2038 357 Ed.
2064 339 2120 357 non

116 367 184 405 ipse
202 367 286 401 vidit,
306 368 323 397 l.
344 367 363 397 l.
384 369 433 398 ἔτ.
454 371 482 397 4.
502 377 528 406 p.
555 370 606 396 55.
625 369 815 406 suspicatur,
839 377 903 396 eam
931 368 1001 396 item
1025 377 1063 396 ex
1081 367 1138 397 Ed.
1163 369 1251 396 1531.
1272 370 1308 396 80
1337 378 1471 397 recusam
1497 380 1587 405 esse;
1617 375 1645 399 at
1672 369 1794 398 collatio
1818 371 1954 398 instituta
1979 381 2026 399 me
2052 371 2120 399 edo-

116 411 188 446 cuit,
211 409 314 440 horum
338 410 471 449 Operum
500 409 655 439 Editorem
675 411 776 448 potius
800 409 943 439 Editione
966 419 992 438 a.
1023 411 1111 439 1540.
1139 411 1175 438 4⁰
1199 419 1290 438 usum
1314 419 1403 445 esse3
1437 421 1501 440 nam
1527 411 1642 441 illarum
1674 412 1819 441 variarum
1845 412 2006 441 lectionum
2031 423 2122 452 supra

116 461 144 491 p.
166 455 223 481 411
250 462 298 491 sq.
318 457 555 483 memoratarum,
575 453 687 491 quibus
708 453 783 481 haec
806 451 862 481 Ed.
889 462 906 481 a
936 453 1046 481 ceteris
1076 452 1245 490 discrepo,
1271 453 1367 490 reperi
1397 454 1580 482 secundam:
1605 455 1815 492 ignorantiam,
1843 456 1983 484 tertium:
2012 465 2120 493 poena,

114 497 271 533 quar-lam.
294 497 436 534 imponat,
456 497 562 534 partim
586 496 675 524 etiam
696 498 833 524 sextam.-
856 495 1060 524 Romanorum
1081 495 1124 531 (in
1145 494 1196 524 illa
1222 494 1346 533 legitur:
1371 494 1542 534 Romanos)
1567 499 1670 527 tea-tio:
1695 501 1813 526 ceteras
1838 499 1998 526 varietates
2025 501 2121 536 (prae-

115 538 233 566 sertim:
252 541 337 576 post,
361 537 490 576 alligat),
515 539 626 577 quippe
645 547 724 577 quae
743 538 862 567 nonnisi
881 537 1089 576 typographici
1113 547 1230 566 errores
1248 542 1334 572 sunt,
1352 538 1460 568 Editor
1479 540 1546 578 ipse
1566 540 1743 570 emendavit.
1758 541 1789 577 ἃ)

269 592 316 622 Ex
339 592 387 621 bis
407 597 533 631 quatuor
555 593 746 622 Editionibus
770 591 949 631 Apologiam
973 593 1141 621 uberiorem
1160 603 1238 622 nunc
1261 593 1301 622 ita
1320 593 1420 622 denuo
1440 593 1543 629 edam,
1564 599 1595 624 ut
1622 595 1793 624 Editionem
1815 597 1882 625 eius
1907 596 2070 635 principem
2094 606 2119 626 a.

121 636 211 666 1531.
234 637 269 664 4⁰
291 635 493 665 recudendam
518 645 627 671 curem,
647 636 694 664 cui
713 634 820 664 addam
840 634 967 664 haecce:

326 698 350 725 1.
374 695 548 725 varietatem
567 694 691 724 duorum
711 693 802 723 huius
824 693 977 723 Editionis
1001 694 1205 733 exemplorum
1224 694 1538 734 Norimbergensium:

407 759 432 780 a,
458 752 525 791 5¹s,³
551 749 690 788 plagulas
717 749 754 778 ab
774 750 841 787 ipso
860 754 1000 786 auctore,
1019 754 1178 789 antequam
1196 750 1298 780 Editio
1327 750 1552 790 publicabatur,
1580 751 1714 782 deletas.
1740 753 1767 781 in
1794 763 1851 782 uno
1877 758 1975 784 autem
2002 754 2119 784 illorum

450 792 655 831 exemplorum
679 792 707 820 in
731 792 789 821 fine
813 801 962 827 annexas;

407 848 434 877 b.
458 847 557 876 varias
591 846 739 876 lectiones
766 846 905 886 plagulae
934 848 997 879 Aa,
1033 857 1110 886 quae
1139 852 1299 887 antequam
1330 848 1432 878 Editio
1463 848 1688 888 publicabatur,
1719 851 1824 879 iterum
1853 853 2041 881 emendatius
2073 854 2123 882 im-

449 899 575 928 pressa,
606 890 634 918 iu
659 889 755 918 altero
785 893 885 918 autem
911 890 1029 919 illorum
1060 890 1263 929 exemplonun
1291 891 1361 920 talis
1392 896 1568 921 conservata
1597 896 1660 925 est,
1687 892 1785 931 qualis
1809 895 1932 932 primum
1960 899 2021 924 crat
2041 897 2122 934 typis

453 932 621 971 descripta;
645 933 714 961 item
734 931 798 961 folii
811 932 853 961 Ss
877 935 916 966 1¹¹,
937 932 1017 971 quod
1037 933 1126 962 otiam
1146 938 1215 962 ante
1234 933 1416 972 publicatam
1436 933 1608 964 Editionem
1632 937 1792 974 perpaucis
1811 938 1934 966 mutatis
1954 938 2052 967 denuo
2072 940 2122 967 im-

448 984 589 1014 pressum
625 978 692 1006 est.
727 974 785 1004 sed
815 975 843 1003 in
878 975 986 1004 eodem
1021 975 1161 1015 exemplo
1185 976 1319 1006 Norimb.
1344 977 1405 1007 tale
1430 977 1605 1011 exhibetur.
1634 978 1724 1017 quale
1747 979 1874 1017 primum
1906 981 1988 1019 typis
2014 981 2123 1010 descri-

448 1020 532 1056 ptum
552 1021 630 1051 erat;

320 1073 349 1102 2.
373 1072 545 1102 varietatem
569 1071 743 1101 Editionum
762 1082 788 1101 a.
811 1074 901 1102 1531.
926 1073 976 1107 8⁰,
996 1082 1023 1101 a.
1050 1074 1141 1103 1540.
1166 1075 1202 1102 4⁰
1225 1078 1255 1104 et
1278 1083 1305 1104 a.
1334 1077 1553 1105 1541—154-2.
1575 1078 1610 1105 8⁰
1630 1086 1647 1105 a
1666 1086 1714 1106 me
1747 1076 1908 1116 diligenter
1933 1078 2123 1114 collatarum;

321 1129 347 1157 3.
362 1128 582 1199 lanuotatignes
605 1137 623 1156 a
645 1127 814 1157 Luthero
837 1128 865 1156 iu
895 1137 953 1157 suo
979 1127 1129 1167 exemplo,
1152 1129 1234 1168 quod
1257 1130 1286 1158 iu
1309 1129 1501 1160 Bibliotheca
1525 1134 1608 1170 regia
1632 1130 1801 1161 Dresdensi
1825 1138 2011 1168 asservatur,
2042 1135 2125 1173 Apo-

375 1171 463 1208 ogiae
487 1179 504 1199 a
527 1171 667 1209 scriptas.

113 1236 145 1266 In
171 1238 232 1272 iis,
263 1247 341 1276 quae
364 1239 392 1266 in
422 1238 554 1276 margine
580 1237 720 1267 inferiore
744 1238 920 1277 adiungam,
948 1238 1119 1278 exemplum
1146 1239 1403 1279 Norimbergense
1430 1242 1489 1270 sub
1524 1245 1556 1276 1,
1584 1242 1612 1271 b.
1641 1248 1836 1272 mernor-atum
1861 1244 2005 1281 signabo:
2037 1243 2124 1278 Nor..

113 1283 240 1318 quatuor
261 1280 421 1310 Editioues
444 1283 474 1317 1)
495 1290 521 1310 a.
548 1282 638 1310 1531.
664 1283 710 1314 4⁰,
737 1282 769 1318 2)
788 1291 814 1309 a.
843 1283 933 1310 1531.
960 1282 1005 1316 80,
1031 1285 1063 1320 3)
1083 1291 1109 1312 a.
1136 1284 1226 1312 1540.
1251 1285 1298 1317 4⁰,
1328 1286 1361 1320 4)
1384 1293 1410 1313 a.
1438 1286 1655 1314 1541—1542.
1681 1287 1716 1314 8⁰
1740 1287 1870 1315 numeris
1894 1286 1943 1315 hic
1965 1287 2122 1326 praefixis:

113 1321 174 1351 Ed.
194 1323 240 1356 1.,
264 1321 328 1352 Ed.
353 1322 403 1357 2.,
426 1321 489 1351 Ed.
508 1322 558 1357 3.,
582 1322 645 1352 Ed.
663 1323 715 1357 4.;
734 1322 860 1352 Lutberi
884 1323 1016 1362 denique
1035 1326 1246 1355 annotationes
1270 1326 1380 1355 notabo
1402 1328 1534 1365 praefixa
1556 1326 1650 1366 sigla:
1673 1327 1766 1357 Lntlae.

265 1377 433 1411 Lectores,
452 1377 502 1416 qui
522 1377 561 1407 de
579 1377 844 1408 Melanthonis
869 1378 1013 1415 consilio,
1033 1380 1115 1418 quod
1138 1381 1166 1410 in
1190 1380 1248 1410 hac
1275 1381 1413 1411 uberiore
1437 1381 1590 1421 Apologia
1613 1383 1773 1413 scribenda
1797 1388 1923 1414 secutus
1950 1389 2013 1420 est,
2041 1385 2124 1415 eius-

112 1428 172 1459 que
194 1423 369 1459 argumeuto
402 1420 532 1450 breviter
559 1421 680 1450 edoceri
704 1420 818 1455 volunt,
843 1420 946 1460 legant
973 1421 1178 1452 Knellneri
1208 1423 1226 1452 l.
1250 1423 1269 1454 1.
1294 1425 1320 1461 S.
1349 1426 1397 1454 88.
1423 1425 1610 1464 inscriptam:
1643 1427 1765 1464 „Smecf'
1791 1428 1898 1465 mauge
1925 1433 1979 1458 unt*
2001 1429 2119 1465 3nbalt¹¹

110 1471 141 1502 p.
164 1463 358 1497 427—430.‚
383 1463 454 1492 item
473 1465 519 1500 §s-
544 1465 698 1498 91—93.‚
721 1473 751 1502 p.
771 1466 950 1494 434—438.
973 1465 1003 1494 in
1026 1465 1137 1503 quibus
1162 1466 1200 1495 de
1223 1465 1319 1501 libris,
1338 1476 1417 1505 quos
1437 1468 1602 1497 adversarii
1631 1475 1734 1498 contra
1759 1480 1824 1499 eam
1852 1471 2055 1509 scripserunt,
2085 1471 2124 1500 de

112 1506 351 1540 commentariis,
370 1506 481 1545 quibus
506 1505 626 1544 quidam
649 1505 788 1546 singulas
808 1507 876 1536 eius
894 1511 1006 1547 partes*
1022 1507 1172 1547 explicare
1191 1509 1381 1545 studuerunt,
1400 1520 1436 1539 ac
1458 1510 1588 1550 denique
1611 1512 1650 1541 de
1673 1513 1740 1541 eius
1759 1513 1936 1543 auctoritate
1954 1513 2086 1544 disserit.

218 1648 247 1681 ⁸)
265 1649 404 1675 Praeterea
422 1655 552 1679 memoro,
571 1650 639 1676 inter
655 1650 735 1676 verba
752 1651 900 1681 vernacula,
918 1657 983 1683 quae
1001 1653 1078 1684 paulo
1095 1655 1154 1685 post
1170 1654 1319 1686 principium
1339 1655 1438 1681 articuli
1458 1655 1490 1681 de
1509 1659 1614 1687 peceato
1631 1657 1749 1688 originali
1773 1657 1931 1687 afferuntur,
1956 1658 1981 1683 in
2000 1659 2038 1684 his
2057 1658 2124 1690 one-

265 1683 337 1710 ribus
354 1690 400 1715 pro
419 1683 487 1715 briter
505 1682 551 1714 111st
569 1686 614 1710 aut
633 1683 700 1716 bofet
719 1683 763 1716 lust
781 1686 847 1717 tegi:
866 1685 934 1717 btifet
951 1685 997 1716 lm.

316 2638 464 2659 nunu.
477 2640 559 2660 omn.
574 2640 640 2662 VOL.
655 2641 746 2660 xxvn.
1879 2645 1910 2667 ⁴27
