2366 2958
414 88 430 101 O

89 138 156 172 45⁷
443 138 482 170 11.
526 136 759 170 APOLOGIA
780 135 1101 171 CONFESSIONIS
1122 136 1441 170 AUGUSTANAE.
1485 137 1527 169 B.
1571 136 1763 170 ALTERA.
2040 141 2110 174 458

89 232 160 270 sio,
185 231 275 273 quod
304 230 400 263 Deus
428 236 567 272 propter
594 241 688 264 suam
709 231 974 273 promissionem,
997 240 1071 272 pro-

88 280 163 318 pter
183 273 353 306 Christum
374 272 455 306 velit
476 283 554 305 esse
576 275 755 316 propicius,
777 271 858 305 velit
879 273 1070 311 iustificare,

88 327 157 349 non
180 322 318 358 propter
337 316 458 358 legem,
479 322 538 348 aut
559 327 662 359 opera
683 322 810 348 nostra.
850 316 886 347 ln
909 315 973 347 hac
995 326 1071 358 pro—

88 361 248 393 missione
277 360 398 391 debent
424 359 564 400 pauidae
593 360 818 392 conscientiae
841 368 1002 400 quaerere
1023 368 1072 390 re-

90 401 355 435 conciliationem
382 407 415 432 et
442 402 725 440 iustificationem‚
758 401 823 433 hac
850 401 1072 442 promissione

90 447 214 478 debent
236 454 275 476 se
296 450 505 483 sustentare,
528 455 570 477 ac
593 452 686 477 certo
709 450 874 482 statuere,
902 444 991 485 quod
1013 443 1072 474 ha-

89 489 190 521 beant
211 487 320 519 Deum
342 487 543 528 propicium,
566 495 703 529 propter
726 486 912 524 Christum,
936 491 1073 527 propter

89 540 186 562 suam
213 529 481 571 promissionem.
532 530 581 561 lta
610 540 776 572 nunquam
799 534 940 570 possunt
971 538 1072 569 opera

90 573 329 605 conscientiam
350 572 492 604 reddere
514 579 680 614 pacatam,
702 572 763 604 sed
786 576 910 603 tantum
933 571 1073 612 promis-

195 750 261 776 Sola
278 751 358 782 igitur
375 750 439 775 fides
463 750 600 781 iustificat,
625 754 650 774 et
672 750 742 774 bona
765 757 844 780 opera
867 753 974 781 propter
996 749 1072 773 fidem

160 786 271 817 placent.
308 785 378 814 Quid
397 788 488 810 contra
505 785 572 809 hanc
595 785 723 808 rationem
742 784 884 815 aduersarij
908 788 1018 815 possunt
1035 784 1073 807 as-

159 819 248 843 ferre?
285 818 354 848 Quid
371 826 481 851 possunt
505 824 597 843 contra
619 819 782 842 manifestam
806 819 941 842 ueritatem
967 818 1072 848 excogi-

161 854 234 877 tare?
269 853 338 877 Nam
356 854 442 876 minor
467 858 505 876 est
529 853 684 882 certissima,
709 853 778 884 quod
803 860 882 883 opera
905 857 995 876 nostru
1018 859 1072 875 non

159 888 260 919 possint
279 888 464 911 conscientiam
488 887 598 911 reddere
616 891 744 918 pacatam,
764 887 867 917 quando
885 886 957 910 Deus
976 887 1073 910 iudicat

160 926 186 945 et
203 922 291 952 arguit
309 928 372 951 nos,
392 926 418 944 et
435 922 550 945 ostendit
568 922 643 945 nobis
662 921 854 945 immundiciem
873 925 996 944 nostram.
1029 920 1071 944 Id-

159 963 209 987 que
227 955 362 987 Scriptura
381 962 458 986 saepe
477 956 598 985 inculcat,
617 957 643 980 in
662 956 781 984 Psalmo,
804 955 865 978 Nou
884 956 964 979 intres
987 956 1014 978 in
1033 955 1071 978 iu-

159 990 255 1013 dicium
275 997 331 1013 cum
350 997 426 1013 seruo
447 994 506 1018 tuo,
525 990 585 1020 quia.
603 997 656 1013 non
676 989 859 1013 iustificabitur
882 990 908 1013 in
932 992 1071 1021 conspectu

157 1027 202 1047 tuo
236 1024 319 1047 omnis
346 1024 447 1047 niuens.
494 1025 545 1048 Hic
572 1024 726 1055 simpliciter
753 1023 866 1047 detrahit
896 1023 1015 1047 omnibus
1044 1026 1070 1046 et

157 1058 263 1089 quidem
291 1058 395 1082 Sanctis
423 1065 453 1081 ac
480 1058 561 1081 seruis
586 1058 652 1088 Dei,
677 1058 787 1088 gloriam
811 1059 942 1084 iusticiae.
968 1058 990 1081 si
1016 1064 1069 1081 non

157 1093 277 1122 ignoscat
294 1091 381 1121 Deus²
405 1092 450 1115 sed
474 1092 569 1115 iudicet
595 1096 620 1115 et
645 1095 738 1122 arguat
762 1092 842 1115 corda
866 1099 964 1115 eorum.
1001 1091 1069 1115 Nam

158 1125 229 1156 quod
248 1125 311 1149 alibi
329 1126 459 1156 gloriatur
478 1126 509 1149 de
527 1133 574 1149 sua
593 1126 713 1155 iusticia,
738 1126 851 1156 loquitur
876 1126 907 1149 de
927 1133 1005 1149 causa
1023 1133 1069 1149 sua

157 1160 280 1183 aduersus
301 1164 480 1190 persecutores
499 1160 571 1184 uerbi
590 1159 656 1189 Dei,
675 1168 727 1183 nou
746 1161 860 1190 loquitur
879 1160 911 1183 de
936 1159 1068 1190 personali

157 1194 287 1217 mundicie
308 1193 367 1225 [Ed.
387 1193 412 1217 4.
431 1197 483 1225 typ.
503 1202 568 1218 ern:
587 1193 755 1225 mundiciael,
774 1198 800 1217 et
825 1198 900 1224 rogat
919 1201 1022 1218 causam
1042 1198 1068 1217 et

155 1227 268 1258 gloriam
287 1227 338 1251 Dei
359 1227 476 1257 defendi,
496 1228 532 1251 Vt
549 1228 654 1252 Psalmo
675 1229 698 1252 7.
723 1228 813 1251 ludica
835 1235 874 1251 me
893 1228 1004 1252 Domine
1027 1235 1067 1251 se-

156 1261 268 1285 eundum
287 1261 414 1285 iusticiam
433 1269 517 1285 meam
536 1266 585 1285 etc.
606 1263 640 1286 Et
657 1262 728 1286 alibi.
755 1262 846 1285 Indica
869 1262 982 1286 Domine
1006 1269 1065 1285 cau-

154 1303 209 1319 sam
227 1302 319 1319 meam.
351 1295 447 1319 Rursus
465 1296 570 1320 Psalmo
590 1296 649 1321 129.
675 1297 753 1320 docet
770 1297 898 1320 neminem
917 1304 992 1327 posse
1012 1303 1066 1320 sus-

154 1330 239 1353 tinere
261 1329 385 1352 iudicium
410 1329 476 1360 Dei,
501 1331 524 1354 si
548 1330 669 1354 obscruet
693 1335 800 1361 peccata
823 1335 922 1355 nostra.
964 1331 993 1355 Si
1017 1331 1066 1354 ini-

153 1363 265 1394 quitates
284 1363 465 1387 obseruaueris
483 1365 613 1393 Domine,
632 1364 744 1388 Domine
767 1365 822 1395 quis
845 1365 997 1388 sustinebit?
1032 1365 1067 1388 Et

152 1397 211 1422 Iob.
231 1397 256 1421 9.
285 1397 400 1421 Verebar
428 1400 515 1422 omnia
544 1406 626 1430 opera
647 1406 712 1423 mea.
749 1399 829 1428 Item,
853 1398 882 1423 Si
904 1399 971 1422 lotus
990 1399 1064 1422 fuero

151 1432 227 1463 qnasi
251 1432 324 1463 aquis
348 1432 428 1461 niuis,
453 1436 479 1456 et
501 1433 619 1456 fulserint
642 1433 714 1456 uelut
736 1433 922 1456 mundissimae
947 1433 1008 1464 [Ed.
1026 1433 1065 1456 3.:

151 1465 333 1497 mundissime]
351 1473 444 1490 manus
463 1474 550 1495 meae,
569 1471 655 1490 tamen
674 1467 793 1491 sordibus
813 1467 926 1497 intinges
945 1474 994 1490 rne.
1031 1467 1066 1490 Et

151 1499 278 1524 Prouerh.
298 1501 340 1524 20.
360 1499 422 1532 [Ed.
440 1500 479 1524 3.:
499 1501 698 1525 Prouerbiorum
717 1501 867 1533 vigesimo]
897 1501 961 1530 Quis
980 1505 1065 1532 potest

153 1534 250 1564 dicere,
268 1534 392 1558 mundum
412 1538 451 1558 cst
468 1542 513 1558 cor
530 1533 634 1560 meum?
670 1535 706 1559 Et
725 1537 747 1559 1.
767 1536 858 1559 Iohan.
877 1537 901 1559 1.
939 1536 968 1561 Si
992 1536 1064 1559 dixe-

151 1569 231 1592 rimus
249 1568 320 1600 quod
337 1573 470 1600 peccatum
488 1576 540 1593 non
559 1569 698 1599 habemus,
716 1570 766 1600 ipsi
784 1577 832 1593 nos
856 1569 1019 1600 seducimus,
1038 1574 1064 1594 et

151 1603 248 1626 ueritas
267 1603 293 1626 in
311 1602 386 1626 nobis
411 1610 464 1626 non
490 1607 537 1626 est.
572 1603 607 1626 Et
631 1604 657 1627 in
683 1604 803 1628 oratione
827 1604 959 1628 dominica.
981 1605 1064 1628 sancti

151 1640 243 1668 petunt
271 1637 452 1660 remissionem
479 1641 654 1668 peccatorum.
695 1638 799 1662 Habent
824 1639 905 1668 igitur
931 1642 956 1662 et
978 1639 1063 1662 sancti

151 1674 267 1702 peccam.
304 1670 336 1694 In
354 1670 490 1701 Numeris,
509 1672 545 1695 Et
568 1673 696 1696 innocens
719 1680 773 1696 non
798 1673 847 1696 erit
868 1673 1001 1697 innocens.
1028 1673 1064 1696 Et

150 1704 289 1729 Zacharias
308 1705 352 1729 ait.
379 1704 462 1729 Sileat
480 1713 496 1729 a
514 1706 580 1729 facie
591 1705 697 1730 Domini
716 1707 798 1730 omnis
819 1714 888 1730 caro.
916 1707 950 1730 Et
958 1707 1061 1731 Esaias.

151 1738 243 1763 Omnis
262 1746 324 1762 caro
342 1739 459 1768 foenum,
480 1744 505 1762 et
524 1741 607 1763 omnis
631 1741 718 1770 gloria
736 1742 804 1769 eius,
828 1741 901 1772 quasi
926 1741 972 1764 flos
996 1742 1061 1772 agri.

149 1773 303 1796 Exiccatum
322 1777 360 1797 est
378 1774 483 1797 foenum
503 1778 528 1797 et
546 1775 642 1798 cecidit
660 1773 720 1804 flos,
739 1776 800 1806 quia
824 1775 929 1806 spiritus
954 1775 1061 1799 Domini

150 1807 300 1831 sufflauitin
314 1814 353 1835 eo,
371 1807 401 1830 Id
421 1812 468 1837 est,
485 1815 546 1831 earo
567 1813 592 1832 et
609 1809 712 1832 iusticia
731 1809 816 1832 carnis
835 1817 888 1832 non
908 1814 992 1840 potest
1006 1817 1061 1833 sus-

150 1842 234 1865 tinere
243 1841 366 1865 iudicium
377 1841 437 1865 Dei.
465 1842 501 1865 Et
518 1842 595 1866 Ionas
614 1843 699 1873 inquit
718 1844 780 1874 Cap.
796 1844 819 1866 2.
839 1843 899 1876 [Ed.
912 1843 952 1867 3.:
969 1845 1061 1875 Capite

149 1874 276 1906 secundo]
294 1875 401 1899 Frustra
425 1877 568 1900 obseruant
587 1884 671 1906 uana,
690 1878 732 1908 qui
757 1878 963 1901 misericordiam
982 1879 1060 1902 relin—

149 1913 245 1940 quunt,
269 1909 296 1933 id
323 1914 376 1940 cst,
395 1909 486 1934 Omnis
509 1910 604 1935 fiducia
627 1915 667 1934 est
689 1912 789 1941 inanis,
814 1916 916 1943 praeter
938 1912 1060 1936 fiduciam

148 1943 355 1967 misericordiae.
382 1943 564 1968 Misericordia
581 1950 667 1970 seruat
685 1953 742 1975 nos,
760 1947 867 1977 propria
883 1946 983 1975 merita,
1001 1955 1060 1978 pro·

150 1978 200 2009 prij
219 1981 326 2001 conatus
344 1985 397 2002 non
415 1983 521 2003 seruant
538 1987 597 2003 nos.
632 1980 690 2004 Hae
707 1981 852 2004 sententiae
871 1985 896 2004 et
919 1981 1014 2005 similes
1032 1982 1059 2005 in

149 2012 283 2042 scripturis
302 2015 429 2035 testantur
447 2020 528 2043 opera
545 2018 635 2037 nostra.
652 2015 784 2038 immunda
802 2022 872 2045 esse,
891 2018 917 2038 et
940 2015 1059 2046 indigere

148 2046 338 2070 misericordia.
365 2045 451 2074 Quare
471 2054 523 2070 non
541 2049 654 2072 reddunt
671 2053 776 2079 pacatas
786 2050 960 2074 conscientias
971 2057 1059 2081 opera,

148 2080 194 2104 sed
213 2080 394 2104 misericordia
413 2080 574 2111 apprehensa
592 2089 638 2113 per
655 2082 740 2106 fldem.

184 2138 293 2168 Quarto.
327 2139 445 2164 Christus
462 2147 514 2164 non
534 2141 629 2165 desinit
646 2142 774 2166 mediator
793 2150 849 2167 esse
866 2146 1001 2175 postquam
1020 2151 1059 2167 re-

147 2175 237 2197 nouati
255 2180 350 2197 sumus.
388 2174 483 2198 Errant
501 2176 544 2206 qui
561 2175 663 2206 fingunt
681 2183 738 2200 eum
756 2180 855 2201 tantum
873 2179 980 2209 primam
999 2185 1058 2209 gra·

148 2209 210 2232 tiam
229 2209 347 2231 meritum
368 2215 432 2238 esse,
450 2216 499 2232 nos
517 2214 608 2240 postea
627 2214 717 2234 nostra
738 2210 804 2241 legis
828 2212 980 2243 impletione
1004 2213 1057 2243 pla-

148 2249 206 2266 cere
225 2246 252 2266 et
267 2242 362 2266 mereri
387 2243 465 2266 uitam
489 2246 630 2267 aeternam.
665 2244 756 2268 Manet
777 2246 905 2270 mediator
928 2246 1058 2277 Christus,

148 2280 174 2300 et
191 2283 292 2307 semper
309 2280 423 2300 statuere
442 2277 573 2307 debemus,
591 2278 662 2310 quod
686 2283 791 2310 propter
812 2280 896 2310 ipsum
919 2281 1058 2305 habeamus

147 2310 278 2343 placatum
300 2310 398 2340 Deum.
422 2312 521 2335 etiamsi
545 2319 593 2336 nos
617 2313 720 2343 indigni
744 2314 836 2344 simus,
863 2314 938 2338 Sicut
962 2315 1058 2339 Paulus

148 2345 193 2369 ait.
223 2343 274 2368 Per
290 2343 358 2368 hunc
377 2344 499 2369 habemus
518 2353 649 2370 aceessum
670 2347 703 2370 ad
722 2346 806 2371 Deum
824 2355 870 2379 per
887 2348 973 2373 iidem.
1002 2349 1057 2373 No-

146 2382 202 2403 stra
219 2378 288 2402 enim
305 2379 422 2410 impletio
440 2379 515 2410 legis,
534 2385 563 2404 ut
580 2381 702 2410 diximus,
721 2385 759 2404 est
776 2382 916 2412 immunda,
934 2384 996 2415 quia
1013 2391 1057 2407 na-

149 2417 207 2437 tura
224 2415 317 2436 nostra
334 2412 495 2437 horribiliter
514 2419 553 2438 est
571 2419 700 2446 corrupta.
736 2415 800 2439 Ideo
826 2416 942 2441 psalmus
964 2418 1057 2449 inquit,

147 2445 223 2471 Beati
240 2453 349 2478 quorum
367 2448 490 2472 remissae
515 2453 576 2472 sunt
598 2450 757 2480 iniquitates.
794 2449 882 2479 Quare
903 2452 1057 2476 remissione

147 2485 315 2513 peccatorum
334 2488 398 2512 opus
416 2481 551 2513 babemus,
570 2484 647 2507 ctiam
666 2491 722 2507 cum
742 2484 810 2508 bona
825 2492 905 2516 opera
923 2484 1055 2510 habemus.

146 2515 196 2540 Ina
214 2519 301 2539 autem
318 2516 436 2539 remissio
455 2523 557 2548 semper
574 2517 775 2549 apprehenditur
793 2518 857 2549 fide,
881 2519 922 2542 Ita
940 2520 1057 2544 Christus

148 2554 236 2574 manet
257 2549 381 2573 Pontifex
408 2554 434 2574 et
455 2552 592 2576 mediator.
634 2551 724 2576 Placet
753 2553 831 2583 igitur
854 2553 900 2577 illa
921 2553 986 2585 legit
1010 2555 1056 2579 im-

148 2585 228 2616 pletio
250 2590 304 2608 nou
326 2586 434 2615 propter
455 2591 498 2616 ae,
520 2586 566 2610 sed
588 2587 649 2618 quia
671 2587 724 2610 tide
747 2586 963 2618 apprehendimus
981 2588 1056 2613 Chri-

1094 284 1099 381 Ι

1122 231 1185 262 sio.
1235 232 1273 263 Si
1305 232 1406 274 igitur
1432 237 1565 273 praeter
1599 230 1806 264 dilectionem
1835 239 1868 265 et
1897 243 1999 275 opera
2026 234 2108 268 alibi

1123 275 1312 314 quaerenda
1336 281 1387 306 est
1409 274 1610 313 iustificatio,
1632 279 1665 306 et
1686 285 1750 316 pax
1764 277 1997 315 conscientiae,
2021 288 2103 321 ergo

1124 314 1260 347 dilectio
1285 323 1318 348 et
1347 327 1451 358 opera
1472 328 1539 349 non
1562 317 1757 356 iustificam,
1785 319 1846 349 etsi
1868 325 1944 350 sunt
1966 320 2104 352 virtutes

1125 364 1158 389 et
1181 358 1331 390 iusticiae
1354 358 1451 401 legis,
1474 366 1638 401 quatenus
1660 367 1737 392 sunt
1761 360 1907 402 impletio
1930 361 2027 404 legis.
2062 363 2106 395 Et

1124 405 1261 432 eatenus
1289 402 1375 432 haec
1403 404 1589 434 obedientia
1616 402 1700 444 legis
1730 403 1885 436 iustificat
1909 405 2035 436 iusticia
2058 404 2104 437 le-

1125 443 1188 485 gis,
1213 444 1279 475 Sed
1303 444 1387 475 haec
1411 445 1603 486 imperfecta
1625 446 1752 477 iusticia
1775 445 1861 488 legis
1885 457 1951 478 non
1975 454 2027 479 est
2050 458 2104 480 ac—

1125 491 1221 527 cepta
1245 485 1330 524 Deo,
1353 487 1415 517 nisi
1439 493 1573 528 propter
1595 488 1700 519 fidem.
1746 489 1822 520 ldeo
1846 500 1913 521 non
1936 490 2103 529 iustificat,

1123 528 1156 559 id
1184 534 1256 566 est,
1284 538 1392 570 neque
1420 529 1629 569 reconciliat,
1652 541 1760 572 neque
1783 539 1974 575 regenerat,
1996 544 2104 575 neque

1124 580 1184 612 per
1206 581 1245 602 se
1267 569 1347 602 facit
1369 579 1527 613 acceptos
1552 583 1663 604 coram
1686 573 1771 606 Deo.

1193 745 1277 771 stum,
1295 744 1321 764 et
1338 742 1462 766 sentimus
1480 750 1527 766 nos
1546 742 1641 767 habere
1658 743 1742 767 Deum
1760 746 1904 777 placatum,
1925 753 1978 770 non
1996 751 2102 779 propter

1194 775 1291 805 legem,
1311 777 1357 800 sed
1375 784 1478 808 propter
1497 776 1638 801 Christum.

1228 808 1335 837 Quinto.
1376 810 1405 834 Si
1432 812 1594 834 sentiendum
1619 816 1698 841 esset,
1726 813 1794 843 quod
1823 818 1881 845 post
1905 816 2102 839 renouationem

1193 847 1312 874 oporteat
1330 851 1378 868 nos
1397 851 1517 876 acceptos
1536 846 1599 874 fieri,
1619 853 1671 869 non
1690 846 1741 869 fide
1759 853 1863 878 propter
1886 848 2031 877 Christum,
2055 849 2101 873 sed

1192 881 1297 908 propter
1322 882 1437 902 nostram
1464 881 1640 911 impletionem
1664 880 1744 911 legis,
1773 889 1903 912 nunquam
1927 884 2102 914 acquiesceret

1194 912 1364 941 conscientia,
1390 913 1436 936 sed
1465 915 1498 937 ad
1523 914 1731 945 desperationem
1756 916 1914 946 adigeretur.
1955 917 2010 941 Lex
2034 919 2101 941 cuim

1192 952 1292 976 semper
1310 951 1422 976 accusat,
1441 955 1498 971 cum
1516 948 1568 979 legi
1588 956 1717 980 nunquam
1743 950 1940 976 satisfaciamus.
1977 952 2007 975 Id
2032 952 2101 983 quod

1192 982 1247 1002 tota
1266 980 1383 1004 Ecclesia
1401 982 1546 1005 confitetur.
1582 982 1676 1006 Paulus
1696 984 1763 1007 enim
1791 985 1839 1014 ait,
1859 985 1919 1008 Non
1945 986 2014 1016 quod
2038 987 2100 1010 uolo

1192 1013 1288 1037 bonum
1307 1014 1358 1038 hoc
1375 1016 1452 1044 facio,
1470 1017 1515 1040 sed
1535 1017 1604 1048 quod
1624 1018 1697 1046 noio,
1718 1018 1820 1042 malum.
1849 1019 1921 1050 Item,
1941 1020 2028 1043 Mente
2047 1028 2100 1044 ser-

1191 1048 1235 1071 uio
1251 1049 1304 1078 legi
1323 1049 1382 1079 Dei,
1402 1050 1488 1074 Carne
1507 1055 1589 1074 autem
1610 1053 1695 1075 seruio
1720 1053 1772 1083 legi
1798 1055 1906 1084 pcccati.
1944 1054 2009 1082 Quis
2033 1056 2101 1078 enim

1191 1083 1252 1105 satis
1271 1083 1364 1113 diligit,
1383 1088 1428 1107 aut
1446 1086 1508 1109 satis
1528 1086 1600 1109 timet
1617 1085 1715 1116 Deum,
1740 1088 1796 1118 quis
1815 1089 1877 1111 satis
1895 1089 2027 1120 pacienter
2045 1097 2100 1113 sus-

1191 1116 1254 1139 tinet
1278 1117 1430 1141 afflictiones
1450 1126 1465 1142 a.
1488 1119 1545 1142 Deo
1569 1120 1715 1150 impositas,
1740 1122 1797 1152 quis
1823 1130 1875 1146 non
1894 1130 1970 1154 saepe
1994 1123 2100 1153 dubitat,

1190 1150 1283 1173 Vtrum
1301 1151 1351 1174 Dei
1371 1153 1482 1176 consilio
1502 1159 1624 1183 regantur
1643 1162 1682 1178 res
1701 1155 1843 1185 humanae,
1869 1157 1923 1188 quis
1948 1165 2000 1180 non
2023 1165 2100 1189 saepe

1190 1184 1298 1214 dubitat,
1319 1185 1411 1209 Vtrum
1430 1194 1445 1210 a
1464 1187 1522 1210 Deo
1543 1189 1705 1219 exaudiatur,
1725 1191 1780 1220 quis
1791 1197 1842 1213 non
1859 1199 1936 1222 saepe
1955 1191 2100 1216 stomacha-

1188 1222 1237 1248 tur,
1257 1220 1326 1250 quod
1345 1221 1416 1251 impij
1436 1221 1541 1245 soi-tuna
1559 1223 1664 1246 meliore
1675 1228 1781 1247 utuntur
1794 1232 1868 1255 quum
1879 1227 1924 1257 pij,
1936 1226 2005 1256 quod
2020 1226 2055 1257 pij
2067 1227 2099 1250 ab

1188 1253 1275 1283 impijs
1287 1255 1474 1285 opprimuntur,
1484 1257 1540 1287 quis
1553 1263 1604 1279 non
1616 1257 1734 1281 irascitur
1745 1259 1841 1283 iudicio
1854 1259 1913 1290 Dei,
1929 1268 1985 1283 cum
1996 1261 2099 1284 uidetur

1187 1294 1237 1310 nos
1256 1287 1379 1318 abijcere,
1398 1290 1453 1320 quis
1472 1291 1739 1315 satisi'acituocationi
1758 1300 1828 1323 suae,
1840 1295 1897 1325 quis
1908 1295 1993 1324 diligit
2010 1295 2098 1325 proxi·

1187 1328 1256 1344 mum
1275 1322 1342 1345 sicut
1359 1324 1481 1354 seipsum,
1501 1325 1557 1354 quis
1577 1332 1627 1348 non
1647 1327 1761 1350 irritatur
1780 1335 1794 1351 a
1807 1329 2033 1359 concupiscentia?
2057 1329 2098 1353 De

1187 1355 1227 1378 his
1245 1357 1358 1386 peccatis
1377 1358 1415 1381 ait
1431 1358 1557 1388 Psalmos,
1576 1360 1627 1383 Pro
1647 1360 1696 1384 hoc
1720 1361 1806 1385 orabit
1824 1364 1856 1386 ad
1882 1367 1907 1386 te
1932 1363 2016 1387 omnis
2040 1370 2098 1387 san-

1188 1394 1253 1413 ctus.
1289 1391 1341 1414 Hic
1359 1396 1462 1415 sanctos
1481 1393 1517 1416 ait
1536 1399 1623 1424 petere
1642 1395 1817 1419 remissionem
1836 1401 2009 1428 peccatorum.
2037 1397 2098 1422 Plus

1187 1431 1263 1454 quam
1281 1426 1355 1448 cocci
1373 1430 1440 1455 sunt,
1457 1428 1502 1457 qui
1521 1428 1601 1451 malos
1621 1429 1726 1453 aflectus
1746 1431 1772 1453 in
1791 1438 1883 1461 carne,
1897 1431 1959 1455 'non
1983 1432 2099 1456 sentiunt

1187 1464 1242 1480 esse
1260 1463 1376 1488 peccata,
1395 1461 1427 1483 de
1446 1462 1536 1491 quibus
1555 1461 1650 1486 Paulus
1670 1463 1742 1488 dicit.
1781 1464 1849 1489 Caro
1875 1466 2034 1496 concupiscit
2052 1467 2096 1490 ad-

1186 1498 1277 1515 uersus
1305 1494 1437 1524 spiritum,
1464 1494 1576 1526 Spiritus
1604 1497 1727 1522 aduersus
1756 1506 1866 1522 carnem.
1905 1500 1973 1523 Caro
2002 1500 2098 1524 diffidit

1186 1525 1254 1555 Deo,
1274 1528 1382 1552 confidit
1400 1529 1476 1552 rebus
1495 1532 1684 1561 praesentibu5‚
1702 1534 1804 1563 quaerit
1823 1533 1935 1557 humana
1953 1535 2051 1558 auxilia
2068 1536 2097 1559 in

1187 1560 1348 1591 calamitate,
1368 1562 1446 1586 etiam
1471 1570 1561 1587 contra
1583 1565 1741 1589 uoluntatem
1767 1567 1827 1596 Dei,
1853 1569 1917 1599 sugit
1940 1568 2096 1593 afflictiones

1186 1601 1248 1624 quas
1267 1596 1342 1619 iuxta
1359 1597 1509 1621 mandatum
1527 1598 1579 1622 Dei
1597 1600 1708 1623 tolerare
1727 1601 1851 1632 debebat,
1877 1602 1976 1626 dubitat
1994 1603 2026 1626 de
2044 1603 2095 1627 Dei

1186 1629 1376 1654 misericordia.
1413 1631 1477 1655 Cum
1495 1632 1589 1656 talibus
1615 1633 1750 1658 affectibus
1774 1636 1887 1660 luctatur
1909 1638 2014 1668 spiritus
2037 1645 2096 1661 san-

1185 1667 1240 1686 ctus
1258 1664 1284 1687 in
1304 1665 1440 1695 cordibus,
1462 1670 1490 1689 ut
1509 1674 1554 1690 eos
1578 1669 1701 1699 reprimat
1724 1677 1755 1693 ac
1778 1671 1928 1701 mortificet,
1953 1675 1978 1695 et
2000 1672 2096 1695 inserat

1184 1704 1268 1721 nouos
1286 1705 1316 1722 ac
1335 1700 1482 1730 spirituales
1501 1706 1594 1725 motus.
1620 1702 1655 1726 Et
1671 1704 1834 1734 Augustinus
1853 1707 1896 1734 ait,
1911 1705 2007 1729 Omnia
2024 1713 2094 1730 mau-

1185 1732 1245 1755 data
1272 1733 1324 1757 Dei
1350 1734 1502 1765 implentur,
1530 1736 1633 1766 quando
1662 1738 1788 1769 quidquid
1812 1747 1864 1763 non
1887 1739 1916 1763 fit
1941 1741 2093 1770 ignoscitur.

1183 1765 1302 1797 Requirit
1319 1767 1400 1797 igitur
1418 1768 1504 1798 sidem,
1525 1770 1601 1793 etiam
1620 1771 1646 1794 in
1666 1772 1740 1795 bonis
1759 1774 1893 1804 operibus,
1913 1778 1941 1797 nt
1959 1775 2092 1798 credamus

1183 1807 1230 1823 nos
1248 1801 1307 1824 Deo
1325 1801 1429 1832 placere
1447 1807 1552 1834 propter
1577 1804 1720 1836 Christum,
1745 1814 1793 1830 nec
1816 1815 1895 1839 opera
1917 1809 1973 1839 ipsa.
1996 1816 2042 1840 per
2065 1816 2091 1832 se

1184 1834 1264 1865 digna.
1282 1842 1339 1859 esse
1357 1843 1421 1867 quae
1439 1837 1566 1867 placeant.
1604 1838 1639 1862 Et
1662 1840 1838 1872 Hieronymus
1863 1846 1952 1866 contra
1971 1842 2091 1873 Pelagia-

1183 1875 1242 1893 nos.
1279 1869 1352 1893 'runc
1371 1878 1434 1901 ergo
1454 1872 1512 1894 iusti
1531 1880 1631 1902 sumus,
1655 1876 1759 1905 quando
1785 1883 1832 1899 nos
1852 1882 2002 1907 peccatores
2026 1877 2091 1901 fate—

1181 1910 1247 1927 mur.
1283 1903 1317 1927 Et
1334 1904 1436 1928 iusticia
1453 1910 1541 1929 nostra
1559 1914 1610 1930 non
1630 1913 1662 1931 ex
1680 1911 1785 1940 proprio
1803 1911 1909 1939 merito,
1927 1911 1973 1934 sed
1991 1918 2023 1935 ex
2042 1911 2092 1935 Dei

1181 1938 1300 1962 consistit
1322 1938 1508 1964 misericordia.
1547 1940 1658 1972 Oportet
1680 1944 1759 1973 igitur
1782 1945 1873 1968 adesse
1896 1945 1973 1969 fidem
1998 1946 2023 1969 in
2047 1946 2091 1969 illa

1180 1972 1304 1996 inchoata
1322 1973 1388 2003 legis
1406 1975 1563 2005 impletione,
1583 1983 1647 2005 quae
1665 1982 1764 2001 statuat
1781 1986 1829 2002 nos
1844 1984 1949 2010 propter
1960 1980 2090 2003 Christum

1179 2005 1276 2030 hahere
1295 2006 1379 2031 Deum
1397 2008 1535 2039 placatum.
1573 2009 1640 2033 Nam
1659 2012 1838 2037 misericordia
1862 2021 1914 2037 non
1939 2018 2025 2045 potest
2046 2022 2089 2045 ap—

1179 2041 1307 2071 prehendi
1326 2043 1375 2066 nisi
1393 2043 1452 2067 fide.
1487 2043 1579 2075 Itaque
1597 2052 1702 2075 prorsus
1727 2051 1766 2070 est
1788 2047 1907 2071 doctrina
1932 2049 2090 2079 desperatio-

1179 2076 1230 2104 nis,
1248 2075 1358 2106 docere,
1376 2077 1446 2108 quod
1465 2085 1518 2101 non
1537 2079 1616 2102 simus
1635 2081 1734 2112 accepti
1753 2080 1803 2105 fide
1826 2087 1930 2113 propter
1949 2082 2089 2113 Christum,

1179 2110 1225 2133 sed
1242 2114 1347 2141 propter
1365 2112 1494 2142 propriam
1513 2113 1578 2143 legis
1596 2114 1780 2144 impletionem.

1212 2143 1254 2166 Ex
1273 2144 1314 2167 his
1335 2146 1452 2169 omnibus
1470 2147 1535 2170 satis
1554 2153 1674 2178 apparet,
1700 2150 1768 2180 quod
1794 2150 1849 2173 sola
1868 2150 1931 2173 fides
1957 2150 2088 2181 iustificat,

1177 2177 1205 2201 id
1225 2182 1272 2207 est,
1289 2179 1398 2210 primum
1417 2181 1585 2212 consequitur
1602 2183 1782 2206 remissionem
1800 2189 1979 2215 peccatorum,
2005 2189 2031 2208 et
2049 2191 2088 2208 re-

1180 2213 1391 2237 conciliationem
1411 2220 1516 2246 propter
1535 2215 1674 2246 Christum,
1693 2221 1718 2241 et
1736 2218 1805 2248 quod
1824 2219 1880 2243 sola
1899 2219 1962 2242 fides
1979 2225 2088 2249 regene-

1180 2250 1230 2270 rat.
1267 2247 1333 2271 Nam
1363 2248 1421 2272 sola
1448 2249 1499 2273 fide
1530 2251 1633 2281 spiritus
1664 2256 1768 2276 sanctus
1798 2254 1949 2284 concipitur.
1985 2253 2086 2277 Deinde

1179 2281 1251 2312 quod
1267 2281 1312 2304 illa
1329 2282 1452 2307 inchoata
1469 2284 1585 2315 impletio
1603 2286 1669 2316 legis
1687 2293 1739 2310 non
1758 2286 1858 2317 placeat
1878 2295 1924 2318 per
1948 2294 1976 2311 se
1999 2295 2087 2312 coram

1178 2314 1246 2339 Deo.
1290 2316 1355 2340 Cum
1383 2322 1468 2341 autern
1495 2318 1580 2342 adhuc
1609 2320 1687 2349 alibi,
1714 2320 1836 2345 uidelicet
1862 2322 1889 2345 in
1915 2323 2086 2352 promissione

1179 2349 1286 2379 Christi,
1304 2353 1455 2382 quaerenda
1477 2353 1511 2376 sit
1534 2353 1690 2377 iustificatio.
1727 2354 1840 2386 Cumque
1865 2355 1922 2379 sola
1943 2355 2007 2379 fides
2024 2355 2086 2380 'effi-

1180 2384 1230 2407 ciat.
1247 2389 1365 2415 pacatam
1385 2388 1583 2418 conscientiam,
1601 2395 1704 2411 nec-esse
1724 2393 1777 2418 est,
1802 2390 1871 2420 quod
1890 2389 1947 2413 sola
1964 2390 2028 2414 fides
2047 2391 2084 2414 iu-

1178 2418 1281 2443 stificet.
1317 2419 1425 2452 Semper
1449 2422 1518 2445 enim
1541 2427 1636 2446 sentire
1656 2422 1790 2452 debemus,
1811 2424 1880 2455 quod
1904 2431 1957 2447 non
1979 2430 2085 2456 propter

1177 2453 1277 2483 legem,
1300 2455 1346 2477 sed
1364 2459 1471 2486 propter
1489 2455 1617 2480 Christum
1635 2457 1713 2480 simus
1733 2459 1840 2489 accepti.
1876 2457 1937 2482 Non
1962 2460 2028 2483 enim
2048 2460 2085 2483 iu-

1178 2487 1320 2511 stificamur
1337 2496 1369 2512 ex
1389 2490 1461 2520 lege,
1485 2491 1530 2513 scd
1555 2498 1586 2514 ex
1611 2491 1788 2521 promissione.
1826 2492 1859 2515 Et
1881 2492 1964 2516 honos
1987 2493 2084 2517 Christi

1177 2528 1231 2545 non
1249 2523 1328 2547 debet
1345 2524 1373 2547 in
1393 2524 1475 2554 legem
1494 2525 1635 2548 transferri.
1672 2525 1706 2548 Et
1727 2533 1783 2549 cum
1801 2526 1875 2551 initio
1898 2527 1960 2551 iusti
1982 2531 2083 2559 repute-

1178 2562 1236 2579 mur
1253 2561 1359 2588 propter
1378 2558 1507 2582 Christum
1526 2565 1582 2582 eum
1601 2560 1627 2583 in
1647 2566 1704 2583 eum
1729 2560 1869 2591 credimus,
1891 2569 1942 2585 non
1967 2566 2005 2585 est
2026 2569 2083 2586 sen-

1178 2591 1307 2621 tiendum,
1334 2592 1405 2623 quod
1430 2591 1532 2616 abiecto
1556 2593 1601 2617 illo
1625 2595 1781 2624 mediatore,
1808 2600 1898 2627 postea
1920 2596 1981 2620 iusti
2003 2597 2082 2620 simus
