2366 2958
111 196 175 228 541
463 197 500 228 11.

111 289 315 322 contricione
345 290 565 332 praecidimus
603 288 679 322 illas
713 291 848 323 ociosas
883 296 916 322 et
947 288 1092 321 infinitas

112 333 380 374 disputationes,
412 333 544 375 quando
574 344 614 365 ex
643 332 820 365 dilectione
842 332 922 371 Dei,
957 331 1092 374 quando

112 385 153 407 ex
175 376 291 407 timore
320 386 449 417 poenae
475 374 655 408 doleamus.
707 376 774 408 Sed
805 376 943 407 dicimus
972 374 1093 406 contri-

111 418 241 450 cionem
281 428 359 450 esse
398 429 499 450 veros
539 425 685 450 terrores
726 419 967 456 conscientiae,
1008 426 1093 458 quae

114 460 225 492 Deum
259 462 358 492 sentit
391 461 490 493 irasci
524 468 665 503 peccato
689 469 720 493 et
742 460 832 493 dolet
861 471 898 492 se
921 469 1093 502 peccasse.

110 503 154 535 Et
188 503 271 534 haec
299 504 460 535 contricio
489 505 533 535 ita
563 504 614 542 fit,
650 505 783 546 quando
817 505 921 535 verbo
950 502 1013 533 Dei
1043 512 1092 532 ar-

112 552 258 589 guuntur
279 552 428 587 peccata,
450 547 525 588 quia
548 547 633 578 haec
654 554 705 579 est
729 557 856 578 summa
878 545 1094 587 praedicatio-

111 589 164 621 nis
183 591 210 628 ι)
233 588 420 631 Euangelij,
444 591 594 632 Arguere
618 596 768 632 peccata,
791 594 823 620 et
841 589 959 620 offerre
982 587 1094 618 remis-

112 633 238 663 sionem
260 639 491 673 peccatorum,
515 639 547 665 et
569 634 729 665 iusticiam
753 638 889 673 propter
911 629 1093 667 Christum,

112 680 145 706 et
167 675 317 715 spiritum
339 682 509 715 sanctum,
541 682 573 708 et
596 677 694 707 vitam
715 681 902 711 aeternam,
930 679 961 705 et
985 678 1020 704 vt
1042 682 1092 703 re-

112 718 180 749 nati
199 717 456 749 benefaciamus.
487 719 545 752 Sic
564 717 794 760 complectitur
813 727 971 748 summam
984 714 1092 746 Euan-

113 759 191 802 gelij
221 760 392 799 Christus,
416 771 490 793 cum
513 763 574 799 ait,
597 761 707 792 Lucae
731 759 855 791 vltimo.
900 758 1091 790 Praedicari

111 804 145 834 in
178 804 311 835 nomine
351 814 425 835 meo
442 806 472 843 ²)
511 804 752 846 poenitenciam
792 808 824 834 et
863 802 1092 834 remissionem

112 852 325 888 peccatorum
354 847 438 878 inter
466 857 581 878 omnes
603 853 732 889 gentes,
777 845 818 877 Et
849 846 889 876 de
912 845 964 876 his
988 851 1092 875 terro-

112 889 205 920 ribus
235 887 379 930 loquitur
408 890 588 930 scriptura,
616 895 652 920 vt
674 888 797 920 Psalm.
817 888 940 928 xxxvij.
982 887 1091 922 Quon-

111 931 176 962 iam
219 932 407 973 iniquitates
455 942 548 963 meae
591 941 834 974 supergressae
874 936 952 962 sunt
993 935 1092 970 caput

112 984 236 1012 meum,
278 974 373 1005 Sicut
406 984 490 1006 onus
525 984 644 1017 graue,
686 981 843 1016 grauatae
881 979 957 1005 sunt
991 983 1093 1014 super

112 1027 164 1048 me
187 1022 249 1047 etc.
305 1015 459 1049 Afflictus
495 1027 568 1049 sum
598 1023 630 1048 et
658 1017 848 1048 humiliatus
882 1026 955 1047 sum
985 1016 1092 1055 nimis,

111 1058 297 1102 Rugiebam
320 1071 339 1090 a
362 1061 484 1102 gemitu
514 1061 626 1091 cordis
654 1061 726 1092 mei.
773 1059 812 1090 Et
836 1058 925 1091 Psal.
947 1059 988 1089 vi.
1034 1058 1092 1088 Mi-

113 1112 227 1135 serere
249 1103 311 1133 mei
335 1103 479 1141 domine,
503 1104 656 1145 quoniam
669 1103 817 1134 infirmus
830 1112 914 1141 sum,
938 1101 1027 1133 Sana
1042 1110 1092 1132 me

113 1145 263 1183 domine,
297 1146 451 1186 quoniam
485 1147 681 1177 conturbata
711 1151 788 1177 sunt
815 1155 894 1176 ossa
928 1154 1017 1182 mea,
1050 1143 1092 1174 Et

113 1188 220 1220 anima
243 1197 316 1219 mea
339 1189 470 1220 turbata
494 1194 545 1220 est
567 1187 682 1228 valde,
713 1188 754 1219 Et
774 1194 808 1219 tu
832 1188 961 1219 domine
985 1196 1091 1228 vsque

111 1231 201 1272 quo?
251 1231 293 1262 Et
325 1230 446 1264 Esaiae
481 1232 628 1271 xxxviij.
685 1231 758 1273 Ego
791 1231 858 1262 dixi
892 1231 923 1261 in
959 1230 1090 1261 dimidio

110 1274 234 1306 dierum
267 1283 415 1305 meorum
448 1275 568 1305 vadam
598 1275 641 1305 ad
671 1281 785 1315 portas
813 1272 918 1304 inseri.
970 1273 1091 1314 Spera-

109 1317 185 1348 bam
209 1326 314 1358 vsque
335 1317 377 1347 ad
401 1326 505 1348 mane.
538 1316 642 1351 Quasi
664 1316 719 1348 leo
740 1316 789 1347 sic
808 1316 963 1348 contriuit
982 1316 1091 1346 omnia

108 1369 190 1390 ossa
213 1369 296 1390 mea.
342 1359 378 1389 ln
396 1359 448 1390 his
467 1360 650 1391 terrom'bus
669 1359 768 1391 sentit
787 1359 990 1391 conscientia
1009 1358 1091 1388 iram

108 1400 171 1433 Dei
205 1402 370 1433 aduersus
397 1409 586 1442 peccatum,
622 1412 709 1444 quae
739 1408 791 1433 est
818 1403 934 1444 ignota
961 1403 1089 1432 securis

106 1444 295 1477 hominibus
324 1445 507 1476 secundum
537 1454 670 1476 carnem
691 1444 944 1476 ambulantibus.
991 1443 1090 1474 Videt

107 1489 237 1529 peccati
266 1487 517 1529 turpitudinem,
547 1493 580 1519 et
607 1488 697 1519 serio
729 1486 818 1519 dolet
847 1497 885 1518 se
914 1495 1090 1528 peccasse,

107 1531 205 1562 etiam
237 1528 321 1573 fugit
343 1530 470 1562 interim
492 1529 686 1562 horribilem
711 1531 792 1562 iram
816 1529 897 1568 Dei,
920 1530 996 1571 quia
1021 1538 1088 1559 non

106 1579 219 1615 potest
246 1583 318 1604 eam
348 1574 513 1605 sustinere
540 1574 685 1605 humana
706 1579 843 1611 natura,
873 1573 936 1603 nisi
959 1578 1088 1604 susten-

107 1622 195 1648 tetur
226 1616 332 1647 verbo
353 1614 428 1647 Dei.
478 1615 527 1647 Ita
547 1614 671 1648 Paulus
699 1617 763 1654 ait,
792 1615 856 1647 l’cr
880 1614 988 1657 legem
1021 1613 1087 1656 legi

106 1665 258 1691 mortuus
277 1669 362 1690 sum.
408 1657 478 1689 Lex
502 1659 588 1690 enim
615 1663 740 1690 tantum
762 1664 899 1690 accusat
928 1665 961 1689 et
984 1664 1088 1689 terret

107 1701 340 1734 conscientias.
369 1702 405 1732 ln
428 1700 480 1733 his
501 1701 684 1733 terroribus
706 1702 889 1741 aduersarij
912 1702 1019 1733 nostri
1041 1701 1088 1731 ni-

106 1743 153 1777 hil
176 1745 218 1776 de
246 1745 312 1776 fide
336 1744 465 1782 dicunt,
498 1743 546 1775 lta
575 1750 701 1776 tantum
723 1750 915 1786 proponunt
937 1745 1089 1782 verbum,

107 1789 196 1829 quod
231 1788 338 1829 arguit
369 1793 519 1829 peccata.
564 1787 662 1823 Quod
696 1797 769 1819 cum
797 1785 906 1818 solum
936 1787 1087 1824 traditur,

106 1831 256 1864 doctrina
282 1830 368 1873 legis
396 1836 465 1868 est,
499 1840 566 1861 non
594 1829 779 1873 Euangelij.
824 1829 882 1861 His
917 1828 1088 1861 doloribus

105 1883 147 1906 ac
175 1874 359 1905 terroribus
392 1873 503 1905 dicunt
536 1872 687 1905 homines
717 1873 835 1905 mereri
870 1874 1027 1916 gratiam,
1058 1873 1087 1903 si

177 2018 360 2043 Grammaticis
382 2018 522 2050 significet,
548 2019 695 2050 improbare
717 2019 743 2042 id
767 2019 836 2049 quod
861 2025 939 2043 antea
961 2019 1086 2050 probaba-

175 2061 238 2077 mus.
275 2053 306 2077 ld
324 2054 406 2084 magis
427 2053 536 2084 quadrat
560 2054 592 2076 ad
618 2053 814 2082 contricionem,
840 2061 915 2084 quam
942 2054 974 2077 ad
1000 2053 1085 2077 tidem.

175 2087 228 2112 Sed
252 2095 299 2111 nos
328 2087 370 2111 hic
397 2087 507 2111 docendi
537 2094 627 2116 cause,
659 2089 848 2118 poenitenciam
873 2092 953 2111 totum
977 2096 1084 2112 conuer-

175 2123 273 2146 sionem
292 2122 473 2153 intelligimus,
497 2123 522 2145 in
542 2129 593 2153 qua
618 2122 669 2145 duo
695 2127 753 2145 sunt
776 2123 893 2151 termini.
918 2123 1084 2146 mortincatio

177 2161 202 2180 et
226 2156 378 2181 uiuificatio.
420 2156 476 2180 Nos
500 2163 622 2180 nocemus
646 2157 745 2181 usitatis
774 2157 921 2181 nominibus
945 2158 1085 2181 contricio·

175 2198 234 2214 nem
254 2195 279 2214 et
296 2190 381 2215 fidem.

127 2234 152 2265 1)
173 2233 314 2258 doleamus.
351 2233 405 2258 Sed
432 2233 540 2257 dicimus
564 2234 750 2257 contricionem
775 2247 804 2251 —
831 2241 929 2258 summa
952 2235 1084 2266 praedica-

175 2267 264 2301 tionis]
283 2267 342 2292 haec
361 2266 495 2299 verbxsol.
515 2266 554 2290 Bb
575 2269 603 2291 1⁵
622 2268 664 2291 lin.
680 2269 754 2290 1—4.
775 2268 805 2299 (a
824 2268 919 2299 syllaba
938 2270 977 2292 nis
997 2269 1038 2293 lin.
1059 2270 1082 2294 5.

175 2302 287 2333 orditur)
311 2310 386 2335 aeque
411 2310 443 2326 ac
466 2303 491 2325 in
516 2301 604 2327 cererin
628 2302 757 2325 Editionis
780 2304 800 2325 1.
821 2303 944 2335 exemplis.
963 2306 1035 2328 etiam
1059 2305 1085 2327 t'n

176 2336 252 2361 Nor.
271 2336 293 2361 Ιι.
315 2338 330 2362 l.
351 2337 477 2368 (equatur,
496 2335 541 2360 hoe
557 2344 614 2361 vero
633 2337 765 2368 exemptum
789 2346 805 2360 α
827 2338 915 2362 cereris
940 2346 966 2362 eo
992 2338 1085 2371 differt,

175 2370 242 2403 quod
320 2379 334 2396 e
351 2371 434 2396 eadem
456 2370 532 2395 verba
555 2371 643 2403 pauci:
666 2374 759 2394 tuntum
782 2371 814 2396 ab
837 2372 888 2396 iuis
911 2371 1010 2396 diversa
1034 2374 1084 2396 iam

168 2405 219 2437 sol.
245 2406 287 2429 Aa
309 2406 340 2429 4⁸»
365 2405 407 2430 ein.
433 2405 543 2429 25—28.
573 2407 608 2429 uie
630 2405 738 2430 exhibet:
769 2406 910 2430 doleamus,
946 2406 999 2431 Sed
1023 2407 1083 2431 dici-

175 2447 231 2463 mus
251 2440 437 2464 contricionem
456 2447 510 2464 esse
535 2447 611 2464 veros
636 2440 740 2463 dolores
765 2445 789 2463 et
814 2445 925 2464 terrores
950 2443 1083 2465 conscien-

175 2475 241 2503 tiae.
265 2481 331 2505 quae
349 2473 432 2498 Deum
451 2475 529 2497 sentit
553 2475 630 2498 irasci
654 2481 769 2506 peccaro.
808 2475 841 2497 Et
865 2475 930 2498 haec
956 2478 1082 2500 contricio

175 2509 212 2532 ita
229 2507 266 2538 fit,
284 2509 387 2540 quando
407 2509 484 2532 verbo
505 2508 554 2532 Dei
573 2514 715 2540 arguuntur
734 2513 851 2540 pcoeeta,
874 2510 935 2540 qnia
958 2509 1021 2533 haec
1047 2515 1085 2534 est

175 2542 279 2567 Summa
303 2543 457 2574 predicatio:
481 2542 560 2574 (cons.
585 2551 660 2576 stupra
684 2551 708 2574 p.
735 2543 785 2567 :599
809 2551 847 2575 sq.
876 2547 897 2568 et
921 2552 946 2575 p.
972 2546 1019 2568 «tot
1045 2553 1083 2576 sq.

176 2581 237 2601 not-n
257 2576 300 2609 ⁸),
318 2577 345 2601 in
362 2586 410 2610 qua
433 2576 544 2609 ostendi,
562 2577 679 2610 quomodo
703 2577 763 2602 haec
787 2577 862 2603 verba
887 2577 920 2602 ab
943 2578 995 2602 iuis
1017 2578 1042 2603 di
1062 2588 1083 2604 e-

173 2611 255 2644 rant).

124 2653 154 2686 2)
173 2653 241 2686 meo]
261 2653 310 2679 Ed.
329 2653 368 2678 3.:
387 2655 440 2678 eius

544 195 777 229 APOLOGtA
799 194 1121 229 CONFESSlONlS
1144 195 1445 229 AUGUSTANAE
1502 196 1542 228 Β.
1586 195 1772 228 ALTERA.

2056 197 2120 228 542

1143 294 1251 320 tamen
1274 289 1411 331 diligunt
1434 289 1552 322 Deum.
1598 291 1642 323 At
1664 290 1831 332 quomodo
1855 288 1991 332 diligent
2011 289 2119 322 Deum

1144 331 1296 363 homines
1325 334 1356 363 in
1389 333 1476 364 veris
1502 334 1685 365 terroribus
1715 343 1788 364 cum
1812 333 1955 365 sentiunt
1980 334 2119 365 horribi-

1144 373 1208 405 lem
1232 381 1264 405 et
1283 374 1546 415 inexplicabilem
1564 376 1707 408 humana
1730 376 1907 407 voceiram
1921 375 2005 407 Dei?
2033 376 2119 412 Quid

1144 416 1232 448 aliud
1264 418 1326 448 nisi
1357 419 1618 459 desperationem
1649 420 1789 457 docent,
1825 419 1880 461 qui
1912 419 1944 450 in
1973 419 2026 450 his
2056 426 2119 451 ter·

1145 460 1275 491 roribus
1297 466 1421 491 tantum
1440 462 1617 493 ostendunt
1640 461 1767 503 legem?

1230 502 1302 533 Nos
1332 503 1430 543 igitur
1451 504 1601 536 addimus
1633 504 1770 536 alteram
1801 510 1926 545 partem
1951 505 2120 546 poeniten-

1144 544 1208 575 tiae
1240 545 1280 575 de
1310 544 1374 576 fide
1403 546 1434 576 in
1463 546 1650 586 Christum,
1681 548 1768 588 quod
1793 548 1826 578 in
1855 546 1906 578 his
1935 548 2118 580 terroribus

1145 589 1263 618 debeat
1288 588 1503 630 censcientijs
1527 592 1665 630 proponi
1683 589 1897 632 Euangelium
1921 591 1961 622 tle
1975 590 2121 630 Christo,

1144 632 1175 661 in
1199 640 1265 672 quo
1296 631 1495 672 promittitur
1524 634 1628 673 gratis
1659 634 1810 665 remissio
1839 640 2054 675 peccatorum
2079 635 2120 666 de

1144 672 1290 705 Christo.
1349 672 1480 705 Debent
1515 675 1614 716 igitur
1653 677 1815 714 credere,
1857 677 1945 718 quod
1985 684 2120 718 propter

1144 715 1313 748 Christum
1337 718 1440 758 gratis
1464 719 1669 749 remittantur
1696 721 1726 753 3)
1749 719 1831 760 ipsis
1854 726 2002 759 peccata.
2027 719 2121 751 Haec

1143 758 1226 790 fides
1255 760 1368 801 erigit,
1391 766 1573 798 sustentat,
1601 766 1633 791 ct
1655 761 1799 793 viuificat
1823 763 2001 801 contritos,
2029 763 2120 795 iuxta

1143 801 1242 840 illud,
1276 802 1445 834 lustificati
1479 813 1519 834 ex
1553 803 1617 835 tide
1651 815 1767 844 pacem
1801 804 1970 836 habemus.
2027 805 2121 838 llaec

1145 845 1227 875 tides
1258 846 1471 887 consequitur
1496 847 1724 878 remissionem
1753 854 1976 886 peccatorum.
2030 848 2122 880 Haec

1145 888 1227 919 fides
1252 888 1408 919 iustificat
1432 899 1545 920 coram
1568 888 1660 928 Deo,
1684 896 1719 921 vt
1743 891 1828 921 idem
1851 889 1946 922 locus
1970 897 2121 930 testatur,

1146 930 1316 962 iustificati
1346 941 1387 962 ex
1412 931 1486 962 tide.
1538 933 1630 963 Haec
1659 932 1742 964 fides
1772 933 1917 964 ostendit
1944 933 2120 966 discrimen

1144 974 1228 1004 inter
1260 975 1501 1006 contricionem
1530 975 1629 1006 lutiae
1659 981 1690 1006 et
1720 975 1826 1013 Petri,
1855 975 1966 1008 Saulis
1998 983 2031 1008 et
2054 976 2121 1008 Da-

1145 1017 1240 1047 uidis.
1288 1017 1364 1048 idco
1394 1018 1493 1049 iudae
1522 1024 1578 1049 aut
1602 1017 1710 1050 Saulis
1741 1019 1903 1050 contricio
1935 1029 2001 1050 non
2025 1020 2121 1060 prod-

1145 1066 1207 1097 est,
1230 1060 1306 1101 quia
1329 1070 1395 1091 non
1421 1061 1550 1092 accedit
1574 1062 1614 1091 ad
1629 1072 1701 1092 eam
1724 1060 1808 1093 haec
1831 1061 1915 1093 fides
1938 1061 2122 1104 apprehen-

1145 1102 1226 1133 dens
1266 1103 1494 1134 remissionem
1533 1109 1745 1144 peccatorum
1792 1104 1947 1136 donatam
1985 1112 2122 1146 propter

1145 1145 1323 1176 Christum.
1374 1145 1452 1177 ldeo
1486 1147 1624 1187 prodest
1659 1146 1796 1178 Dauidis
1831 1154 1887 1179 aut
1920 1147 2008 1179 Petri
2043 1158 2121 1179 con-

1143 1188 1251 1225 tricio,
1275 1189 1351 1229 quia
1374 1189 1416 1219 ad
1439 1199 1510 1219 eam
1525 1189 1607 1220 fides
1630 1190 1771 1228 accedit,
1795 1190 2048 1231 apprehendens
2071 1201 2121 1222 re-

1143 1230 1333 1262 missionem
1359 1238 1572 1271 peccatomm
1601 1232 1757 1264 donatam
1785 1239 1920 1274 propter
1943 1233 2120 1266 Christum.

1143 1273 1214 1304 Nec
1243 1274 1334 1314 prius
1362 1273 1494 1305 dilectio
1517 1275 1631 1313 adest,
1662 1286 1759 1316 quam
1788 1277 1830 1307 sit
1860 1276 1949 1307 facta
1978 1276 2044 1307 fide
2071 1287 2122 1308 re-

1144 1315 1343 1347 conciliatio.
1390 1316 1460 1348 Lex
1490 1318 1575 1348 enim
1606 1328 1671 1349 non
1702 1318 1737 1349 fit
1760 1319 1832 1350 sine
1855 1317 2009 1358 Christo,
2030 1320 2121 1351 iuxta

1144 1357 1232 1390 illud.
1279 1359 1344 1390 Per
1367 1358 1533 1391 Christum
1556 1361 1716 1392 habemus
1739 1371 1914 1393 accessum
1936 1363 1978 1393 ad
2001 1361 2120 1393 Deum.

1143 1402 1183 1433 Et
1207 1402 1290 1433 haec
1319 1402 1403 1434 tides
1432 1402 1587 1444 paulatim
1610 1405 1750 1442 crescit,
1783 1409 1815 1435 et
1837 1415 1897 1446 per
1920 1414 2049 1436 omnem
2074 1406 2120 1436 vi-

1143 1451 1207 1475 tam
1236 1443 1383 1476 luctatur
1411 1456 1484 1478 cum
1507 1452 1664 1487 peccato,
1694 1453 1727 1478 vt
1752 1448 1861 1478 vincat
1891 1455 2065 1489 peccatum
2089 1454 2122 1480 et

1142 1495 1291 1518 mortem.
1337 1488 1512 1520 Caeterum
1539 1488 1635 1520 fidem
1660 1490 1809 1531 sequitur
1832 1488 1984 1529 dilectio,
2008 1497 2042 1522 vt
2065 1501 2120 1522 su-

1140 1540 1201 1571 pra
1224 1531 1374 1562 diximus.
1419 1531 1461 1563 Et
1483 1532 1531 1563 sic
1556 1530 1645 1563 clare
1668 1533 1795 1563 deliniri
1819 1540 1928 1574 potest
1952 1532 2060 1565 filialis
2085 1534 2121 1565 ti-

1141 1584 1230 1612 mor,
1253 1573 1328 1605 talis
1354 1585 1456 1615 pauor
1479 1575 1533 1616 qui
1559 1585 1632 1606 cum
1656 1576 1721 1606 fide
1744 1576 1940 1608 coniunctus
1964 1583 2032 1616 est,
2055 1575 2121 1609 hoc

1141 1621 1204 1654 est,
1228 1617 1281 1648 vbi
1306 1616 1389 1648 fides
1413 1617 1608 1649 consolatur
1629 1624 1661 1649 et
1683 1625 1849 1650 sustentat
1872 1619 2027 1661 pauidum
2049 1630 2118 1651 cor.

1140 1659 1280 1691 Seruilis
1313 1661 1427 1699 timor,
1456 1661 1512 1692 vbi
1545 1661 1629 1693 fides
1663 1671 1731 1693 non
1765 1667 1931 1694 sustentat
1965 1663 2119 1704 pauidum

1141 1713 1209 1734 cor.

1227 1745 1333 1776 Porro
1363 1752 1514 1786 potestas
1544 1745 1685 1778 clauium
1713 1747 1918 1779 administrat
1945 1751 1975 1785 ⁴)
2004 1754 2037 1780 et
2064 1758 2119 1780 ex—

1140 1788 1232 1819 hibet
1255 1787 1471 1830 Euangelium
1496 1799 1555 1831 per
1568 1788 1832 1829 Absolutionem,
1855 1800 1940 1832 quae
1963 1797 2015 1822 est
2039 1801 2118 1823 vera

1140 1841 1206 1863 vox
1235 1830 1428 1873 Euangelij‚
1457 1831 1503 1863 lta
1527 1838 1559 1863 et
1588 1831 1832 1865 absolutionem
1856 1832 2115 1875 complectimur,

1140 1884 1212 1905 cum
1236 1874 1278 1905 de
1301 1873 1364 1905 fide
1388 1874 1544 1913 dicimus,
1572 1876 1647 1917 quia
1676 1876 1758 1907 fides
1788 1882 1839 1908 est
1861 1887 1902 1908 ex
1925 1877 2054 1915 auditu,
2082 1882 2118 1908 vt

1139 1917 1183 1947 ait
1213 1915 1345 1948 Paulus.
1393 1917 1476 1948 Nam
1507 1918 1618 1949 audito
1643 1917 1845 1961 Euangeliu,
1876 1920 1987 1951 audita
2017 1921 2116 1952 abso-

1138 1958 1285 1998 lutione,
1320 1959 1458 2002 erigitur
1493 1967 1525 1992 et
1559 1961 1702 2002 concipit
1741 1960 2003 1994 consolationem
2038 1973 2116 1994 con·

1138 2003 1286 2034 scientia.
1331 2002 1373 2035 Et
1399 2003 1475 2044 quio
1497 2003 1590 2035 Deus
1614 2015 1692 2035 vere
1716 2014 1774 2045 per
1797 2006 1936 2037 verbum
1959 2004 2114 2040 viuificat,

1139 2045 1253 2077 claues
1279 2056 1358 2077 vere
1385 2056 1497 2077 coram
1527 2045 1601 2079 Deo
1640 2048 1807 2079 remittunt
1836 2054 1992 2089 peccata,
2026 2049 2115 2080 iuxta

1139 2088 1231 2120 illud.
1274 2089 1337 2125 Qui
1362 2099 1424 2121 vos
1446 2089 1554 2128 audit,
1583 2100 1636 2121 me
1665 2091 1766 2122 audit.
1812 2090 1925 2126 Quare
1955 2092 2029 2123 voci
2058 2092 2114 2122 ab·

1136 2131 1311 2171 soluentis‚
1334 2142 1400 2164 non
1424 2142 1524 2164 secus
1547 2143 1588 2164 ac
1611 2133 1686 2164 voci
1710 2134 1751 2165 de
1774 2132 1869 2165 coelo
1888 2134 2021 2165 sonanti
2043 2144 2114 2165 cre-

1137 2175 1280 2206 dendum
1300 2181 1360 2206 est.
1386 2174 1428 2206 Et
1445 2174 1622 2208 Absolutio
1640 2177 1773 2218 proprie
1790 2177 1853 2208 dici
1878 2183 1987 2217 potest
2001 2186 2113 2209 sacra-

1136 2225 1280 2250 mentum
1302 2219 1541 2259 poenitenciae,
1561 2225 1596 2250 vt
1619 2220 1715 2250 etiam
1739 2218 1941 2251 Scholastici
1965 2218 2112 2262 theologi

1137 2262 1340 2293 erudiciores
1369 2260 1558 2303 loquuntur.
1605 2262 1736 2294 interim
1766 2262 1849 2294 haec
1878 2261 1960 2293 fides
1985 2263 2017 2294 in
2043 2270 2112 2294 ten—

1136 2305 1324 2336 tacionibus
1348 2303 1570 2346 multipliciter
1592 2304 1689 2337 alitur
1712 2316 1772 2347 per
1784 2305 1956 2347 Euangelij
1981 2312 2112 2337 senten-

1137 2348 1219 2385 cias,
1238 2353 1271 2379 et
1294 2358 1353 2389 per
1375 2358 1470 2379 vsum
1483 2355 1778 2380 sacramentorum.
1814 2347 1904 2379 llaec
1927 2349 2011 2380 enim
2035 2354 2112 2379 sunt

1136 2391 1233 2433 signa
1261 2391 1337 2422 noui
1366 2391 1574 2429 testamenti,
1603 2392 1668 2422 hoc
1690 2397 1760 2429 est,
1785 2391 1881 2433 signa
1904 2391 2110 2422 remissionis

1136 2439 1359 2475 peccatorum.
1416 2434 1565 2465 Ofl'erunt
1603 2434 1701 2476 igitur
1735 2434 1962 2466 remissionem
1995 2444 2111 2475 pecca-

1135 2483 1262 2515 torum,
1285 2477 1371 2508 sicut
1393 2476 1485 2509 clare
1507 2483 1671 2508 testantur
1694 2478 1797 2508 verba
1820 2487 1944 2509 coenae
1966 2476 2111 2509 Domini.

1153 2614 1183 2645 3)
1202 2614 1378 2646 remittantur]
1396 2615 1477 2639 Editt.
1497 2615 1587 2639 2—4..
1607 2615 1770 2639 remittuntur

1154 2657 1183 2689 4)
1204 2656 1379 2689 administrat]
1397 2657 1445 2681 Ed.
1465 2657 1504 2682 8.:
1525 2657 1706 2681 edmiuiatrent
