<?xml version="1.0" encoding="UTF-8"?>
<!DOCTYPE html PUBLIC "-//W3C//DTD XHTML 1.0 Transitional//EN"
    "http://www.w3.org/TR/xhtml1/DTD/xhtml1-transitional.dtd">
<html xmlns="http://www.w3.org/1999/xhtml" xml:lang="en" lang="en">
 <head>
  <title>
</title>
<meta http-equiv="Content-Type" content="text/html;charset=utf-8" />
  <meta name='ocr-system' content='tesseract 3.04.00' />
  <meta name='ocr-capabilities' content='ocr_page ocr_carea ocr_par ocr_line ocrx_word'/>
</head>
<body>
  <div class='ocr_page' id='page_1' title='image "./operaquaesupersu27melauoft_0262.png"; bbox 0 0 2366 2958; ppageno 0'>
   <div class='ocr_carea' id='block_1_1' title="bbox 219 197 286 230">
    <p class='ocr_par' dir='ltr' id='par_1_1' title="bbox 219 197 286 230">
     <span class='ocr_line' id='line_1_1' title="bbox 219 197 286 230; baseline 0.015 -1"><span class='ocrx_word' id='word_1_1' title='bbox 219 197 286 230; x_wconf 80' lang='lat'>495</span> 
     </span>
    </p>
   </div>
   <div class='ocr_carea' id='block_1_2' title="bbox 219 289 1078 332">
    <p class='ocr_par' dir='ltr' id='par_1_2' title="bbox 219 289 1078 332">
     <span class='ocr_line' id='line_1_2' title="bbox 219 289 1078 332; baseline -0.003 -10"><span class='ocrx_word' id='word_1_2' title='bbox 219 291 332 322; x_wconf 78' lang='lat' dir='ltr'>excuti</span> <span class='ocrx_word' id='word_1_3' title='bbox 362 297 490 332; x_wconf 82' lang='lat' dir='ltr'>potest,</span> <span class='ocrx_word' id='word_1_4' title='bbox 531 291 592 322; x_wconf 90' lang='lat' dir='ltr'>nisi</span> <span class='ocrx_word' id='word_1_5' title='bbox 628 301 701 322; x_wconf 89' lang='lat' dir='ltr'>cum</span> <span class='ocrx_word' id='word_1_6' title='bbox 731 290 885 321; x_wconf 89' lang='lat' dir='ltr'>diuinitus</span> <span class='ocrx_word' id='word_1_7' title='bbox 913 289 1078 321; x_wconf 90' lang='lat' dir='ltr'>docemur.</span> 
     </span>
    </p>
   </div>
   <div class='ocr_carea' id='block_1_3' title="bbox 671 193 1783 229">
    <p class='ocr_par' dir='ltr' id='par_1_3' title="bbox 671 193 1783 229">
     <span class='ocr_line' id='line_1_3' title="bbox 671 193 1783 229; baseline 0.001 -1"><span class='ocrx_word' id='word_1_8' title='bbox 671 195 782 228; x_wconf 76' lang='lat' dir='ltr'>Pau..</span> <span class='ocrx_word' id='word_1_9' title='bbox 807 195 910 228; x_wconf 78' lang='lat' dir='ltr'>MEL.</span> <span class='ocrx_word' id='word_1_10' title='bbox 933 193 1121 228; x_wconf 78' lang='lat' dir='ltr'>SCRIPTA</span> <span class='ocrx_word' id='word_1_11' title='bbox 1143 194 1411 229; x_wconf 70' lang='lat' dir='ltr'>DOGMATICA</span> <span class='ocrx_word' id='word_1_12' title='bbox 1433 195 1490 228; x_wconf 81' lang='grc' dir='ltr'>ΕΤ</span> <span class='ocrx_word' id='word_1_13' title='bbox 1512 196 1783 229; x_wconf 78' lang='lat' dir='ltr'>SYMBOLICA.</span> 
     </span>
    </p>
   </div>
   <div class='ocr_carea' id='block_1_4' title="bbox 1129 288 2233 332">
    <p class='ocr_par' dir='ltr' id='par_1_4' title="bbox 1129 288 2233 332">
     <span class='ocr_line' id='line_1_4' title="bbox 1129 288 2233 332; baseline 0.005 -12"><span class='ocrx_word' id='word_1_14' title='bbox 1129 289 1198 321; x_wconf 89' lang='lat' dir='ltr'>Sed</span> <span class='ocrx_word' id='word_1_15' title='bbox 1222 298 1226 324; x_wconf 53' lang='grc' dir='ltr'><strong>ξ</strong></span> <span class='ocrx_word' id='word_1_16' title='bbox 1250 294 1353 331; x_wconf 86' lang='lat' dir='ltr'>opera</span> <span class='ocrx_word' id='word_1_17' title='bbox 1376 299 1441 320; x_wconf 89' lang='lat' dir='ltr'>non</span> <span class='ocrx_word' id='word_1_18' title='bbox 1463 288 1616 330; x_wconf 84' lang='lat' dir='ltr'>placent,</span> <span class='ocrx_word' id='word_1_19' title='bbox 1639 290 1713 321; x_wconf 90' lang='lat' dir='ltr'>sine</span> <span class='ocrx_word' id='word_1_20' title='bbox 1734 291 1957 332; x_wconf 88' lang='lat' dir='ltr'>propiciatore</span> <span class='ocrx_word' id='word_1_21' title='bbox 1979 290 2132 331; x_wconf 87' lang='lat' dir='ltr'>Christo,</span> <span class='ocrx_word' id='word_1_22' title='bbox 2165 292 2233 326; x_wconf 74' lang='lat' dir='ltr'>Pet</span> 
     </span>
    </p>
   </div>
   <div class='ocr_carea' id='block_1_5' title="bbox 219 329 2230 381">
    <p class='ocr_par' dir='ltr' id='par_1_5' title="bbox 219 327 2230 381">
     <span class='ocr_line' id='line_1_5' title="bbox 219 329 2230 381; baseline 0 -16"><span class='ocrx_word' id='word_1_23' title='bbox 219 334 409 365; x_wconf 68' lang='lat' dir='ltr'>reuocanda</span> <span class='ocrx_word' id='word_1_24' title='bbox 437 343 530 364; x_wconf 80' lang='lat' dir='ltr'>mens</span> <span class='ocrx_word' id='word_1_25' title='bbox 560 341 611 364; x_wconf 88' lang='lat' dir='ltr'>est</span> <span class='ocrx_word' id='word_1_26' title='bbox 640 334 681 363; x_wconf 91' lang='lat' dir='ltr'>ab</span> <span class='ocrx_word' id='word_1_27' title='bbox 706 332 892 363; x_wconf 65' lang='lat' dir='ltr'>iuiusmodi</span> <span class='ocrx_word' id='word_1_28' title='bbox 917 329 1106 363; x_wconf 82' lang='lat' dir='ltr'>carnalibus</span> <span class='ocrx_word' id='word_1_29' title='bbox 1130 332 1198 373; x_wconf 84' lang='lat' dir='ltr'>opi·</span> <span class='ocrx_word' id='word_1_30' title='bbox 1222 338 1226 381; x_wconf 69' lang='grc' dir='ltr'>Ι</span> <span class='ocrx_word' id='word_1_31' title='bbox 1249 332 1340 363; x_wconf 83' lang='lat' dir='ltr'>hunc</span> <span class='ocrx_word' id='word_1_32' title='bbox 1361 331 1523 363; x_wconf 86' lang='lat' dir='ltr'>habemus</span> <span class='ocrx_word' id='word_1_33' title='bbox 1546 342 1722 364; x_wconf 90' lang='lat' dir='ltr'>accessum</span> <span class='ocrx_word' id='word_1_34' title='bbox 1743 334 1786 364; x_wconf 84' lang='lat' dir='ltr'>ad</span> <span class='ocrx_word' id='word_1_35' title='bbox 1809 333 1929 372; x_wconf 85' lang='lat' dir='ltr'>Deum,</span> <span class='ocrx_word' id='word_1_36' title='bbox 1951 344 2017 365; x_wconf 91' lang='lat' dir='ltr'>non</span> <span class='ocrx_word' id='word_1_37' title='bbox 2036 345 2096 376; x_wconf 87' lang='lat' dir='ltr'>per</span> <span class='ocrx_word' id='word_1_38' title='bbox 2114 345 2230 376; x_wconf 79' lang='lat' dir='ltr'>opera,</span> 
     </span>
    </p>
   </div>
   <div class='ocr_carea' id='block_1_6' title="bbox 215 374 1201 2471">
    <p class='ocr_par' dir='ltr' id='par_1_6' title="bbox 215 374 1201 1948">
     <span class='ocr_line' id='line_1_6' title="bbox 218 374 1198 414; baseline -0.001 -7"><span class='ocrx_word' id='word_1_39' title='bbox 218 377 387 414; x_wconf 81' lang='lat' dir='ltr'>nionibus,</span> <span class='ocrx_word' id='word_1_40' title='bbox 419 377 462 407; x_wconf 86' lang='lat' dir='ltr'>ad</span> <span class='ocrx_word' id='word_1_41' title='bbox 494 377 629 407; x_wconf 84' lang='lat' dir='ltr'>verbum</span> <span class='ocrx_word' id='word_1_42' title='bbox 660 374 733 406; x_wconf 90' lang='lat' dir='ltr'>Dei.</span> <span class='ocrx_word' id='word_1_43' title='bbox 783 375 940 406; x_wconf 63' lang='lat' dir='ltr'>Videmus</span> <span class='ocrx_word' id='word_1_44' title='bbox 963 374 1061 406; x_wconf 89' lang='lat' dir='ltr'>uobis</span> <span class='ocrx_word' id='word_1_45' title='bbox 1089 374 1198 406; x_wconf 86' lang='lat' dir='ltr'>Euan-</span> 
     </span>
     <span class='ocr_line' id='line_1_7' title="bbox 219 416 1198 461; baseline -0.002 -11"><span class='ocrx_word' id='word_1_46' title='bbox 219 417 341 461; x_wconf 86' lang='lat' dir='ltr'>gelium</span> <span class='ocrx_word' id='word_1_47' title='bbox 387 425 417 449; x_wconf 88' lang='lat' dir='ltr'>et</span> <span class='ocrx_word' id='word_1_48' title='bbox 456 418 708 459; x_wconf 68' lang='lat' dir='ltr'>promissionem</span> <span class='ocrx_word' id='word_1_49' title='bbox 749 418 789 448; x_wconf 91' lang='lat' dir='ltr'>de</span> <span class='ocrx_word' id='word_1_50' title='bbox 824 416 959 448; x_wconf 80' lang='lat' dir='ltr'>Christo</span> <span class='ocrx_word' id='word_1_51' title='bbox 992 418 1198 459; x_wconf 74' lang='lat' dir='ltr'><strong>propositam</strong></span> 
     </span>
     <span class='ocr_line' id='line_1_8' title="bbox 218 459 1198 502; baseline -0.002 -10"><span class='ocrx_word' id='word_1_52' title='bbox 218 471 312 499; x_wconf 65' lang='lat' dir='ltr'>csse,</span> <span class='ocrx_word' id='word_1_53' title='bbox 335 460 415 492; x_wconf 88' lang='lat' dir='ltr'>Cum</span> <span class='ocrx_word' id='word_1_54' title='bbox 446 462 546 502; x_wconf 76' lang='lat' dir='ltr'>igitur</span> <span class='ocrx_word' id='word_1_55' title='bbox 568 459 622 491; x_wconf 79' lang='lat' dir='ltr'>lex</span> <span class='ocrx_word' id='word_1_56' title='bbox 644 461 872 500; x_wconf 83' lang='lat' dir='ltr'>praedicatur,</span> <span class='ocrx_word' id='word_1_57' title='bbox 900 470 972 491; x_wconf 90' lang='lat' dir='ltr'>cum</span> <span class='ocrx_word' id='word_1_58' title='bbox 996 461 1198 501; x_wconf 90' lang='lat' dir='ltr'>praecipiun-</span> 
     </span>
     <span class='ocr_line' id='line_1_9' title="bbox 217 502 1197 545; baseline -0.003 -10"><span class='ocrx_word' id='word_1_59' title='bbox 217 510 271 536; x_wconf 84' lang='lat' dir='ltr'>tur</span> <span class='ocrx_word' id='word_1_60' title='bbox 293 514 412 545; x_wconf 85' lang='lat' dir='ltr'>opera.</span> <span class='ocrx_word' id='word_1_61' title='bbox 443 513 508 534; x_wconf 92' lang='lat' dir='ltr'>non</span> <span class='ocrx_word' id='word_1_62' title='bbox 540 510 590 534; x_wconf 66' lang='lat' dir='ltr'>est</span> <span class='ocrx_word' id='word_1_63' title='bbox 613 503 815 542; x_wconf 81' lang='lat' dir='ltr'>repudianda</span> <span class='ocrx_word' id='word_1_64' title='bbox 837 503 1013 542; x_wconf 79' lang='lat' dir='ltr'>promissio</span> <span class='ocrx_word' id='word_1_65' title='bbox 1036 503 1077 534; x_wconf 89' lang='lat' dir='ltr'>de</span> <span class='ocrx_word' id='word_1_66' title='bbox 1103 502 1197 533; x_wconf 86' lang='lat' dir='ltr'>Chri-</span> 
     </span>
     <span class='ocr_line' id='line_1_10' title="bbox 217 545 1198 587; baseline -0.002 -9"><span class='ocrx_word' id='word_1_67' title='bbox 217 553 290 584; x_wconf 89' lang='lat' dir='ltr'>sto,</span> <span class='ocrx_word' id='word_1_68' title='bbox 325 547 390 578; x_wconf 84' lang='lat' dir='ltr'>Sed</span> <span class='ocrx_word' id='word_1_69' title='bbox 426 546 510 577; x_wconf 87' lang='lat' dir='ltr'>haec</span> <span class='ocrx_word' id='word_1_70' title='bbox 539 547 630 587; x_wconf 80' lang='lat' dir='ltr'>prius</span> <span class='ocrx_word' id='word_1_71' title='bbox 658 545 937 586; x_wconf 76' lang='lat' dir='ltr'>apprehendenda</span> <span class='ocrx_word' id='word_1_72' title='bbox 960 551 1026 586; x_wconf 89' lang='lat' dir='ltr'>est,</span> <span class='ocrx_word' id='word_1_73' title='bbox 1054 552 1089 576; x_wconf 87' lang='lat' dir='ltr'>vt</span> <span class='ocrx_word' id='word_1_74' title='bbox 1114 546 1198 576; x_wconf 89' lang='lat' dir='ltr'>bene</span> 
     </span>
     <span class='ocr_line' id='line_1_11' title="bbox 219 586 1197 630; baseline -0.002 -10"><span class='ocrx_word' id='word_1_75' title='bbox 219 590 349 630; x_wconf 87' lang='lat' dir='ltr'>operari</span> <span class='ocrx_word' id='word_1_76' title='bbox 373 589 558 629; x_wconf 84' lang='lat' dir='ltr'>possimus,</span> <span class='ocrx_word' id='word_1_77' title='bbox 589 593 619 618; x_wconf 95' lang='lat' dir='ltr'>et</span> <span class='ocrx_word' id='word_1_78' title='bbox 649 594 683 618; x_wconf 81' lang='lat' dir='ltr'>vt</span> <span class='ocrx_word' id='word_1_79' title='bbox 708 598 811 629; x_wconf 78' lang='lat' dir='ltr'>opera</span> <span class='ocrx_word' id='word_1_80' title='bbox 832 595 947 619; x_wconf 86' lang='lat' dir='ltr'>nostra</span> <span class='ocrx_word' id='word_1_81' title='bbox 965 586 1039 618; x_wconf 90' lang='lat' dir='ltr'>Deo</span> <span class='ocrx_word' id='word_1_82' title='bbox 1062 587 1197 629; x_wconf 88' lang='lat' dir='ltr'>placere</span> 
     </span>
     <span class='ocr_line' id='line_1_12' title="bbox 240 628 1197 672; baseline -0.002 -10"><span class='ocrx_word' id='word_1_83' title='bbox 240 638 350 669; x_wconf 87' lang='lat' dir='ltr'>ueant,</span> <span class='ocrx_word' id='word_1_84' title='bbox 374 633 460 662; x_wconf 88' lang='lat' dir='ltr'>sicut</span> <span class='ocrx_word' id='word_1_85' title='bbox 484 631 581 672; x_wconf 89' lang='lat' dir='ltr'>inquit</span> <span class='ocrx_word' id='word_1_86' title='bbox 601 630 768 667; x_wconf 73' lang='lat' dir='ltr'>Christus,</span> <span class='ocrx_word' id='word_1_87' title='bbox 791 630 869 662; x_wconf 88' lang='lat' dir='ltr'>Sine</span> <span class='ocrx_word' id='word_1_88' title='bbox 888 641 938 661; x_wconf 90' lang='lat' dir='ltr'>me</span> <span class='ocrx_word' id='word_1_89' title='bbox 957 628 1037 661; x_wconf 80' lang='lat' dir='ltr'>nihil</span> <span class='ocrx_word' id='word_1_90' title='bbox 1055 631 1197 672; x_wconf 89' lang='lat' dir='ltr'>potestis</span> 
     </span>
     <span class='ocr_line' id='line_1_13' title="bbox 231 672 1196 715; baseline 0 -11"><span class='ocrx_word' id='word_1_91' title='bbox 231 684 338 705; x_wconf 82' lang='lat' dir='ltr'><strong>acere.</strong></span> <span class='ocrx_word' id='word_1_92' title='bbox 396 674 509 715; x_wconf 73' lang='lat' dir='ltr'>ltaque</span> <span class='ocrx_word' id='word_1_93' title='bbox 541 675 568 704; x_wconf 80' lang='lat' dir='ltr'>si</span> <span class='ocrx_word' id='word_1_94' title='bbox 598 672 719 704; x_wconf 84' lang='lat' dir='ltr'>Daniel</span> <span class='ocrx_word' id='word_1_95' title='bbox 752 673 804 704; x_wconf 84' lang='lat' dir='ltr'>his</span> <span class='ocrx_word' id='word_1_96' title='bbox 839 674 950 704; x_wconf 81' lang='lat' dir='ltr'>verbis</span> <span class='ocrx_word' id='word_1_97' title='bbox 982 683 1062 704; x_wconf 79' lang='lat' dir='ltr'>vsus</span> <span class='ocrx_word' id='word_1_98' title='bbox 1093 679 1196 709; x_wconf 74' lang='lat' dir='ltr'>esset,</span> 
     </span>
     <span class='ocr_line' id='line_1_14' title="bbox 217 716 1198 757; baseline -0.003 -9"><span class='ocrx_word' id='word_1_99' title='bbox 217 716 361 748; x_wconf 78' lang='lat' dir='ltr'>Peccata</span> <span class='ocrx_word' id='word_1_100' title='bbox 388 723 443 747; x_wconf 91' lang='lat' dir='ltr'>tua</span> <span class='ocrx_word' id='word_1_101' title='bbox 472 717 596 747; x_wconf 73' lang='lat' dir='ltr'>redime</span> <span class='ocrx_word' id='word_1_102' title='bbox 619 726 678 756; x_wconf 79' lang='lat' dir='ltr'>per</span> <span class='ocrx_word' id='word_1_103' title='bbox 707 717 956 757; x_wconf 84' lang='lat' dir='ltr'>poenitentiam,</span> <span class='ocrx_word' id='word_1_104' title='bbox 980 716 1198 756; x_wconf 83' lang='lat' dir='ltr'>praeterirent</span> 
     </span>
     <span class='ocr_line' id='line_1_15' title="bbox 217 758 1197 800; baseline -0.003 -9"><span class='ocrx_word' id='word_1_105' title='bbox 217 760 306 791; x_wconf 86' lang='lat' dir='ltr'>hunc</span> <span class='ocrx_word' id='word_1_106' title='bbox 342 758 452 790; x_wconf 66' lang='lat' dir='ltr'>locum</span> <span class='ocrx_word' id='word_1_107' title='bbox 491 759 695 800; x_wconf 78' lang='lat' dir='ltr'>aduersarij,</span> <span class='ocrx_word' id='word_1_108' title='bbox 740 758 835 790; x_wconf 79' lang='lat' dir='ltr'>Nunc</span> <span class='ocrx_word' id='word_1_109' title='bbox 877 769 951 789; x_wconf 92' lang='lat' dir='ltr'>cum</span> <span class='ocrx_word' id='word_1_110' title='bbox 990 768 1070 788; x_wconf 72' lang='lat' dir='ltr'>vere</span> <span class='ocrx_word' id='word_1_111' title='bbox 1110 758 1197 788; x_wconf 86' lang='lat' dir='ltr'>hanc</span> 
     </span>
     <span class='ocr_line' id='line_1_16' title="bbox 217 798 1195 844; baseline -0.003 -11"><span class='ocrx_word' id='word_1_112' title='bbox 217 803 329 844; x_wconf 83' lang='lat' dir='ltr'>ipsam</span> <span class='ocrx_word' id='word_1_113' title='bbox 352 802 551 833; x_wconf 76' lang='lat' dir='ltr'>sententiam</span> <span class='ocrx_word' id='word_1_114' title='bbox 574 802 686 833; x_wconf 87' lang='lat' dir='ltr'>verbis</span> <span class='ocrx_word' id='word_1_115' title='bbox 711 799 797 842; x_wconf 73' lang='lat' dir='ltr'>ahjs,</span> <span class='ocrx_word' id='word_1_116' title='bbox 822 808 855 832; x_wconf 80' lang='lat' dir='ltr'>vt</span> <span class='ocrx_word' id='word_1_117' title='bbox 880 802 1044 838; x_wconf 80' lang='lat' dir='ltr'>videntur,</span> <span class='ocrx_word' id='word_1_118' title='bbox 1065 798 1195 837; x_wconf 81' lang='lat' dir='ltr'>extulit,</span> 
     </span>
     <span class='ocr_line' id='line_1_17' title="bbox 217 843 1197 886; baseline -0.003 -10"><span class='ocrx_word' id='word_1_119' title='bbox 217 846 415 886; x_wconf 77' lang='lat' dir='ltr'>detorquent</span> <span class='ocrx_word' id='word_1_120' title='bbox 438 845 540 876; x_wconf 73' lang='lat' dir='ltr'>verba</span> <span class='ocrx_word' id='word_1_121' title='bbox 564 844 746 883; x_wconf 83' lang='lat' dir='ltr'>aduersarij</span> <span class='ocrx_word' id='word_1_122' title='bbox 778 851 893 875; x_wconf 87' lang='lat' dir='ltr'>contra</span> <span class='ocrx_word' id='word_1_123' title='bbox 916 843 1099 874; x_wconf 75' lang='lat' dir='ltr'>doctrinam</span> <span class='ocrx_word' id='word_1_124' title='bbox 1123 852 1197 885; x_wconf 86' lang='lat' dir='ltr'>gra·</span> 
     </span>
     <span class='ocr_line' id='line_1_18' title="bbox 216 884 1197 919; baseline -0.004 0"><span class='ocrx_word' id='word_1_125' title='bbox 216 889 281 919; x_wconf 87' lang='lat' dir='ltr'>tiae</span> <span class='ocrx_word' id='word_1_126' title='bbox 315 894 347 918; x_wconf 89' lang='lat' dir='ltr'>et</span> <span class='ocrx_word' id='word_1_127' title='bbox 374 887 460 919; x_wconf 82' lang='lat' dir='ltr'>fidei.</span> <span class='ocrx_word' id='word_1_128' title='bbox 512 886 593 918; x_wconf 88' lang='lat' dir='ltr'>Cum</span> <span class='ocrx_word' id='word_1_129' title='bbox 621 885 741 918; x_wconf 83' lang='lat' dir='ltr'>Daniel</span> <span class='ocrx_word' id='word_1_130' title='bbox 770 888 910 917; x_wconf 81' lang='lat' dir='ltr'>maxime</span> <span class='ocrx_word' id='word_1_131' title='bbox 939 884 1082 916; x_wconf 84' lang='lat' dir='ltr'>voluerit</span> <span class='ocrx_word' id='word_1_132' title='bbox 1108 895 1197 916; x_wconf 88' lang='lat' dir='ltr'>com·</span> 
     </span>
     <span class='ocr_line' id='line_1_19' title="bbox 216 927 1198 972; baseline -0.004 -11"><span class='ocrx_word' id='word_1_133' title='bbox 216 929 317 972; x_wconf 91' lang='lat' dir='ltr'>plecti</span> <span class='ocrx_word' id='word_1_134' title='bbox 341 930 446 962; x_wconf 90' lang='lat' dir='ltr'>fidem.</span> <span class='ocrx_word' id='word_1_135' title='bbox 493 931 550 961; x_wconf 83' lang='lat' dir='ltr'>Sic</span> <span class='ocrx_word' id='word_1_136' title='bbox 578 930 677 971; x_wconf 88' lang='lat' dir='ltr'>igitur</span> <span class='ocrx_word' id='word_1_137' title='bbox 700 930 741 960; x_wconf 85' lang='lat' dir='ltr'>ad</span> <span class='ocrx_word' id='word_1_138' title='bbox 766 930 867 959; x_wconf 65' lang='lat' dir='ltr'>verba</span> <span class='ocrx_word' id='word_1_139' title='bbox 890 927 1039 959; x_wconf 76' lang='lat' dir='ltr'>Danielis</span> <span class='ocrx_word' id='word_1_140' title='bbox 1064 937 1198 968; x_wconf 88' lang='lat' dir='ltr'>respon-</span> 
     </span>
     <span class='ocr_line' id='line_1_20' title="bbox 217 970 1198 1014; baseline -0.004 -10"><span class='ocrx_word' id='word_1_141' title='bbox 217 973 346 1010; x_wconf 85' lang='lat' dir='ltr'>demus,</span> <span class='ocrx_word' id='word_1_142' title='bbox 373 973 459 1014; x_wconf 76' lang='lat' dir='ltr'>qaod</span> <span class='ocrx_word' id='word_1_143' title='bbox 485 973 561 1014; x_wconf 89' lang='lat' dir='ltr'>quia</span> <span class='ocrx_word' id='word_1_144' title='bbox 584 973 817 1013; x_wconf 82' lang='lat' dir='ltr'>poenitentiam</span> <span class='ocrx_word' id='word_1_145' title='bbox 841 971 1029 1011; x_wconf 76' lang='lat' dir='ltr'>praedicat,</span> <span class='ocrx_word' id='word_1_146' title='bbox 1051 980 1118 1001; x_wconf 84' lang='lat' dir='ltr'>non</span> <span class='ocrx_word' id='word_1_147' title='bbox 1140 970 1198 1001; x_wconf 90' lang='lat' dir='ltr'>do-</span> 
     </span>
     <span class='ocr_line' id='line_1_21' title="bbox 216 1013 1199 1056; baseline -0.004 -9"><span class='ocrx_word' id='word_1_148' title='bbox 216 1022 290 1047; x_wconf 87' lang='lat' dir='ltr'>ceat</span> <span class='ocrx_word' id='word_1_149' title='bbox 319 1021 443 1047; x_wconf 82' lang='lat' dir='ltr'>tantum</span> <span class='ocrx_word' id='word_1_150' title='bbox 468 1016 509 1047; x_wconf 88' lang='lat' dir='ltr'>de</span> <span class='ocrx_word' id='word_1_151' title='bbox 533 1016 705 1056; x_wconf 68' lang='lat' dir='ltr'>operibuS,</span> <span class='ocrx_word' id='word_1_152' title='bbox 736 1014 802 1045; x_wconf 87' lang='lat' dir='ltr'>Sed</span> <span class='ocrx_word' id='word_1_153' title='bbox 826 1015 867 1045; x_wconf 88' lang='lat' dir='ltr'>de</span> <span class='ocrx_word' id='word_1_154' title='bbox 896 1013 961 1044; x_wconf 81' lang='lat' dir='ltr'>fide</span> <span class='ocrx_word' id='word_1_155' title='bbox 983 1023 1134 1054; x_wconf 84' lang='lat' dir='ltr'>quoque,</span> <span class='ocrx_word' id='word_1_156' title='bbox 1162 1017 1199 1043; x_wconf 84' lang='lat' dir='ltr'>vt</span> 
     </span>
     <span class='ocr_line' id='line_1_22' title="bbox 215 1055 1199 1100; baseline -0.004 -10"><span class='ocrx_word' id='word_1_157' title='bbox 215 1059 288 1100; x_wconf 86' lang='lat' dir='ltr'>ipsa</span> <span class='ocrx_word' id='word_1_158' title='bbox 323 1058 467 1089; x_wconf 74' lang='lat' dir='ltr'>Historia</span> <span class='ocrx_word' id='word_1_159' title='bbox 504 1059 535 1089; x_wconf 93' lang='lat' dir='ltr'>in</span> <span class='ocrx_word' id='word_1_160' title='bbox 570 1057 677 1089; x_wconf 76' lang='lat' dir='ltr'>Textu</span> <span class='ocrx_word' id='word_1_161' title='bbox 717 1062 868 1088; x_wconf 86' lang='lat' dir='ltr'>testatur.</span> <span class='ocrx_word' id='word_1_162' title='bbox 932 1057 1088 1088; x_wconf 87' lang='lat' dir='ltr'>Secundo</span> <span class='ocrx_word' id='word_1_163' title='bbox 1123 1055 1199 1096; x_wconf 81' lang='lat' dir='ltr'>quia</span> 
     </span>
     <span class='ocr_line' id='line_1_23' title="bbox 215 1097 1198 1142; baseline -0.004 -9"><span class='ocrx_word' id='word_1_164' title='bbox 215 1099 336 1133; x_wconf 82' lang='lat' dir='ltr'>Daniel</span> <span class='ocrx_word' id='word_1_165' title='bbox 358 1100 448 1132; x_wconf 81' lang='lat' dir='ltr'>clare</span> <span class='ocrx_word' id='word_1_166' title='bbox 469 1101 559 1142; x_wconf 87' lang='lat' dir='ltr'>ponit</span> <span class='ocrx_word' id='word_1_167' title='bbox 581 1100 852 1141; x_wconf 82' lang='lat' dir='ltr'>promissionem,</span> <span class='ocrx_word' id='word_1_168' title='bbox 875 1099 1067 1130; x_wconf 82' lang='lat' dir='ltr'>necessario</span> <span class='ocrx_word' id='word_1_169' title='bbox 1091 1097 1198 1139; x_wconf 90' lang='lat' dir='ltr'>requi-</span> 
     </span>
     <span class='ocr_line' id='line_1_24' title="bbox 216 1142 1199 1185; baseline -0.005 -9"><span class='ocrx_word' id='word_1_170' title='bbox 216 1146 257 1176; x_wconf 91' lang='lat' dir='ltr'>rit</span> <span class='ocrx_word' id='word_1_171' title='bbox 293 1143 410 1181; x_wconf 83' lang='lat' dir='ltr'>fidem,</span> <span class='ocrx_word' id='word_1_172' title='bbox 443 1154 527 1185; x_wconf 73' lang='lat' dir='ltr'>quae</span> <span class='ocrx_word' id='word_1_173' title='bbox 561 1143 675 1173; x_wconf 85' lang='lat' dir='ltr'>credat</span> <span class='ocrx_word' id='word_1_174' title='bbox 709 1143 813 1182; x_wconf 82' lang='lat' dir='ltr'>gratis</span> <span class='ocrx_word' id='word_1_175' title='bbox 845 1142 965 1173; x_wconf 83' lang='lat' dir='ltr'>remitti</span> <span class='ocrx_word' id='word_1_176' title='bbox 1007 1147 1146 1182; x_wconf 87' lang='lat' dir='ltr'>peccata</span> <span class='ocrx_word' id='word_1_177' title='bbox 1179 1150 1199 1171; x_wconf 90' lang='lat' dir='ltr'>a</span> 
     </span>
     <span class='ocr_line' id='line_1_25' title="bbox 217 1185 1200 1227; baseline -0.004 -9"><span class='ocrx_word' id='word_1_178' title='bbox 217 1187 301 1219; x_wconf 90' lang='lat' dir='ltr'>Deo.</span> <span class='ocrx_word' id='word_1_179' title='bbox 354 1186 548 1227; x_wconf 79' lang='lat' dir='ltr'>Quanquam</span> <span class='ocrx_word' id='word_1_180' title='bbox 577 1186 675 1226; x_wconf 81' lang='lat' dir='ltr'>igitur</span> <span class='ocrx_word' id='word_1_181' title='bbox 708 1187 740 1216; x_wconf 94' lang='lat' dir='ltr'>in</span> <span class='ocrx_word' id='word_1_182' title='bbox 770 1185 971 1224; x_wconf 88' lang='lat' dir='ltr'>poenitentia</span> <span class='ocrx_word' id='word_1_183' title='bbox 1002 1193 1200 1214; x_wconf 89' lang='lat' dir='ltr'>commemo-</span> 
     </span>
     <span class='ocr_line' id='line_1_26' title="bbox 217 1226 1201 1270; baseline -0.005 -9"><span class='ocrx_word' id='word_1_184' title='bbox 217 1236 267 1261; x_wconf 90' lang='lat' dir='ltr'>rat</span> <span class='ocrx_word' id='word_1_185' title='bbox 291 1240 411 1270; x_wconf 87' lang='lat' dir='ltr'>opera,</span> <span class='ocrx_word' id='word_1_186' title='bbox 440 1236 547 1260; x_wconf 90' lang='lat' dir='ltr'>tamen</span> <span class='ocrx_word' id='word_1_187' title='bbox 576 1228 640 1259; x_wconf 84' lang='lat' dir='ltr'>hoc</span> <span class='ocrx_word' id='word_1_188' title='bbox 664 1227 783 1259; x_wconf 91' lang='lat' dir='ltr'>Daniel</span> <span class='ocrx_word' id='word_1_189' title='bbox 807 1237 873 1259; x_wconf 93' lang='lat' dir='ltr'>non</span> <span class='ocrx_word' id='word_1_190' title='bbox 896 1227 992 1265; x_wconf 89' lang='lat' dir='ltr'>dicit,</span> <span class='ocrx_word' id='word_1_191' title='bbox 1027 1226 1118 1268; x_wconf 88' lang='lat' dir='ltr'>quod</span> <span class='ocrx_word' id='word_1_192' title='bbox 1139 1236 1201 1267; x_wconf 88' lang='lat' dir='ltr'>per</span> 
     </span>
     <span class='ocr_line' id='line_1_27' title="bbox 219 1268 1200 1314; baseline -0.004 -11"><span class='ocrx_word' id='word_1_193' title='bbox 219 1282 321 1314; x_wconf 87' lang='lat' dir='ltr'>opera</span> <span class='ocrx_word' id='word_1_194' title='bbox 341 1271 397 1303; x_wconf 89' lang='lat' dir='ltr'>illa</span> <span class='ocrx_word' id='word_1_195' title='bbox 415 1282 601 1303; x_wconf 88' lang='lat' dir='ltr'>mereamur</span> <span class='ocrx_word' id='word_1_196' title='bbox 619 1271 845 1302; x_wconf 68' lang='lat' dir='ltr'>remissionem</span> <span class='ocrx_word' id='word_1_197' title='bbox 871 1276 1095 1311; x_wconf 88' lang='lat' dir='ltr'>peccatorum.</span> <span class='ocrx_word' id='word_1_198' title='bbox 1136 1268 1200 1299; x_wconf 90' lang='lat' dir='ltr'>Lo-</span> 
     </span>
     <span class='ocr_line' id='line_1_28' title="bbox 217 1310 1201 1358; baseline -0.004 -12"><span class='ocrx_word' id='word_1_199' title='bbox 217 1316 326 1358; x_wconf 86' lang='lat' dir='ltr'>quitur</span> <span class='ocrx_word' id='word_1_200' title='bbox 355 1315 440 1346; x_wconf 87' lang='lat' dir='ltr'>enim</span> <span class='ocrx_word' id='word_1_201' title='bbox 465 1313 585 1346; x_wconf 83' lang='lat' dir='ltr'>Daniel</span> <span class='ocrx_word' id='word_1_202' title='bbox 614 1325 680 1345; x_wconf 88' lang='lat' dir='ltr'>non</span> <span class='ocrx_word' id='word_1_203' title='bbox 708 1312 815 1345; x_wconf 74' lang='lat' dir='ltr'>solum</span> <span class='ocrx_word' id='word_1_204' title='bbox 846 1314 886 1344; x_wconf 89' lang='lat' dir='ltr'>de</span> <span class='ocrx_word' id='word_1_205' title='bbox 915 1313 1110 1344; x_wconf 80' lang='lat' dir='ltr'>remissione</span> <span class='ocrx_word' id='word_1_206' title='bbox 1133 1310 1201 1343; x_wconf 88' lang='lat' dir='ltr'>cul-</span> 
     </span>
     <span class='ocr_line' id='line_1_29' title="bbox 216 1355 1201 1400; baseline -0.005 -10"><span class='ocrx_word' id='word_1_207' title='bbox 216 1368 291 1400; x_wconf 84' lang='lat' dir='ltr'>pae,</span> <span class='ocrx_word' id='word_1_208' title='bbox 324 1358 400 1399; x_wconf 84' lang='lat' dir='ltr'>quia</span> <span class='ocrx_word' id='word_1_209' title='bbox 429 1358 471 1389; x_wconf 90' lang='lat' dir='ltr'>de</span> <span class='ocrx_word' id='word_1_210' title='bbox 501 1358 697 1388; x_wconf 78' lang='lat' dir='ltr'>remissione</span> <span class='ocrx_word' id='word_1_211' title='bbox 713 1358 765 1391; x_wconf 64' lang='lat'>⁵³)</span> <span class='ocrx_word' id='word_1_212' title='bbox 794 1366 925 1397; x_wconf 88' lang='lat' dir='ltr'>poenae</span> <span class='ocrx_word' id='word_1_213' title='bbox 947 1355 1071 1386; x_wconf 84' lang='lat' dir='ltr'>frustra</span> <span class='ocrx_word' id='word_1_214' title='bbox 1093 1355 1201 1396; x_wconf 90' lang='lat' dir='ltr'>queri-</span> 
     </span>
     <span class='ocr_line' id='line_1_30' title="bbox 218 1395 1201 1442; baseline -0.005 -9"><span class='ocrx_word' id='word_1_215' title='bbox 218 1408 289 1440; x_wconf 88' lang='lat' dir='ltr'>tur,</span> <span class='ocrx_word' id='word_1_216' title='bbox 316 1401 380 1432; x_wconf 86' lang='lat' dir='ltr'>nisi</span> <span class='ocrx_word' id='word_1_217' title='bbox 405 1411 464 1432; x_wconf 88' lang='lat' dir='ltr'>cor</span> <span class='ocrx_word' id='word_1_218' title='bbox 493 1399 747 1442; x_wconf 87' lang='lat' dir='ltr'>apprehenderit</span> <span class='ocrx_word' id='word_1_219' title='bbox 769 1399 859 1440; x_wconf 90' lang='lat' dir='ltr'>prius</span> <span class='ocrx_word' id='word_1_220' title='bbox 883 1399 1112 1433; x_wconf 84' lang='lat' dir='ltr'>remissionem</span> <span class='ocrx_word' id='word_1_221' title='bbox 1135 1395 1201 1429; x_wconf 87' lang='lat' dir='ltr'>cul-</span> 
     </span>
     <span class='ocr_line' id='line_1_31' title="bbox 239 1438 1200 1483; baseline -0.006 -7"><span class='ocrx_word' id='word_1_222' title='bbox 239 1453 288 1476; x_wconf 78' lang='lat' dir='ltr'>ae.</span> <span class='ocrx_word' id='word_1_223' title='bbox 344 1443 519 1475; x_wconf 84' lang='lat' dir='ltr'>Caeterum</span> <span class='ocrx_word' id='word_1_224' title='bbox 563 1444 591 1474; x_wconf 82' lang='lat' dir='ltr'>si</span> <span class='ocrx_word' id='word_1_225' title='bbox 626 1442 812 1482; x_wconf 86' lang='lat' dir='ltr'>aduersarij</span> <span class='ocrx_word' id='word_1_226' title='bbox 855 1447 980 1473; x_wconf 87' lang='lat' dir='ltr'>tantum</span> <span class='ocrx_word' id='word_1_227' title='bbox 1012 1438 1200 1483; x_wconf 79' lang='lat' dir='ltr'>intelligunt</span> 
     </span>
     <span class='ocr_line' id='line_1_32' title="bbox 250 1483 1199 1526; baseline -0.005 -8"><span class='ocrx_word' id='word_1_228' title='bbox 250 1485 390 1518; x_wconf 87' lang='lat' dir='ltr'>anielem</span> <span class='ocrx_word' id='word_1_229' title='bbox 419 1487 460 1518; x_wconf 92' lang='lat' dir='ltr'>de</span> <span class='ocrx_word' id='word_1_230' title='bbox 489 1486 686 1518; x_wconf 84' lang='lat' dir='ltr'>remissione</span> <span class='ocrx_word' id='word_1_231' title='bbox 715 1494 860 1526; x_wconf 86' lang='lat' dir='ltr'>poenae,</span> <span class='ocrx_word' id='word_1_232' title='bbox 889 1483 970 1516; x_wconf 85' lang='lat' dir='ltr'>nihil</span> <span class='ocrx_word' id='word_1_233' title='bbox 996 1489 1113 1515; x_wconf 86' lang='lat' dir='ltr'>contra</span> <span class='ocrx_word' id='word_1_234' title='bbox 1135 1492 1199 1514; x_wconf 90' lang='lat' dir='ltr'>nos</span> 
     </span>
     <span class='ocr_line' id='line_1_33' title="bbox 215 1524 1199 1571; baseline -0.007 -8"><span class='ocrx_word' id='word_1_235' title='bbox 215 1530 316 1563; x_wconf 80' lang='lat' dir='ltr'>faciet</span> <span class='ocrx_word' id='word_1_236' title='bbox 344 1530 398 1562; x_wconf 91' lang='lat' dir='ltr'>hic</span> <span class='ocrx_word' id='word_1_237' title='bbox 423 1528 536 1567; x_wconf 87' lang='lat' dir='ltr'>locus,</span> <span class='ocrx_word' id='word_1_238' title='bbox 561 1529 637 1571; x_wconf 89' lang='lat' dir='ltr'>quia</span> <span class='ocrx_word' id='word_1_239' title='bbox 659 1529 703 1560; x_wconf 87' lang='lat' dir='ltr'>ita</span> <span class='ocrx_word' id='word_1_240' title='bbox 728 1537 870 1559; x_wconf 88' lang='lat' dir='ltr'>necesse</span> <span class='ocrx_word' id='word_1_241' title='bbox 892 1528 954 1558; x_wconf 90' lang='lat' dir='ltr'>erit</span> <span class='ocrx_word' id='word_1_242' title='bbox 976 1526 1070 1568; x_wconf 89' lang='lat' dir='ltr'>ipsos</span> <span class='ocrx_word' id='word_1_243' title='bbox 1092 1524 1199 1564; x_wconf 82' lang='lat' dir='ltr'>fateri,</span> 
     </span>
     <span class='ocr_line' id='line_1_34' title="bbox 216 1569 1199 1616; baseline -0.006 -11"><span class='ocrx_word' id='word_1_244' title='bbox 216 1574 305 1616; x_wconf 92' lang='lat' dir='ltr'>quod</span> <span class='ocrx_word' id='word_1_245' title='bbox 337 1573 489 1604; x_wconf 84' lang='lat' dir='ltr'>remissio</span> <span class='ocrx_word' id='word_1_246' title='bbox 518 1573 646 1614; x_wconf 89' lang='lat' dir='ltr'>peccati</span> <span class='ocrx_word' id='word_1_247' title='bbox 662 1577 702 1602; x_wconf 82' lang='lat' dir='ltr'>-et</span> <span class='ocrx_word' id='word_1_248' title='bbox 727 1569 917 1602; x_wconf 85' lang='lat' dir='ltr'>iustificatio</span> <span class='ocrx_word' id='word_1_249' title='bbox 941 1569 1084 1612; x_wconf 83' lang='lat' dir='ltr'>gratuita</span> <span class='ocrx_word' id='word_1_250' title='bbox 1106 1577 1199 1610; x_wconf 86' lang='lat' dir='ltr'>prae-</span> 
     </span>
     <span class='ocr_line' id='line_1_35' title="bbox 218 1613 1199 1656; baseline -0.006 -8"><span class='ocrx_word' id='word_1_251' title='bbox 218 1617 325 1648; x_wconf 83' lang='lat' dir='ltr'>cedat.</span> <span class='ocrx_word' id='word_1_252' title='bbox 383 1615 507 1647; x_wconf 83' lang='lat' dir='ltr'>Postea</span> <span class='ocrx_word' id='word_1_253' title='bbox 539 1625 603 1646; x_wconf 78' lang='lat' dir='ltr'>nos</span> <span class='ocrx_word' id='word_1_254' title='bbox 638 1624 771 1656; x_wconf 88' lang='lat' dir='ltr'>quoque</span> <span class='ocrx_word' id='word_1_255' title='bbox 810 1613 1026 1645; x_wconf 82' lang='lat' dir='ltr'>concedimus</span> <span class='ocrx_word' id='word_1_256' title='bbox 1059 1621 1199 1653; x_wconf 86' lang='lat' dir='ltr'>poenas,</span> 
     </span>
     <span class='ocr_line' id='line_1_36' title="bbox 216 1655 1201 1701; baseline -0.005 -11"><span class='ocrx_word' id='word_1_257' title='bbox 216 1660 337 1701; x_wconf 85' lang='lat' dir='ltr'>quibus</span> <span class='ocrx_word' id='word_1_258' title='bbox 366 1659 568 1700; x_wconf 76' lang='lat' dir='ltr'>castigamur</span> <span class='ocrx_word' id='word_1_259' title='bbox 596 1657 738 1700; x_wconf 82' lang='lat' dir='ltr'>mitigari</span> <span class='ocrx_word' id='word_1_260' title='bbox 765 1657 890 1688; x_wconf 88' lang='lat' dir='ltr'>nostris</span> <span class='ocrx_word' id='word_1_261' title='bbox 917 1655 1138 1693; x_wconf 76' lang='lat' dir='ltr'>orationibus,</span> <span class='ocrx_word' id='word_1_262' title='bbox 1168 1660 1201 1686; x_wconf 84' lang='lat' dir='ltr'>et</span> 
     </span>
     <span class='ocr_line' id='line_1_37' title="bbox 215 1696 1199 1743; baseline -0.005 -10"><span class='ocrx_word' id='word_1_263' title='bbox 215 1703 314 1734; x_wconf 86' lang='lat' dir='ltr'>bonis</span> <span class='ocrx_word' id='word_1_264' title='bbox 341 1702 513 1743; x_wconf 85' lang='lat' dir='ltr'>operibus,</span> <span class='ocrx_word' id='word_1_265' title='bbox 543 1701 686 1742; x_wconf 78' lang='lat' dir='ltr'>denique</span> <span class='ocrx_word' id='word_1_266' title='bbox 716 1705 785 1732; x_wconf 87' lang='lat' dir='ltr'>tota</span> <span class='ocrx_word' id='word_1_267' title='bbox 807 1699 1027 1741; x_wconf 80' lang='lat' dir='ltr'>poenitentia,</span> <span class='ocrx_word' id='word_1_268' title='bbox 1050 1698 1141 1729; x_wconf 83' lang='lat' dir='ltr'>iuxta</span> <span class='ocrx_word' id='word_1_269' title='bbox 1163 1696 1199 1728; x_wconf 89' lang='lat' dir='ltr'>il-</span> 
     </span>
     <span class='ocr_line' id='line_1_38' title="bbox 216 1739 1200 1783; baseline -0.005 -7"><span class='ocrx_word' id='word_1_270' title='bbox 216 1743 293 1783; x_wconf 91' lang='lat' dir='ltr'>lud,</span> <span class='ocrx_word' id='word_1_271' title='bbox 325 1745 361 1776; x_wconf 90' lang='lat' dir='ltr'>Si</span> <span class='ocrx_word' id='word_1_272' title='bbox 388 1754 452 1775; x_wconf 90' lang='lat' dir='ltr'>nos</span> <span class='ocrx_word' id='word_1_273' title='bbox 482 1744 722 1782; x_wconf 84' lang='lat' dir='ltr'>indicaremus,</span> <span class='ocrx_word' id='word_1_274' title='bbox 751 1753 818 1774; x_wconf 91' lang='lat' dir='ltr'>non</span> <span class='ocrx_word' id='word_1_275' title='bbox 847 1742 1068 1773; x_wconf 87' lang='lat' dir='ltr'>iudicaremur</span> <span class='ocrx_word' id='word_1_276' title='bbox 1090 1751 1110 1772; x_wconf 87' lang='lat' dir='ltr'>a</span> <span class='ocrx_word' id='word_1_277' title='bbox 1131 1739 1200 1771; x_wconf 87' lang='lat' dir='ltr'>Do-</span> 
     </span>
     <span class='ocr_line' id='line_1_39' title="bbox 216 1785 1199 1823; baseline -0.005 -4"><span class='ocrx_word' id='word_1_278' title='bbox 216 1788 316 1820; x_wconf 89' lang='lat' dir='ltr'>mino.</span> <span class='ocrx_word' id='word_1_279' title='bbox 364 1787 405 1818; x_wconf 81' lang='lat' dir='ltr'>Et</span> <span class='ocrx_word' id='word_1_280' title='bbox 430 1787 584 1819; x_wconf 87' lang='lat' dir='ltr'>ieremiae</span> <span class='ocrx_word' id='word_1_281' title='bbox 606 1797 661 1817; x_wconf 86' lang='lat' dir='ltr'>xv.</span> <span class='ocrx_word' id='word_1_282' title='bbox 706 1787 742 1818; x_wconf 92' lang='lat' dir='ltr'>Si</span> <span class='ocrx_word' id='word_1_283' title='bbox 767 1785 983 1823; x_wconf 62' lang='lat' dir='ltr'>conuertens,</span> <span class='ocrx_word' id='word_1_284' title='bbox 1007 1789 1199 1816; x_wconf 84' lang='lat' dir='ltr'>conuertam</span> 
     </span>
     <span class='ocr_line' id='line_1_40' title="bbox 217 1827 1200 1871; baseline -0.005 -9"><span class='ocrx_word' id='word_1_285' title='bbox 217 1837 267 1869; x_wconf 80' lang='lat' dir='ltr'>te,</span> <span class='ocrx_word' id='word_1_286' title='bbox 301 1830 342 1861; x_wconf 85' lang='lat' dir='ltr'>Et</span> <span class='ocrx_word' id='word_1_287' title='bbox 372 1829 553 1862; x_wconf 86' lang='lat' dir='ltr'>Zachariae</span> <span class='ocrx_word' id='word_1_288' title='bbox 583 1829 706 1871; x_wconf 84' lang='lat' dir='ltr'>primo,</span> <span class='ocrx_word' id='word_1_289' title='bbox 731 1827 967 1860; x_wconf 90' lang='lat' dir='ltr'>Conuertimini</span> <span class='ocrx_word' id='word_1_290' title='bbox 996 1827 1039 1858; x_wconf 87' lang='lat' dir='ltr'>ad</span> <span class='ocrx_word' id='word_1_291' title='bbox 1062 1836 1132 1865; x_wconf 91' lang='lat' dir='ltr'>me,</span> <span class='ocrx_word' id='word_1_292' title='bbox 1167 1832 1200 1857; x_wconf 90' lang='lat' dir='ltr'>et</span> 
     </span>
     <span class='ocr_line' id='line_1_41' title="bbox 216 1870 1200 1916; baseline -0.005 -11"><span class='ocrx_word' id='word_1_293' title='bbox 216 1884 281 1916; x_wconf 89' lang='lat' dir='ltr'>ego</span> <span class='ocrx_word' id='word_1_294' title='bbox 315 1879 490 1905; x_wconf 70' lang='lat' dir='ltr'>conuertar</span> <span class='ocrx_word' id='word_1_295' title='bbox 517 1873 559 1903; x_wconf 87' lang='lat' dir='ltr'>ad</span> <span class='ocrx_word' id='word_1_296' title='bbox 589 1881 668 1909; x_wconf 68' lang='grc' dir='ltr'><strong><em>νος,</em></strong></span> <span class='ocrx_word' id='word_1_297' title='bbox 704 1871 748 1902; x_wconf 71' lang='lat' dir='ltr'>E·</span> <span class='ocrx_word' id='word_1_298' title='bbox 776 1870 866 1903; x_wconf 85' lang='lat' dir='ltr'>Psal.</span> <span class='ocrx_word' id='word_1_299' title='bbox 885 1870 1023 1902; x_wconf 83' lang='lat' dir='ltr'>xxxxix.</span> <span class='ocrx_word' id='word_1_300' title='bbox 1076 1870 1200 1901; x_wconf 86' lang='lat' dir='ltr'>lnuoca</span> 
     </span>
     <span class='ocr_line' id='line_1_42' title="bbox 217 1914 651 1948; baseline -0.009 0"><span class='ocrx_word' id='word_1_301' title='bbox 217 1926 269 1948; x_wconf 85' lang='lat' dir='ltr'>me</span> <span class='ocrx_word' id='word_1_302' title='bbox 293 1917 325 1947; x_wconf 94' lang='lat' dir='ltr'>in</span> <span class='ocrx_word' id='word_1_303' title='bbox 347 1916 399 1947; x_wconf 87' lang='lat' dir='ltr'>die</span> <span class='ocrx_word' id='word_1_304' title='bbox 422 1914 651 1947; x_wconf 84' lang='lat' dir='ltr'>tribulationis.</span> 
     </span>
    </p>

    <p class='ocr_par' dir='ltr' id='par_1_7' title="bbox 217 1955 1200 2471">
     <span class='ocr_line' id='line_1_43' title="bbox 301 1955 1200 1999; baseline -0.004 -9"><span class='ocrx_word' id='word_1_305' title='bbox 301 1958 489 1990; x_wconf 84' lang='lat' dir='ltr'>Teneamus</span> <span class='ocrx_word' id='word_1_306' title='bbox 521 1959 619 1999; x_wconf 83' lang='lat' dir='ltr'>igitur</span> <span class='ocrx_word' id='word_1_307' title='bbox 650 1957 711 1988; x_wconf 85' lang='lat' dir='ltr'>has</span> <span class='ocrx_word' id='word_1_308' title='bbox 737 1956 875 1999; x_wconf 84' lang='lat' dir='ltr'>regulas</span> <span class='ocrx_word' id='word_1_309' title='bbox 906 1957 939 1987; x_wconf 92' lang='lat' dir='ltr'>in</span> <span class='ocrx_word' id='word_1_310' title='bbox 969 1955 1121 1987; x_wconf 82' lang='lat' dir='ltr'>omnibus</span> <span class='ocrx_word' id='word_1_311' title='bbox 1144 1965 1200 1986; x_wconf 90' lang='lat' dir='ltr'>en—</span> 
     </span>
     <span class='ocr_line' id='line_1_44' title="bbox 218 1996 1199 2043; baseline -0.005 -9"><span class='ocrx_word' id='word_1_312' title='bbox 218 2003 335 2042; x_wconf 68' lang='lat' dir='ltr'>comijs</span> <span class='ocrx_word' id='word_1_313' title='bbox 365 2011 520 2043; x_wconf 89' lang='lat' dir='ltr'>operum.</span> <span class='ocrx_word' id='word_1_314' title='bbox 549 2002 580 2032; x_wconf 84' lang='lat' dir='ltr'>in</span> <span class='ocrx_word' id='word_1_315' title='bbox 610 2000 855 2042; x_wconf 84' lang='lat' dir='ltr'>praedicatione</span> <span class='ocrx_word' id='word_1_316' title='bbox 886 1998 990 2041; x_wconf 80' lang='lat' dir='ltr'>legis,</span> <span class='ocrx_word' id='word_1_317' title='bbox 1024 1998 1114 2040; x_wconf 88' lang='lat' dir='ltr'>quod</span> <span class='ocrx_word' id='word_1_318' title='bbox 1145 1996 1199 2029; x_wconf 87' lang='lat' dir='ltr'>lex</span> 
     </span>
     <span class='ocr_line' id='line_1_45' title="bbox 217 2041 1199 2084; baseline -0.004 -8"><span class='ocrx_word' id='word_1_319' title='bbox 217 2055 284 2076; x_wconf 88' lang='lat' dir='ltr'>non</span> <span class='ocrx_word' id='word_1_320' title='bbox 309 2044 365 2075; x_wconf 75' lang='lat' dir='ltr'>fiat</span> <span class='ocrx_word' id='word_1_321' title='bbox 396 2046 468 2075; x_wconf 77' lang='lat' dir='ltr'>sine</span> <span class='ocrx_word' id='word_1_322' title='bbox 490 2043 644 2081; x_wconf 85' lang='lat' dir='ltr'>Christo,</span> <span class='ocrx_word' id='word_1_323' title='bbox 677 2043 768 2074; x_wconf 92' lang='lat' dir='ltr'>Sicut</span> <span class='ocrx_word' id='word_1_324' title='bbox 796 2044 869 2084; x_wconf 76' lang='lat' dir='ltr'>ipse</span> <span class='ocrx_word' id='word_1_325' title='bbox 891 2042 1014 2084; x_wconf 90' lang='lat' dir='ltr'>inquit,</span> <span class='ocrx_word' id='word_1_326' title='bbox 1045 2041 1125 2073; x_wconf 87' lang='lat' dir='ltr'>Sine</span> <span class='ocrx_word' id='word_1_327' title='bbox 1148 2051 1199 2072; x_wconf 90' lang='lat' dir='ltr'>me</span> 
     </span>
     <span class='ocr_line' id='line_1_46' title="bbox 217 2084 1200 2128; baseline -0.005 -9"><span class='ocrx_word' id='word_1_328' title='bbox 217 2086 297 2120; x_wconf 83' lang='lat' dir='ltr'>nihil</span> <span class='ocrx_word' id='word_1_329' title='bbox 319 2088 459 2128; x_wconf 68' lang='lat' dir='ltr'>potestis</span> <span class='ocrx_word' id='word_1_330' title='bbox 482 2085 604 2118; x_wconf 84' lang='lat' dir='ltr'>saccre.</span> <span class='ocrx_word' id='word_1_331' title='bbox 651 2086 730 2117; x_wconf 85' lang='lat' dir='ltr'>ltem</span> <span class='ocrx_word' id='word_1_332' title='bbox 754 2086 841 2127; x_wconf 88' lang='lat' dir='ltr'>quod</span> <span class='ocrx_word' id='word_1_333' title='bbox 866 2086 938 2116; x_wconf 84' lang='lat' dir='ltr'>sine</span> <span class='ocrx_word' id='word_1_334' title='bbox 963 2084 1026 2115; x_wconf 84' lang='lat' dir='ltr'>fide</span> <span class='ocrx_word' id='word_1_335' title='bbox 1048 2085 1200 2125; x_wconf 87' lang='lat' dir='ltr'>impossi-</span> 
     </span>
     <span class='ocr_line' id='line_1_47' title="bbox 218 2127 1199 2171; baseline -0.004 -9"><span class='ocrx_word' id='word_1_336' title='bbox 218 2129 283 2162; x_wconf 90' lang='lat' dir='ltr'>bile</span> <span class='ocrx_word' id='word_1_337' title='bbox 313 2131 355 2161; x_wconf 82' lang='lat' dir='ltr'>sit</span> <span class='ocrx_word' id='word_1_338' title='bbox 384 2129 519 2171; x_wconf 85' lang='lat' dir='ltr'>placere</span> <span class='ocrx_word' id='word_1_339' title='bbox 542 2128 625 2160; x_wconf 91' lang='lat' dir='ltr'>Deo.</span> <span class='ocrx_word' id='word_1_340' title='bbox 671 2128 898 2160; x_wconf 76' lang='lat' dir='ltr'>Cei-tissimum</span> <span class='ocrx_word' id='word_1_341' title='bbox 927 2134 978 2159; x_wconf 85' lang='lat' dir='ltr'>est</span> <span class='ocrx_word' id='word_1_342' title='bbox 1002 2127 1087 2158; x_wconf 90' lang='lat' dir='ltr'>enim</span> <span class='ocrx_word' id='word_1_343' title='bbox 1110 2127 1199 2168; x_wconf 81' lang='lat' dir='ltr'>quod</span> 
     </span>
     <span class='ocr_line' id='line_1_48' title="bbox 218 2168 1199 2214; baseline -0.004 -9"><span class='ocrx_word' id='word_1_344' title='bbox 218 2174 369 2205; x_wconf 85' lang='lat' dir='ltr'>doctrina</span> <span class='ocrx_word' id='word_1_345' title='bbox 403 2172 487 2214; x_wconf 79' lang='lat' dir='ltr'>legis</span> <span class='ocrx_word' id='word_1_346' title='bbox 523 2182 587 2203; x_wconf 92' lang='lat' dir='ltr'>non</span> <span class='ocrx_word' id='word_1_347' title='bbox 621 2170 690 2203; x_wconf 88' lang='lat' dir='ltr'>vult</span> <span class='ocrx_word' id='word_1_348' title='bbox 720 2170 839 2202; x_wconf 91' lang='lat' dir='ltr'>tollere</span> <span class='ocrx_word' id='word_1_349' title='bbox 863 2170 953 2202; x_wconf 86' lang='lat' dir='ltr'>Euan</span> <span class='ocrx_word' id='word_1_350' title='bbox 981 2168 1097 2207; x_wconf 86' lang='lat' dir='ltr'>elium,</span> <span class='ocrx_word' id='word_1_351' title='bbox 1133 2179 1199 2201; x_wconf 91' lang='lat' dir='ltr'>non</span> 
     </span>
     <span class='ocr_line' id='line_1_49' title="bbox 220 2211 1198 2257; baseline -0.003 -10"><span class='ocrx_word' id='word_1_352' title='bbox 220 2216 289 2247; x_wconf 80' lang='lat' dir='ltr'>vult</span> <span class='ocrx_word' id='word_1_353' title='bbox 319 2215 435 2247; x_wconf 86' lang='lat' dir='ltr'>tollere</span> <span class='ocrx_word' id='word_1_354' title='bbox 465 2216 719 2257; x_wconf 72' lang='lat' dir='ltr'>propiciatorem</span> <span class='ocrx_word' id='word_1_355' title='bbox 740 2214 917 2245; x_wconf 63' lang='lat' dir='ltr'>‹ihi-istum.</span> <span class='ocrx_word' id='word_1_356' title='bbox 994 2220 1005 2244; x_wconf 92' lang='lat' dir='ltr'>t</span> <span class='ocrx_word' id='word_1_357' title='bbox 1034 2211 1198 2245; x_wconf 87' lang='lat' dir='ltr'>maledicti</span> 
     </span>
     <span class='ocr_line' id='line_1_50' title="bbox 218 2256 1199 2297; baseline -0.004 -7"><span class='ocrx_word' id='word_1_358' title='bbox 218 2260 281 2291; x_wconf 82' lang='lat' dir='ltr'>sint</span> <span class='ocrx_word' id='word_1_359' title='bbox 297 2258 481 2296; x_wconf 78' lang='lat' dir='ltr'>Pharisaei,</span> <span class='ocrx_word' id='word_1_360' title='bbox 506 2257 692 2296; x_wconf 76' lang='lat' dir='ltr'>aduersarij</span> <span class='ocrx_word' id='word_1_361' title='bbox 713 2257 816 2287; x_wconf 72' lang='lat' dir='ltr'>nostri</span> <span class='ocrx_word' id='word_1_362' title='bbox 860 2257 890 2288; x_wconf 85' lang='lat' dir='ltr'>ui</span> <span class='ocrx_word' id='word_1_363' title='bbox 911 2256 1018 2297; x_wconf 82' lang='lat' dir='ltr'>legem</span> <span class='ocrx_word' id='word_1_364' title='bbox 1039 2257 1082 2286; x_wconf 87' lang='lat' dir='ltr'>ita</span> <span class='ocrx_word' id='word_1_365' title='bbox 1101 2256 1199 2287; x_wconf 90' lang='lat' dir='ltr'>intcr-</span> 
     </span>
     <span class='ocr_line' id='line_1_51' title="bbox 217 2299 1198 2344; baseline -0.005 -10"><span class='ocrx_word' id='word_1_366' title='bbox 217 2309 400 2344; x_wconf 80' lang='lat' dir='ltr'>pretantur,</span> <span class='ocrx_word' id='word_1_367' title='bbox 423 2308 458 2332; x_wconf 87' lang='lat' dir='ltr'>vt</span> <span class='ocrx_word' id='word_1_368' title='bbox 482 2301 638 2341; x_wconf 77' lang='lat' dir='ltr'>operibus</span> <span class='ocrx_word' id='word_1_369' title='bbox 662 2301 803 2330; x_wconf 75' lang='lat' dir='ltr'>tribuant</span> <span class='ocrx_word' id='word_1_370' title='bbox 828 2309 849 2341; x_wconf 84' lang='lat' dir='ltr'>g</span> <span class='ocrx_word' id='word_1_371' title='bbox 865 2300 966 2331; x_wconf 82' lang='lat' dir='ltr'>oriam</span> <span class='ocrx_word' id='word_1_372' title='bbox 991 2299 1126 2338; x_wconf 71' lang='lat' dir='ltr'>Christi,</span> <span class='ocrx_word' id='word_1_373' title='bbox 1152 2299 1198 2329; x_wconf 89' lang='lat' dir='ltr'>vi-</span> 
     </span>
     <span class='ocr_line' id='line_1_52' title="bbox 219 2343 1199 2386; baseline -0.005 -10"><span class='ocrx_word' id='word_1_374' title='bbox 219 2344 337 2376; x_wconf 82' lang='lat' dir='ltr'>delicet</span> <span class='ocrx_word' id='word_1_375' title='bbox 367 2344 455 2386; x_wconf 84' lang='lat' dir='ltr'>quod</span> <span class='ocrx_word' id='word_1_376' title='bbox 486 2345 551 2375; x_wconf 88' lang='lat' dir='ltr'>sint</span> <span class='ocrx_word' id='word_1_377' title='bbox 581 2343 794 2384; x_wconf 81' lang='lat' dir='ltr'>propiciatio,</span> <span class='ocrx_word' id='word_1_378' title='bbox 827 2343 914 2383; x_wconf 91' lang='lat' dir='ltr'>quod</span> <span class='ocrx_word' id='word_1_379' title='bbox 939 2347 1127 2373; x_wconf 85' lang='lat' dir='ltr'>mereantur</span> <span class='ocrx_word' id='word_1_380' title='bbox 1149 2351 1199 2372; x_wconf 84' lang='lat' dir='ltr'>re·</span> 
     </span>
     <span class='ocr_line' id='line_1_53' title="bbox 219 2384 1199 2428; baseline -0.004 -10"><span class='ocrx_word' id='word_1_381' title='bbox 219 2389 407 2419; x_wconf 75' lang='lat' dir='ltr'>missionem</span> <span class='ocrx_word' id='word_1_382' title='bbox 432 2393 655 2428; x_wconf 57' lang='lat' dir='ltr'>peccatorum.</span> <span class='ocrx_word' id='word_1_383' title='bbox 702 2385 857 2426; x_wconf 82' lang='lat' dir='ltr'>Sequitur</span> <span class='ocrx_word' id='word_1_384' title='bbox 879 2386 979 2426; x_wconf 76' lang='lat' dir='ltr'>igitur</span> <span class='ocrx_word' id='word_1_385' title='bbox 1001 2394 1132 2425; x_wconf 80' lang='lat' dir='ltr'>semper</span> <span class='ocrx_word' id='word_1_386' title='bbox 1155 2384 1199 2415; x_wconf 78' lang='lat' dir='ltr'>ita</span> 
     </span>
     <span class='ocr_line' id='line_1_54' title="bbox 220 2426 1199 2471; baseline -0.004 -10"><span class='ocrx_word' id='word_1_387' title='bbox 220 2431 346 2463; x_wconf 81' lang='lat' dir='ltr'>laudari</span> <span class='ocrx_word' id='word_1_388' title='bbox 370 2441 491 2470; x_wconf 84' lang='lat' dir='ltr'>opera,</span> <span class='ocrx_word' id='word_1_389' title='bbox 525 2429 612 2471; x_wconf 85' lang='lat' dir='ltr'>quod</span> <span class='ocrx_word' id='word_1_390' title='bbox 636 2426 790 2470; x_wconf 81' lang='lat' dir='ltr'>placeant</span> <span class='ocrx_word' id='word_1_391' title='bbox 819 2435 955 2469; x_wconf 81' lang='lat' dir='ltr'>propter</span> <span class='ocrx_word' id='word_1_392' title='bbox 978 2427 1090 2461; x_wconf 83' lang='lat' dir='ltr'>fidem.</span> <span class='ocrx_word' id='word_1_393' title='bbox 1123 2427 1199 2468; x_wconf 77' lang='lat' dir='ltr'>quia</span> 
     </span>
    </p>
   </div>
   <div class='ocr_carea' id='block_1_7' title="bbox 220 2525 348 2531">
    <p class='ocr_par' dir='ltr' id='par_1_8' title="bbox 220 2525 348 2531">
     <span class='ocr_line' id='line_1_55' title="bbox 220 2525 348 2531; baseline 0 0"><span class='ocrx_word' id='word_1_394' title='bbox 220 2525 348 2531; x_wconf 95' lang='lat' dir='ltr'> </span> 
     </span>
    </p>
   </div>
   <div class='ocr_carea' id='block_1_8' title="bbox 220 2581 1197 2683">
    <p class='ocr_par' dir='ltr' id='par_1_9' title="bbox 220 2581 1197 2683">
     <span class='ocr_line' id='line_1_56' title="bbox 220 2581 1197 2616; baseline -0.006 -7"><span class='ocrx_word' id='word_1_395' title='bbox 220 2585 266 2614; x_wconf 66' lang='grc' dir='ltr'>δῦ)</span> <span class='ocrx_word' id='word_1_396' title='bbox 286 2586 316 2608; x_wconf 82' lang='lat' dir='ltr'>de</span> <span class='ocrx_word' id='word_1_397' title='bbox 337 2584 499 2615; x_wconf 60' lang='lat' dir='ltr'>remini-ine}</span> <span class='ocrx_word' id='word_1_398' title='bbox 519 2592 554 2607; x_wconf 82' lang='lat' dir='ltr'>m:</span> <span class='ocrx_word' id='word_1_399' title='bbox 573 2583 604 2607; x_wconf 70' lang='lat' dir='ltr'>ab</span> <span class='ocrx_word' id='word_1_400' title='bbox 622 2585 676 2616; x_wconf 64' lang='lat' dir='ltr'>ipen</span> <span class='ocrx_word' id='word_1_401' title='bbox 694 2586 796 2607; x_wconf 59' lang='lat' dir='ltr'>‹tut-ton</span> <span class='ocrx_word' id='word_1_402' title='bbox 813 2584 840 2605; x_wconf 66' lang='lat' dir='ltr'>in</span> <span class='ocrx_word' id='word_1_403' title='bbox 860 2582 1004 2613; x_wconf 72' lang='lat' dir='ltr'>Apologine</span> <span class='ocrx_word' id='word_1_404' title='bbox 1030 2581 1102 2605; x_wconf 62' lang='lat' dir='ltr'>titulo</span> <span class='ocrx_word' id='word_1_405' title='bbox 1122 2589 1197 2605; x_wconf 71' lang='lat' dir='ltr'>emrn·</span> 
     </span>
     <span class='ocr_line' id='line_1_57' title="bbox 291 2615 1197 2650; baseline -0.003 -9"><span class='ocrx_word' id='word_1_406' title='bbox 291 2619 362 2643; x_wconf 61' lang='lat' dir='ltr'>dirue</span> <span class='ocrx_word' id='word_1_407' title='bbox 382 2623 413 2643; x_wconf 75' lang='lat' dir='ltr'>eu</span> <span class='ocrx_word' id='word_1_408' title='bbox 435 2626 504 2642; x_wconf 71' lang='lat' dir='ltr'>mor</span> <span class='ocrx_word' id='word_1_409' title='bbox 528 2617 732 2650; x_wconf 70' lang='lat' dir='ltr'>typoqraplncu:</span> <span class='ocrx_word' id='word_1_410' title='bbox 758 2617 889 2645; x_wconf 71' lang='lat' dir='ltr'>remiuio.</span> <span class='ocrx_word' id='word_1_411' title='bbox 914 2617 956 2648; x_wconf 69' lang='lat' dir='ltr'>qua*</span> <span class='ocrx_word' id='word_1_412' title='bbox 978 2615 1000 2640; x_wconf 82' lang='grc' dir='ltr'>Ᾰ.</span> <span class='ocrx_word' id='word_1_413' title='bbox 1021 2616 1035 2639; x_wconf 87' lang='grc' dir='ltr'>Ι.</span> <span class='ocrx_word' id='word_1_414' title='bbox 1060 2617 1086 2638; x_wconf 67' lang='lat' dir='ltr'>in</span> <span class='ocrx_word' id='word_1_415' title='bbox 1105 2615 1152 2639; x_wconf 72' lang='lat' dir='ltr'>Ed.</span> <span class='ocrx_word' id='word_1_416' title='bbox 1177 2617 1197 2638; x_wconf 83' lang='lat'>1.</span> 
     </span>
     <span class='ocr_line' id='line_1_58' title="bbox 290 2654 545 2683; baseline 0 -8"><span class='ocrx_word' id='word_1_417' title='bbox 290 2657 449 2677; x_wconf 64' lang='lat' dir='ltr'>err-dora-</span> <span class='ocrx_word' id='word_1_418' title='bbox 474 2654 545 2683; x_wconf 55' lang='lat' dir='ltr'>Infit.</span> 
     </span>
    </p>
   </div>
   <div class='ocr_carea' id='block_1_9' title="bbox 1248 373 2236 2424">
    <p class='ocr_par' dir='ltr' id='par_1_10' title="bbox 1248 373 2234 1396">
     <span class='ocr_line' id='line_1_59' title="bbox 1249 373 2233 418; baseline 0.005 -13"><span class='ocrx_word' id='word_1_419' title='bbox 1249 375 1321 406; x_wconf 88' lang='lat' dir='ltr'>sine</span> <span class='ocrx_word' id='word_1_420' title='bbox 1351 375 1533 405; x_wconf 86' lang='lat' dir='ltr'>mediatore</span> <span class='ocrx_word' id='word_1_421' title='bbox 1556 373 1702 406; x_wconf 87' lang='lat' dir='ltr'>Christo.</span> <span class='ocrx_word' id='word_1_422' title='bbox 1757 375 1848 418; x_wconf 85' lang='lat' dir='ltr'>Ergo</span> <span class='ocrx_word' id='word_1_423' title='bbox 1872 387 1946 408; x_wconf 90' lang='lat' dir='ltr'>cum</span> <span class='ocrx_word' id='word_1_424' title='bbox 1969 377 2098 415; x_wconf 87' lang='lat' dir='ltr'>dicitur,</span> <span class='ocrx_word' id='word_1_425' title='bbox 2121 377 2158 409; x_wconf 89' lang='lat' dir='ltr'>Si</span> <span class='ocrx_word' id='word_1_426' title='bbox 2180 378 2233 410; x_wconf 77' lang='lat' dir='ltr'>vis</span> 
     </span>
     <span class='ocr_line' id='line_1_60' title="bbox 1249 417 2233 458; baseline 0.004 -11"><span class='ocrx_word' id='word_1_427' title='bbox 1249 418 1280 447; x_wconf 87' lang='lat' dir='ltr'>in</span> <span class='ocrx_word' id='word_1_428' title='bbox 1311 417 1411 448; x_wconf 80' lang='lat' dir='ltr'>vitam</span> <span class='ocrx_word' id='word_1_429' title='bbox 1434 417 1581 458; x_wconf 80' lang='lat' dir='ltr'>ingredi,</span> <span class='ocrx_word' id='word_1_430' title='bbox 1603 417 1709 449; x_wconf 86' lang='lat' dir='ltr'>Serua</span> <span class='ocrx_word' id='word_1_431' title='bbox 1737 419 1913 456; x_wconf 72' lang='lat' dir='ltr'>mandata,</span> <span class='ocrx_word' id='word_1_432' title='bbox 1937 419 2150 451; x_wconf 86' lang='lat' dir='ltr'>senciendum</span> <span class='ocrx_word' id='word_1_433' title='bbox 2180 425 2233 452; x_wconf 84' lang='lat' dir='ltr'>est</span> 
     </span>
     <span class='ocr_line' id='line_1_61' title="bbox 1249 459 2233 503; baseline 0.004 -13"><span class='ocrx_word' id='word_1_434' title='bbox 1249 460 1404 491; x_wconf 86' lang='lat' dir='ltr'>mandata</span> <span class='ocrx_word' id='word_1_435' title='bbox 1427 460 1498 490; x_wconf 89' lang='lat' dir='ltr'>sine</span> <span class='ocrx_word' id='word_1_436' title='bbox 1517 459 1652 491; x_wconf 86' lang='lat' dir='ltr'>Christo</span> <span class='ocrx_word' id='word_1_437' title='bbox 1674 470 1741 491; x_wconf 86' lang='lat' dir='ltr'>non</span> <span class='ocrx_word' id='word_1_438' title='bbox 1764 462 1903 499; x_wconf 88' lang='lat' dir='ltr'>seruari,</span> <span class='ocrx_word' id='word_1_439' title='bbox 1926 471 1988 492; x_wconf 90' lang='lat' dir='ltr'>nec</span> <span class='ocrx_word' id='word_1_440' title='bbox 2007 461 2142 503; x_wconf 84' lang='lat' dir='ltr'>placere</span> <span class='ocrx_word' id='word_1_441' title='bbox 2161 462 2233 494; x_wconf 86' lang='lat' dir='ltr'>sine</span> 
     </span>
     <span class='ocr_line' id='line_1_62' title="bbox 1250 501 2233 546; baseline 0.005 -13"><span class='ocrx_word' id='word_1_442' title='bbox 1250 501 1396 543; x_wconf 86' lang='lat' dir='ltr'>Christo,</span> <span class='ocrx_word' id='word_1_443' title='bbox 1420 502 1477 533; x_wconf 87' lang='lat' dir='ltr'>Sic</span> <span class='ocrx_word' id='word_1_444' title='bbox 1499 502 1532 533; x_wconf 93' lang='lat' dir='ltr'>in</span> <span class='ocrx_word' id='word_1_445' title='bbox 1551 502 1625 543; x_wconf 77' lang='lat' dir='ltr'>ipso</span> <span class='ocrx_word' id='word_1_446' title='bbox 1644 501 1832 544; x_wconf 89' lang='lat' dir='ltr'>Decalogo,</span> <span class='ocrx_word' id='word_1_447' title='bbox 1855 505 1886 534; x_wconf 87' lang='lat' dir='ltr'>in</span> <span class='ocrx_word' id='word_1_448' title='bbox 1910 505 2016 545; x_wconf 87' lang='lat' dir='ltr'>primo</span> <span class='ocrx_word' id='word_1_449' title='bbox 2041 510 2233 546; x_wconf 81' lang='lat' dir='ltr'>praecepto.</span> 
     </span>
     <span class='ocr_line' id='line_1_63' title="bbox 1249 544 2234 589; baseline 0.004 -14"><span class='ocrx_word' id='word_1_450' title='bbox 1249 545 1389 576; x_wconf 89' lang='lat' dir='ltr'>Faciens</span> <span class='ocrx_word' id='word_1_451' title='bbox 1423 545 1682 576; x_wconf 88' lang='lat' dir='ltr'>misericordiam</span> <span class='ocrx_word' id='word_1_452' title='bbox 1716 546 1749 575; x_wconf 91' lang='lat' dir='ltr'>in</span> <span class='ocrx_word' id='word_1_453' title='bbox 1782 544 1882 577; x_wconf 87' lang='lat' dir='ltr'>millia</span> <span class='ocrx_word' id='word_1_454' title='bbox 1916 547 1968 577; x_wconf 91' lang='lat' dir='ltr'>his</span> <span class='ocrx_word' id='word_1_455' title='bbox 2003 548 2058 588; x_wconf 90' lang='lat' dir='ltr'>qni</span> <span class='ocrx_word' id='word_1_456' title='bbox 2093 547 2234 589; x_wconf 82' lang='lat' dir='ltr'>diligunt</span> 
     </span>
     <span class='ocr_line' id='line_1_64' title="bbox 1249 587 2232 631; baseline 0.002 -13"><span class='ocrx_word' id='word_1_457' title='bbox 1249 597 1320 625; x_wconf 89' lang='lat' dir='ltr'>me,</span> <span class='ocrx_word' id='word_1_458' title='bbox 1342 594 1372 618; x_wconf 90' lang='lat' dir='ltr'>et</span> <span class='ocrx_word' id='word_1_459' title='bbox 1398 587 1589 618; x_wconf 87' lang='lat' dir='ltr'>custodiunt</span> <span class='ocrx_word' id='word_1_460' title='bbox 1611 594 1790 629; x_wconf 86' lang='lat' dir='ltr'>praecepta</span> <span class='ocrx_word' id='word_1_461' title='bbox 1810 598 1901 627; x_wconf 88' lang='lat' dir='ltr'>mea,</span> <span class='ocrx_word' id='word_1_462' title='bbox 1930 589 2135 630; x_wconf 82' lang='lat' dir='ltr'>amplissima</span> <span class='ocrx_word' id='word_1_463' title='bbox 2157 600 2232 631; x_wconf 87' lang='lat' dir='ltr'>pro-</span> 
     </span>
     <span class='ocr_line' id='line_1_65' title="bbox 1248 629 2233 671; baseline 0.004 -11"><span class='ocrx_word' id='word_1_464' title='bbox 1248 631 1362 661; x_wconf 67' lang='lat' dir='ltr'>missio</span> <span class='ocrx_word' id='word_1_465' title='bbox 1396 629 1481 671; x_wconf 82' lang='lat' dir='ltr'>legis</span> <span class='ocrx_word' id='word_1_466' title='bbox 1523 630 1671 667; x_wconf 75' lang='lat' dir='ltr'>additur,</span> <span class='ocrx_word' id='word_1_467' title='bbox 1703 631 1771 662; x_wconf 90' lang='lat' dir='ltr'>Sed</span> <span class='ocrx_word' id='word_1_468' title='bbox 1802 630 1886 663; x_wconf 87' lang='lat' dir='ltr'>haec</span> <span class='ocrx_word' id='word_1_469' title='bbox 1913 630 1969 662; x_wconf 81' lang='lat' dir='ltr'>lex</span> <span class='ocrx_word' id='word_1_470' title='bbox 1998 642 2064 663; x_wconf 90' lang='lat' dir='ltr'>non</span> <span class='ocrx_word' id='word_1_471' title='bbox 2095 631 2131 663; x_wconf 77' lang='lat' dir='ltr'>fit</span> <span class='ocrx_word' id='word_1_472' title='bbox 2160 633 2233 664; x_wconf 83' lang='lat' dir='ltr'>sine</span> 
     </span>
     <span class='ocr_line' id='line_1_66' title="bbox 1249 672 2234 716; baseline 0.003 -13"><span class='ocrx_word' id='word_1_473' title='bbox 1249 672 1392 704; x_wconf 63' lang='lat' dir='ltr'>Christo.</span> <span class='ocrx_word' id='word_1_474' title='bbox 1438 673 1579 713; x_wconf 81' lang='lat' dir='ltr'>Semper</span> <span class='ocrx_word' id='word_1_475' title='bbox 1605 673 1691 704; x_wconf 87' lang='lat' dir='ltr'>enim</span> <span class='ocrx_word' id='word_1_476' title='bbox 1719 679 1859 705; x_wconf 73' lang='lat' dir='ltr'>accusat</span> <span class='ocrx_word' id='word_1_477' title='bbox 1887 675 2124 707; x_wconf 85' lang='lat' dir='ltr'>conscientiam</span> <span class='ocrx_word' id='word_1_478' title='bbox 2148 684 2234 716; x_wconf 87' lang='lat' dir='ltr'>quae</span> 
     </span>
     <span class='ocr_line' id='line_1_67' title="bbox 1249 714 2233 758; baseline 0.003 -12"><span class='ocrx_word' id='word_1_479' title='bbox 1249 714 1315 757; x_wconf 84' lang='lat' dir='ltr'>legi</span> <span class='ocrx_word' id='word_1_480' title='bbox 1343 726 1409 746; x_wconf 90' lang='lat' dir='ltr'>non</span> <span class='ocrx_word' id='word_1_481' title='bbox 1432 714 1613 752; x_wconf 63' lang='lat' dir='ltr'>satisfacit,</span> <span class='ocrx_word' id='word_1_482' title='bbox 1643 725 1746 757; x_wconf 76' lang='lat' dir='ltr'>quare</span> <span class='ocrx_word' id='word_1_483' title='bbox 1769 717 1882 747; x_wconf 86' lang='lat' dir='ltr'>territa</span> <span class='ocrx_word' id='word_1_484' title='bbox 1910 714 1992 758; x_wconf 80' lang='lat' dir='ltr'>sugit</span> <span class='ocrx_word' id='word_1_485' title='bbox 2022 717 2177 749; x_wconf 88' lang='lat' dir='ltr'>iudicium</span> <span class='ocrx_word' id='word_1_486' title='bbox 2199 723 2233 749; x_wconf 76' lang='lat' dir='ltr'>et</span> 
     </span>
     <span class='ocr_line' id='line_1_68' title="bbox 1249 757 2232 800; baseline 0.004 -13"><span class='ocrx_word' id='word_1_487' title='bbox 1249 768 1388 798; x_wconf 88' lang='lat' dir='ltr'>poenam</span> <span class='ocrx_word' id='word_1_488' title='bbox 1411 757 1508 800; x_wconf 82' lang='lat' dir='ltr'>legis.</span> <span class='ocrx_word' id='word_1_489' title='bbox 1554 757 1623 789; x_wconf 85' lang='lat' dir='ltr'>Lex</span> <span class='ocrx_word' id='word_1_490' title='bbox 1647 759 1730 789; x_wconf 86' lang='lat' dir='ltr'>enim</span> <span class='ocrx_word' id='word_1_491' title='bbox 1755 765 1912 799; x_wconf 86' lang='lat' dir='ltr'>operatur</span> <span class='ocrx_word' id='word_1_492' title='bbox 1934 759 2033 797; x_wconf 87' lang='lat' dir='ltr'>iram,</span> <span class='ocrx_word' id='word_1_493' title='bbox 2057 758 2149 791; x_wconf 91' lang='lat' dir='ltr'>Tunc</span> <span class='ocrx_word' id='word_1_494' title='bbox 2175 769 2232 791; x_wconf 88' lang='lat' dir='ltr'>au-</span> 
     </span>
     <span class='ocr_line' id='line_1_69' title="bbox 1249 799 2230 842; baseline 0.002 -11"><span class='ocrx_word' id='word_1_495' title='bbox 1249 806 1314 831; x_wconf 88' lang='lat' dir='ltr'>tem</span> <span class='ocrx_word' id='word_1_496' title='bbox 1336 799 1416 831; x_wconf 81' lang='lat' dir='ltr'>facit</span> <span class='ocrx_word' id='word_1_497' title='bbox 1437 799 1564 842; x_wconf 85' lang='lat' dir='ltr'>legem,</span> <span class='ocrx_word' id='word_1_498' title='bbox 1587 801 1720 842; x_wconf 87' lang='lat' dir='ltr'>quando</span> <span class='ocrx_word' id='word_1_499' title='bbox 1744 801 1833 832; x_wconf 78' lang='lat' dir='ltr'>audit</span> <span class='ocrx_word' id='word_1_500' title='bbox 1856 801 1953 832; x_wconf 89' lang='lat' dir='ltr'>nobis</span> <span class='ocrx_word' id='word_1_501' title='bbox 1975 807 2112 842; x_wconf 86' lang='lat' dir='ltr'>propter</span> <span class='ocrx_word' id='word_1_502' title='bbox 2135 801 2230 833; x_wconf 88' lang='lat' dir='ltr'>Chri—</span> 
     </span>
     <span class='ocr_line' id='line_1_70' title="bbox 1248 840 2230 885; baseline 0.003 -12"><span class='ocrx_word' id='word_1_503' title='bbox 1248 849 1334 874; x_wconf 83' lang='lat' dir='ltr'>stum</span> <span class='ocrx_word' id='word_1_504' title='bbox 1369 842 1578 874; x_wconf 85' lang='lat' dir='ltr'>reconciliari</span> <span class='ocrx_word' id='word_1_505' title='bbox 1606 843 1732 881; x_wconf 85' lang='lat' dir='ltr'>Deum,</span> <span class='ocrx_word' id='word_1_506' title='bbox 1756 844 1853 874; x_wconf 87' lang='lat' dir='ltr'>etiam</span> <span class='ocrx_word' id='word_1_507' title='bbox 1876 845 1904 875; x_wconf 87' lang='lat' dir='ltr'>si</span> <span class='ocrx_word' id='word_1_508' title='bbox 1933 842 1998 885; x_wconf 84' lang='lat' dir='ltr'>legi</span> <span class='ocrx_word' id='word_1_509' title='bbox 2021 854 2087 875; x_wconf 92' lang='lat' dir='ltr'>non</span> <span class='ocrx_word' id='word_1_510' title='bbox 2113 840 2230 885; x_wconf 71' lang='lat' dir='ltr'>&#39;possu-</span> 
     </span>
     <span class='ocr_line' id='line_1_71' title="bbox 1249 884 2230 927; baseline 0.003 -12"><span class='ocrx_word' id='word_1_511' title='bbox 1249 896 1320 916; x_wconf 87' lang='lat' dir='ltr'>mus</span> <span class='ocrx_word' id='word_1_512' title='bbox 1343 884 1552 917; x_wconf 86' lang='lat' dir='ltr'>satisfacere.</span> <span class='ocrx_word' id='word_1_513' title='bbox 1597 885 1678 918; x_wconf 92' lang='lat' dir='ltr'>Cum</span> <span class='ocrx_word' id='word_1_514' title='bbox 1704 886 1769 918; x_wconf 63' lang='lat' dir='ltr'>hac*</span> <span class='ocrx_word' id='word_1_515' title='bbox 1792 887 1856 917; x_wconf 87' lang='lat' dir='ltr'>fide</span> <span class='ocrx_word' id='word_1_516' title='bbox 1885 886 2143 927; x_wconf 85' lang='lat' dir='ltr'>apprehenditur</span> <span class='ocrx_word' id='word_1_517' title='bbox 2166 896 2230 918; x_wconf 88' lang='lat' dir='ltr'>me-</span> 
     </span>
     <span class='ocr_line' id='line_1_72' title="bbox 1249 927 2231 971; baseline 0.004 -14"><span class='ocrx_word' id='word_1_518' title='bbox 1249 928 1356 958; x_wconf 87' lang='lat' dir='ltr'>diator</span> <span class='ocrx_word' id='word_1_519' title='bbox 1385 927 1557 966; x_wconf 83' lang='lat' dir='ltr'>Christus,</span> <span class='ocrx_word' id='word_1_520' title='bbox 1593 939 1652 960; x_wconf 86' lang='lat' dir='ltr'>cor</span> <span class='ocrx_word' id='word_1_521' title='bbox 1679 930 1862 971; x_wconf 77' lang='lat' dir='ltr'>acquiescit</span> <span class='ocrx_word' id='word_1_522' title='bbox 1890 936 1923 960; x_wconf 89' lang='lat' dir='ltr'>et</span> <span class='ocrx_word' id='word_1_523' title='bbox 1952 929 2065 969; x_wconf 82' lang='lat' dir='ltr'>incipit</span> <span class='ocrx_word' id='word_1_524' title='bbox 2093 928 2231 971; x_wconf 84' lang='lat' dir='ltr'>diligere</span> 
     </span>
     <span class='ocr_line' id='line_1_73' title="bbox 1248 969 2233 1012; baseline 0.003 -12"><span class='ocrx_word' id='word_1_525' title='bbox 1248 969 1369 1008; x_wconf 81' lang='lat' dir='ltr'>Deum,</span> <span class='ocrx_word' id='word_1_526' title='bbox 1393 976 1425 1001; x_wconf 90' lang='lat' dir='ltr'>et</span> <span class='ocrx_word' id='word_1_527' title='bbox 1447 969 1559 1002; x_wconf 81' lang='lat' dir='ltr'>sac-ere</span> <span class='ocrx_word' id='word_1_528' title='bbox 1582 969 1701 1012; x_wconf 79' lang='lat' dir='ltr'>legem,</span> <span class='ocrx_word' id='word_1_529' title='bbox 1724 977 1754 1002; x_wconf 89' lang='lat' dir='ltr'>et</span> <span class='ocrx_word' id='word_1_530' title='bbox 1777 972 1840 1003; x_wconf 90' lang='lat' dir='ltr'>scit</span> <span class='ocrx_word' id='word_1_531' title='bbox 1858 972 1921 1002; x_wconf 86' lang='lat' dir='ltr'>iam</span> <span class='ocrx_word' id='word_1_532' title='bbox 1944 981 1982 1002; x_wconf 76' lang='lat' dir='ltr'>se</span> <span class='ocrx_word' id='word_1_533' title='bbox 2000 971 2132 1012; x_wconf 87' lang='lat' dir='ltr'>placere</span> <span class='ocrx_word' id='word_1_534' title='bbox 2146 972 2233 1010; x_wconf 91' lang='lat' dir='ltr'>Deo,</span> 
     </span>
     <span class='ocr_line' id='line_1_74' title="bbox 1249 1012 2233 1054; baseline 0.003 -11"><span class='ocrx_word' id='word_1_535' title='bbox 1249 1018 1386 1054; x_wconf 90' lang='lat' dir='ltr'>propter</span> <span class='ocrx_word' id='word_1_536' title='bbox 1403 1013 1619 1044; x_wconf 80' lang='lat' dir='ltr'>mediatorem</span> <span class='ocrx_word' id='word_1_537' title='bbox 1641 1012 1822 1051; x_wconf 82' lang='lat' dir='ltr'>Christum,</span> <span class='ocrx_word' id='word_1_538' title='bbox 1842 1014 1973 1046; x_wconf 76' lang='lat' dir='ltr'>etiamsi</span> <span class='ocrx_word' id='word_1_539' title='bbox 1996 1013 2054 1045; x_wconf 93' lang='lat' dir='ltr'>illa</span> <span class='ocrx_word' id='word_1_540' title='bbox 2076 1013 2233 1046; x_wconf 79' lang='lat' dir='ltr'>inchoata</span> 
     </span>
     <span class='ocr_line' id='line_1_75' title="bbox 1250 1054 2232 1097; baseline 0.002 -11"><span class='ocrx_word' id='word_1_541' title='bbox 1250 1055 1336 1097; x_wconf 81' lang='lat' dir='ltr'>legis</span> <span class='ocrx_word' id='word_1_542' title='bbox 1363 1054 1508 1095; x_wconf 88' lang='lat' dir='ltr'>impletio</span> <span class='ocrx_word' id='word_1_543' title='bbox 1536 1054 1654 1095; x_wconf 91' lang='lat' dir='ltr'>procul</span> <span class='ocrx_word' id='word_1_544' title='bbox 1682 1056 1769 1086; x_wconf 86' lang='lat' dir='ltr'>absit</span> <span class='ocrx_word' id='word_1_545' title='bbox 1791 1066 1810 1086; x_wconf 86' lang='lat' dir='ltr'>a</span> <span class='ocrx_word' id='word_1_546' title='bbox 1835 1055 2052 1096; x_wconf 83' lang='lat' dir='ltr'>perfectione,</span> <span class='ocrx_word' id='word_1_547' title='bbox 2076 1063 2108 1088; x_wconf 89' lang='lat' dir='ltr'>et</span> <span class='ocrx_word' id='word_1_548' title='bbox 2132 1055 2232 1088; x_wconf 84' lang='lat' dir='ltr'>valde</span> 
     </span>
     <span class='ocr_line' id='line_1_76' title="bbox 1249 1098 2231 1139; baseline 0.002 -10"><span class='ocrx_word' id='word_1_549' title='bbox 1249 1099 1291 1129; x_wconf 89' lang='lat' dir='ltr'>sit</span> <span class='ocrx_word' id='word_1_550' title='bbox 1314 1098 1498 1135; x_wconf 88' lang='lat' dir='ltr'>immunda,</span> <span class='ocrx_word' id='word_1_551' title='bbox 1535 1098 1593 1129; x_wconf 87' lang='lat' dir='ltr'>Sic</span> <span class='ocrx_word' id='word_1_552' title='bbox 1615 1098 1827 1129; x_wconf 86' lang='lat' dir='ltr'>iudicandum</span> <span class='ocrx_word' id='word_1_553' title='bbox 1850 1104 1902 1128; x_wconf 80' lang='lat' dir='ltr'>est</span> <span class='ocrx_word' id='word_1_554' title='bbox 1931 1106 1965 1129; x_wconf 89' lang='lat' dir='ltr'>et</span> <span class='ocrx_word' id='word_1_555' title='bbox 1987 1099 2029 1130; x_wconf 91' lang='lat' dir='ltr'>de</span> <span class='ocrx_word' id='word_1_556' title='bbox 2061 1100 2231 1139; x_wconf 82' lang='lat' dir='ltr'>praedica-</span> 
     </span>
     <span class='ocr_line' id='line_1_77' title="bbox 1250 1140 2233 1182; baseline 0 -10"><span class='ocrx_word' id='word_1_557' title='bbox 1250 1142 1339 1172; x_wconf 86' lang='lat' dir='ltr'>tione</span> <span class='ocrx_word' id='word_1_558' title='bbox 1355 1142 1421 1178; x_wconf 72' lang='lat'>⁵⁸¹)</span> <span class='ocrx_word' id='word_1_559' title='bbox 1444 1140 1674 1181; x_wconf 86' lang='lat' dir='ltr'>poenitentiae.</span> <span class='ocrx_word' id='word_1_560' title='bbox 1705 1140 1900 1182; x_wconf 87' lang='lat' dir='ltr'>Quanquam</span> <span class='ocrx_word' id='word_1_561' title='bbox 1922 1141 2008 1172; x_wconf 90' lang='lat' dir='ltr'>enim</span> <span class='ocrx_word' id='word_1_562' title='bbox 2031 1140 2233 1173; x_wconf 86' lang='lat' dir='ltr'>Scholastici</span> 
     </span>
     <span class='ocr_line' id='line_1_78' title="bbox 1250 1182 2232 1224; baseline -0.001 -9"><span class='ocrx_word' id='word_1_563' title='bbox 1250 1182 1330 1215; x_wconf 86' lang='lat' dir='ltr'>nihil</span> <span class='ocrx_word' id='word_1_564' title='bbox 1360 1183 1492 1215; x_wconf 91' lang='lat' dir='ltr'>omnino</span> <span class='ocrx_word' id='word_1_565' title='bbox 1516 1184 1558 1214; x_wconf 92' lang='lat' dir='ltr'>de</span> <span class='ocrx_word' id='word_1_566' title='bbox 1580 1183 1645 1214; x_wconf 87' lang='lat' dir='ltr'>fide</span> <span class='ocrx_word' id='word_1_567' title='bbox 1669 1184 1701 1214; x_wconf 92' lang='lat' dir='ltr'>in</span> <span class='ocrx_word' id='word_1_568' title='bbox 1721 1184 1870 1214; x_wconf 87' lang='lat' dir='ltr'>doctrina</span> <span class='ocrx_word' id='word_1_569' title='bbox 1893 1184 2116 1224; x_wconf 84' lang='lat' dir='ltr'>poenitentiae</span> <span class='ocrx_word' id='word_1_570' title='bbox 2141 1184 2232 1215; x_wconf 84' lang='lat' dir='ltr'>dixe·</span> 
     </span>
     <span class='ocr_line' id='line_1_79' title="bbox 1251 1226 2234 1264; baseline 0 -7"><span class='ocrx_word' id='word_1_571' title='bbox 1251 1233 1350 1264; x_wconf 87' lang='lat' dir='ltr'>runt,</span> <span class='ocrx_word' id='word_1_572' title='bbox 1392 1232 1501 1257; x_wconf 87' lang='lat' dir='ltr'>tamen</span> <span class='ocrx_word' id='word_1_573' title='bbox 1533 1227 1731 1257; x_wconf 85' lang='lat' dir='ltr'>arbitramur</span> <span class='ocrx_word' id='word_1_574' title='bbox 1770 1227 1932 1257; x_wconf 85' lang='lat' dir='ltr'>neminem</span> <span class='ocrx_word' id='word_1_575' title='bbox 1964 1226 2234 1258; x_wconf 82' lang='lat' dir='ltr'>aduersariorum</span> 
     </span>
     <span class='ocr_line' id='line_1_80' title="bbox 1251 1267 2233 1310; baseline 0 -10"><span class='ocrx_word' id='word_1_576' title='bbox 1251 1275 1317 1300; x_wconf 90' lang='lat' dir='ltr'>tam</span> <span class='ocrx_word' id='word_1_577' title='bbox 1349 1278 1428 1300; x_wconf 89' lang='lat' dir='ltr'>esse</span> <span class='ocrx_word' id='word_1_578' title='bbox 1461 1268 1641 1306; x_wconf 79' lang='lat' dir='ltr'>furiosum,</span> <span class='ocrx_word' id='word_1_579' title='bbox 1674 1274 1708 1299; x_wconf 88' lang='lat' dir='ltr'>vt</span> <span class='ocrx_word' id='word_1_580' title='bbox 1737 1274 1836 1310; x_wconf 82' lang='lat' dir='ltr'>neget</span> <span class='ocrx_word' id='word_1_581' title='bbox 1858 1267 2101 1300; x_wconf 86' lang='lat' dir='ltr'>absolutionem</span> <span class='ocrx_word' id='word_1_582' title='bbox 2124 1267 2233 1300; x_wconf 75' lang='lat' dir='ltr'>Euan-</span> 
     </span>
     <span class='ocr_line' id='line_1_81' title="bbox 1252 1310 2234 1353; baseline 0.001 -10"><span class='ocrx_word' id='word_1_583' title='bbox 1252 1311 1331 1353; x_wconf 88' lang='lat' dir='ltr'>gelij</span> <span class='ocrx_word' id='word_1_584' title='bbox 1356 1321 1472 1343; x_wconf 90' lang='lat' dir='ltr'>vocem</span> <span class='ocrx_word' id='word_1_585' title='bbox 1495 1321 1584 1342; x_wconf 88' lang='lat' dir='ltr'>esse.</span> <span class='ocrx_word' id='word_1_586' title='bbox 1630 1311 1735 1342; x_wconf 89' lang='lat' dir='ltr'>Porro</span> <span class='ocrx_word' id='word_1_587' title='bbox 1766 1310 1933 1343; x_wconf 86' lang='lat' dir='ltr'>absolutio</span> <span class='ocrx_word' id='word_1_588' title='bbox 1961 1312 2027 1342; x_wconf 79' lang='lat' dir='ltr'>fide</span> <span class='ocrx_word' id='word_1_589' title='bbox 2049 1311 2155 1352; x_wconf 86' lang='lat' dir='ltr'>accipi</span> <span class='ocrx_word' id='word_1_590' title='bbox 2177 1311 2234 1344; x_wconf 82' lang='lat' dir='ltr'>de-</span> 
     </span>
     <span class='ocr_line' id='line_1_82' title="bbox 1253 1352 2073 1396; baseline -0.002 -10"><span class='ocrx_word' id='word_1_591' title='bbox 1253 1356 1319 1393; x_wconf 90' lang='lat' dir='ltr'>bet,</span> <span class='ocrx_word' id='word_1_592' title='bbox 1342 1360 1377 1385; x_wconf 90' lang='lat' dir='ltr'>vt</span> <span class='ocrx_word' id='word_1_593' title='bbox 1401 1355 1506 1396; x_wconf 78' lang='lat' dir='ltr'>erigat</span> <span class='ocrx_word' id='word_1_594' title='bbox 1527 1352 1799 1395; x_wconf 82' lang='lat' dir='ltr'>perterrefactam</span> <span class='ocrx_word' id='word_1_595' title='bbox 1823 1355 2073 1386; x_wconf 88' lang='lat' dir='ltr'>conscientiam.</span> 
     </span>
    </p>

    <p class='ocr_par' dir='ltr' id='par_1_11' title="bbox 1249 1395 2236 2424">
     <span class='ocr_line' id='line_1_83' title="bbox 1338 1395 2234 1438; baseline 0.001 -10"><span class='ocrx_word' id='word_1_596' title='bbox 1338 1396 1451 1438; x_wconf 82' lang='lat' dir='ltr'>ltaque</span> <span class='ocrx_word' id='word_1_597' title='bbox 1484 1397 1637 1428; x_wconf 82' lang='lat' dir='ltr'>doctrina</span> <span class='ocrx_word' id='word_1_598' title='bbox 1663 1397 1900 1438; x_wconf 85' lang='lat' dir='ltr'>poenitentiae,</span> <span class='ocrx_word' id='word_1_599' title='bbox 1928 1397 2004 1438; x_wconf 88' lang='lat' dir='ltr'>quia</span> <span class='ocrx_word' id='word_1_600' title='bbox 2032 1406 2100 1427; x_wconf 89' lang='lat' dir='ltr'>non</span> <span class='ocrx_word' id='word_1_601' title='bbox 2122 1395 2234 1429; x_wconf 82' lang='lat' dir='ltr'>solum</span> 
     </span>
     <span class='ocr_line' id='line_1_84' title="bbox 1251 1439 2235 1482; baseline 0 -11"><span class='ocrx_word' id='word_1_602' title='bbox 1251 1450 1338 1471; x_wconf 85' lang='lat' dir='ltr'>noua</span> <span class='ocrx_word' id='word_1_603' title='bbox 1360 1449 1462 1482; x_wconf 87' lang='lat' dir='ltr'>opera</span> <span class='ocrx_word' id='word_1_604' title='bbox 1482 1440 1656 1482; x_wconf 83' lang='lat' dir='ltr'>praecipit,</span> <span class='ocrx_word' id='word_1_605' title='bbox 1681 1440 1742 1471; x_wconf 89' lang='lat' dir='ltr'>sed</span> <span class='ocrx_word' id='word_1_606' title='bbox 1765 1440 1862 1471; x_wconf 88' lang='lat' dir='ltr'>etiarn</span> <span class='ocrx_word' id='word_1_607' title='bbox 1885 1439 2044 1481; x_wconf 86' lang='lat' dir='ltr'>promittit</span> <span class='ocrx_word' id='word_1_608' title='bbox 2065 1439 2235 1471; x_wconf 86' lang='lat' dir='ltr'>remissio·</span> 
     </span>
     <span class='ocr_line' id='line_1_85' title="bbox 1251 1481 2235 1524; baseline 0 -11"><span class='ocrx_word' id='word_1_609' title='bbox 1251 1493 1325 1514; x_wconf 87' lang='lat' dir='ltr'>nem</span> <span class='ocrx_word' id='word_1_610' title='bbox 1348 1487 1580 1524; x_wconf 85' lang='lat' dir='ltr'>peccatorum,</span> <span class='ocrx_word' id='word_1_611' title='bbox 1614 1482 1807 1514; x_wconf 87' lang='lat' dir='ltr'>necessario</span> <span class='ocrx_word' id='word_1_612' title='bbox 1843 1482 1977 1523; x_wconf 86' lang='lat' dir='ltr'>requirit</span> <span class='ocrx_word' id='word_1_613' title='bbox 2004 1481 2114 1513; x_wconf 86' lang='lat' dir='ltr'>fidem.</span> <span class='ocrx_word' id='word_1_614' title='bbox 2159 1481 2235 1513; x_wconf 85' lang='lat' dir='ltr'>Non</span> 
     </span>
     <span class='ocr_line' id='line_1_86' title="bbox 1250 1523 2233 1567; baseline -0.001 -10"><span class='ocrx_word' id='word_1_615' title='bbox 1250 1526 1337 1557; x_wconf 89' lang='lat' dir='ltr'>enim</span> <span class='ocrx_word' id='word_1_616' title='bbox 1355 1525 1514 1567; x_wconf 85' lang='lat' dir='ltr'>accipitur</span> <span class='ocrx_word' id='word_1_617' title='bbox 1530 1526 1680 1557; x_wconf 88' lang='lat' dir='ltr'>remissio</span> <span class='ocrx_word' id='word_1_618' title='bbox 1692 1530 1919 1567; x_wconf 84' lang='lat' dir='ltr'>peccatorum,</span> <span class='ocrx_word' id='word_1_619' title='bbox 1942 1525 2005 1556; x_wconf 91' lang='lat' dir='ltr'>nisi</span> <span class='ocrx_word' id='word_1_620' title='bbox 2024 1524 2100 1556; x_wconf 87' lang='lat' dir='ltr'>fide.</span> <span class='ocrx_word' id='word_1_621' title='bbox 2113 1547 2122 1556; x_wconf 96' lang='lat'>.</span> <span class='ocrx_word' id='word_1_622' title='bbox 2137 1523 2233 1556; x_wconf 89' lang='lat' dir='ltr'>Sem-</span> 
     </span>
     <span class='ocr_line' id='line_1_87' title="bbox 1251 1565 2235 1611; baseline -0.001 -11"><span class='ocrx_word' id='word_1_623' title='bbox 1251 1579 1310 1609; x_wconf 87' lang='lat' dir='ltr'>per</span> <span class='ocrx_word' id='word_1_624' title='bbox 1343 1568 1442 1611; x_wconf 82' lang='lat' dir='ltr'>igitur</span> <span class='ocrx_word' id='word_1_625' title='bbox 1474 1567 1508 1599; x_wconf 91' lang='lat' dir='ltr'>in</span> <span class='ocrx_word' id='word_1_626' title='bbox 1537 1567 1589 1599; x_wconf 90' lang='lat' dir='ltr'>his</span> <span class='ocrx_word' id='word_1_627' title='bbox 1622 1567 1706 1600; x_wconf 87' lang='lat' dir='ltr'>locis</span> <span class='ocrx_word' id='word_1_628' title='bbox 1736 1569 1778 1599; x_wconf 89' lang='lat' dir='ltr'>de</span> <span class='ocrx_word' id='word_1_629' title='bbox 1806 1568 2023 1609; x_wconf 79' lang='lat' dir='ltr'>poenitentia,</span> <span class='ocrx_word' id='word_1_630' title='bbox 2046 1565 2235 1599; x_wconf 70' lang='lat' dir='ltr'>intelli-&#39;rere</span> 
     </span>
     <span class='ocr_line' id='line_1_88' title="bbox 1250 1592 2234 1652; baseline 0 -10"><span class='ocrx_word' id='word_1_631' title='bbox 1250 1616 1391 1652; x_wconf 87' lang='lat' dir='ltr'>oportet,</span> <span class='ocrx_word' id='word_1_632' title='bbox 1425 1610 1515 1652; x_wconf 91' lang='lat' dir='ltr'>quod</span> <span class='ocrx_word' id='word_1_633' title='bbox 1548 1621 1616 1642; x_wconf 90' lang='lat' dir='ltr'>non</span> <span class='ocrx_word' id='word_1_634' title='bbox 1645 1610 1753 1643; x_wconf 88' lang='lat' dir='ltr'>solum</span> <span class='ocrx_word' id='word_1_635' title='bbox 1776 1621 1898 1652; x_wconf 87' lang='lat' dir='ltr'>opera,</span> <span class='ocrx_word' id='word_1_636' title='bbox 1927 1611 1988 1641; x_wconf 87' lang='lat' dir='ltr'>sed</span> <span class='ocrx_word' id='word_1_637' title='bbox 2021 1610 2120 1642; x_wconf 84' lang='lat' dir='ltr'>etiam</span> <span class='ocrx_word' id='word_1_638' title='bbox 2148 1592 2234 1642; x_wconf 54' lang='lat' dir='ltr'>fides</span> 
     </span>
     <span class='ocr_line' id='line_1_89' title="bbox 1250 1651 2236 1696; baseline 0 -12"><span class='ocrx_word' id='word_1_639' title='bbox 1250 1654 1450 1696; x_wconf 82' lang='lat' dir='ltr'>requiratur,</span> <span class='ocrx_word' id='word_1_640' title='bbox 1478 1660 1514 1684; x_wconf 86' lang='lat' dir='ltr'>vt</span> <span class='ocrx_word' id='word_1_641' title='bbox 1546 1652 1601 1685; x_wconf 88' lang='lat' dir='ltr'>hic</span> <span class='ocrx_word' id='word_1_642' title='bbox 1623 1653 1742 1685; x_wconf 82' lang='lat' dir='ltr'>Matth.</span> <span class='ocrx_word' id='word_1_643' title='bbox 1761 1655 1804 1684; x_wconf 88' lang='lat' dir='ltr'>vi.</span> <span class='ocrx_word' id='word_1_644' title='bbox 1854 1653 1891 1685; x_wconf 92' lang='lat' dir='ltr'>Si</span> <span class='ocrx_word' id='word_1_645' title='bbox 1913 1653 2104 1684; x_wconf 73' lang='lat' dir='ltr'>dimiseritis</span> <span class='ocrx_word' id='word_1_646' title='bbox 2115 1653 2146 1690; x_wconf 73' lang='lat'>*)</span> <span class='ocrx_word' id='word_1_647' title='bbox 2175 1651 2236 1684; x_wconf 80' lang='lat' dir='ltr'>ho-</span> 
     </span>
     <span class='ocr_line' id='line_1_90' title="bbox 1250 1694 2236 1737; baseline 0 -9"><span class='ocrx_word' id='word_1_648' title='bbox 1250 1697 1392 1728; x_wconf 90' lang='lat' dir='ltr'>minibus</span> <span class='ocrx_word' id='word_1_649' title='bbox 1414 1702 1553 1737; x_wconf 85' lang='lat' dir='ltr'>peccata</span> <span class='ocrx_word' id='word_1_650' title='bbox 1575 1707 1700 1731; x_wconf 90' lang='lat' dir='ltr'>eorum,</span> <span class='ocrx_word' id='word_1_651' title='bbox 1724 1696 1860 1728; x_wconf 83' lang='lat' dir='ltr'>dimittet</span> <span class='ocrx_word' id='word_1_652' title='bbox 1884 1702 1917 1727; x_wconf 88' lang='lat' dir='ltr'>et</span> <span class='ocrx_word' id='word_1_653' title='bbox 1939 1696 2037 1727; x_wconf 84' lang='lat' dir='ltr'>vobis</span> <span class='ocrx_word' id='word_1_654' title='bbox 2060 1694 2160 1728; x_wconf 84' lang='lat' dir='ltr'>Pater</span> <span class='ocrx_word' id='word_1_655' title='bbox 2178 1705 2236 1728; x_wconf 79' lang='lat' dir='ltr'>ve-</span> 
     </span>
     <span class='ocr_line' id='line_1_91' title="bbox 1250 1737 2236 1781; baseline 0 -10"><span class='ocrx_word' id='word_1_656' title='bbox 1250 1744 1320 1771; x_wconf 85' lang='lat' dir='ltr'>ster</span> <span class='ocrx_word' id='word_1_657' title='bbox 1343 1737 1502 1771; x_wconf 87' lang='lat' dir='ltr'>coelestis</span> <span class='ocrx_word' id='word_1_658' title='bbox 1526 1738 1649 1770; x_wconf 89' lang='lat' dir='ltr'>delicta</span> <span class='ocrx_word' id='word_1_659' title='bbox 1677 1745 1801 1771; x_wconf 85' lang='lat' dir='ltr'>vestra.</span> <span class='ocrx_word' id='word_1_660' title='bbox 1846 1738 1908 1770; x_wconf 79' lang='lat' dir='ltr'>Hic</span> <span class='ocrx_word' id='word_1_661' title='bbox 1939 1738 2116 1781; x_wconf 78' lang='lat' dir='ltr'>requiritur</span> <span class='ocrx_word' id='word_1_662' title='bbox 2137 1747 2236 1779; x_wconf 75' lang='lat' dir='ltr'>opuS,</span> 
     </span>
     <span class='ocr_line' id='line_1_92' title="bbox 1251 1782 2235 1824; baseline -0.002 -9"><span class='ocrx_word' id='word_1_663' title='bbox 1251 1789 1283 1815; x_wconf 90' lang='lat' dir='ltr'>et</span> <span class='ocrx_word' id='word_1_664' title='bbox 1301 1782 1433 1814; x_wconf 87' lang='lat' dir='ltr'>additur</span> <span class='ocrx_word' id='word_1_665' title='bbox 1455 1782 1634 1823; x_wconf 88' lang='lat' dir='ltr'>promissio</span> <span class='ocrx_word' id='word_1_666' title='bbox 1658 1782 1863 1814; x_wconf 90' lang='lat' dir='ltr'>remissionis</span> <span class='ocrx_word' id='word_1_667' title='bbox 1882 1788 2118 1824; x_wconf 85' lang='lat' dir='ltr'>peccatorum,</span> <span class='ocrx_word' id='word_1_668' title='bbox 2148 1790 2235 1822; x_wconf 72' lang='lat' dir='ltr'>quae</span> 
     </span>
     <span class='ocr_line' id='line_1_93' title="bbox 1250 1823 2234 1898; baseline -0.002 -40"><span class='ocrx_word' id='word_1_669' title='bbox 1250 1836 1319 1858; x_wconf 88' lang='lat' dir='ltr'>non</span> <span class='ocrx_word' id='word_1_670' title='bbox 1349 1825 1510 1867; x_wconf 85' lang='lat' dir='ltr'>contingit</span> <span class='ocrx_word' id='word_1_671' title='bbox 1539 1832 1674 1866; x_wconf 88' lang='lat' dir='ltr'>propter</span> <span class='ocrx_word' id='word_1_672' title='bbox 1701 1835 1798 1898; x_wconf 83' lang='lat' dir='ltr'>opus,</span> <span class='ocrx_word' id='word_1_673' title='bbox 1821 1825 1883 1856; x_wconf 86' lang='lat' dir='ltr'>sed</span> <span class='ocrx_word' id='word_1_674' title='bbox 1910 1830 2045 1865; x_wconf 86' lang='lat' dir='ltr'>propter</span> <span class='ocrx_word' id='word_1_675' title='bbox 2065 1823 2234 1856; x_wconf 83' lang='lat' dir='ltr'>Christum</span> 
     </span>
     <span class='ocr_line' id='line_1_94' title="bbox 1251 1866 2234 1911; baseline -0.003 -11"><span class='ocrx_word' id='word_1_676' title='bbox 1251 1879 1311 1911; x_wconf 89' lang='lat' dir='ltr'>per</span> <span class='ocrx_word' id='word_1_677' title='bbox 1329 1868 1436 1902; x_wconf 79' lang='lat' dir='ltr'>fidem,</span> <span class='ocrx_word' id='word_1_678' title='bbox 1458 1869 1553 1900; x_wconf 86' lang='lat' dir='ltr'>Sicut</span> <span class='ocrx_word' id='word_1_679' title='bbox 1571 1867 1648 1899; x_wconf 88' lang='lat' dir='ltr'>alibi</span> <span class='ocrx_word' id='word_1_680' title='bbox 1667 1879 1719 1900; x_wconf 89' lang='lat' dir='ltr'>mu</span> <span class='ocrx_word' id='word_1_681' title='bbox 1735 1869 1777 1899; x_wconf 86' lang='lat' dir='ltr'>tis</span> <span class='ocrx_word' id='word_1_682' title='bbox 1799 1867 1883 1899; x_wconf 87' lang='lat' dir='ltr'>locis</span> <span class='ocrx_word' id='word_1_683' title='bbox 1902 1873 2041 1898; x_wconf 86' lang='lat' dir='ltr'>testatur</span> <span class='ocrx_word' id='word_1_684' title='bbox 2059 1866 2234 1907; x_wconf 75' lang='lat' dir='ltr'>scriptura,</span> 
     </span>
     <span class='ocr_line' id='line_1_95' title="bbox 1252 1909 2233 1951; baseline -0.003 -8"><span class='ocrx_word' id='word_1_685' title='bbox 1252 1913 1396 1944; x_wconf 76' lang='lat' dir='ltr'>Actuum</span> <span class='ocrx_word' id='word_1_686' title='bbox 1414 1922 1444 1942; x_wconf 87' lang='lat' dir='ltr'>x.</span> <span class='ocrx_word' id='word_1_687' title='bbox 1481 1911 1566 1942; x_wconf 80' lang='lat' dir='ltr'>Huic</span> <span class='ocrx_word' id='word_1_688' title='bbox 1581 1920 1696 1942; x_wconf 86' lang='lat' dir='ltr'>omnes</span> <span class='ocrx_word' id='word_1_689' title='bbox 1709 1909 1895 1951; x_wconf 87' lang='lat' dir='ltr'>Prophetae</span> <span class='ocrx_word' id='word_1_690' title='bbox 1919 1910 2140 1941; x_wconf 85' lang='lat' dir='ltr'>testimonium</span> <span class='ocrx_word' id='word_1_691' title='bbox 2158 1918 2233 1950; x_wconf 79' lang='lat' dir='ltr'>per-</span> 
     </span>
     <span class='ocr_line' id='line_1_96' title="bbox 1251 1952 2234 1994; baseline -0.004 -8"><span class='ocrx_word' id='word_1_692' title='bbox 1251 1955 1380 1989; x_wconf 81' lang='lat' dir='ltr'>hibent,</span> <span class='ocrx_word' id='word_1_693' title='bbox 1415 1954 1643 1985; x_wconf 84' lang='lat' dir='ltr'>remissionem</span> <span class='ocrx_word' id='word_1_694' title='bbox 1672 1960 1886 1994; x_wconf 85' lang='lat' dir='ltr'>peccatorum</span> <span class='ocrx_word' id='word_1_695' title='bbox 1914 1952 2068 1993; x_wconf 81' lang='lat' dir='ltr'>accipere</span> <span class='ocrx_word' id='word_1_696' title='bbox 2091 1961 2150 1992; x_wconf 87' lang='lat' dir='ltr'>per</span> <span class='ocrx_word' id='word_1_697' title='bbox 2178 1959 2234 1983; x_wconf 73' lang='lat' dir='ltr'>nt&gt;</span> 
     </span>
     <span class='ocr_line' id='line_1_97' title="bbox 1252 1993 2233 2038; baseline -0.004 -9"><span class='ocrx_word' id='word_1_698' title='bbox 1252 2008 1327 2029; x_wconf 87' lang='lat' dir='ltr'>men</span> <span class='ocrx_word' id='word_1_699' title='bbox 1339 1997 1423 2035; x_wconf 86' lang='lat' dir='ltr'>eius,</span> <span class='ocrx_word' id='word_1_700' title='bbox 1436 2007 1552 2028; x_wconf 89' lang='lat' dir='ltr'>omnes</span> <span class='ocrx_word' id='word_1_701' title='bbox 1565 1997 1619 2038; x_wconf 87' lang='lat' dir='ltr'>qui</span> <span class='ocrx_word' id='word_1_702' title='bbox 1636 1997 1775 2028; x_wconf 89' lang='lat' dir='ltr'>creduut</span> <span class='ocrx_word' id='word_1_703' title='bbox 1794 1996 1827 2027; x_wconf 88' lang='lat' dir='ltr'>in</span> <span class='ocrx_word' id='word_1_704' title='bbox 1840 2006 1925 2027; x_wconf 88' lang='lat' dir='ltr'>eum.</span> <span class='ocrx_word' id='word_1_705' title='bbox 1956 1995 1997 2025; x_wconf 86' lang='lat' dir='ltr'>Et</span> <span class='ocrx_word' id='word_1_706' title='bbox 2015 1994 2058 2025; x_wconf 85' lang='lat' dir='ltr'>.l.</span> <span class='ocrx_word' id='word_1_707' title='bbox 2071 1993 2183 2026; x_wconf 78' lang='lat' dir='ltr'>luban.</span> <span class='ocrx_word' id='word_1_708' title='bbox 2198 1994 2233 2034; x_wconf 84' lang='lat' dir='ltr'>ij.</span> 
     </span>
     <span class='ocr_line' id='line_1_98' title="bbox 1251 2037 2233 2080; baseline -0.003 -9"><span class='ocrx_word' id='word_1_709' title='bbox 1251 2040 1471 2071; x_wconf 84' lang='lat' dir='ltr'>Remittuntur</span> <span class='ocrx_word' id='word_1_710' title='bbox 1513 2041 1609 2070; x_wconf 84' lang='lat' dir='ltr'>vobis</span> <span class='ocrx_word' id='word_1_711' title='bbox 1650 2045 1789 2080; x_wconf 80' lang='lat' dir='ltr'>peccata</span> <span class='ocrx_word' id='word_1_712' title='bbox 1828 2045 1965 2080; x_wconf 87' lang='lat' dir='ltr'>propter</span> <span class='ocrx_word' id='word_1_713' title='bbox 1996 2046 2116 2068; x_wconf 84' lang='lat' dir='ltr'>nomen</span> <span class='ocrx_word' id='word_1_714' title='bbox 2149 2037 2233 2069; x_wconf 73' lang='lat' dir='ltr'>eius.</span> 
     </span>
     <span class='ocr_line' id='line_1_99' title="bbox 1252 2081 2233 2124; baseline -0.004 -10"><span class='ocrx_word' id='word_1_715' title='bbox 1252 2083 1353 2124; x_wconf 88' lang='lat' dir='ltr'>Ephe.</span> <span class='ocrx_word' id='word_1_716' title='bbox 1379 2083 1406 2113; x_wconf 84' lang='lat' dir='ltr'>l.</span> <span class='ocrx_word' id='word_1_717' title='bbox 1446 2082 1481 2113; x_wconf 87' lang='lat' dir='ltr'>ln</span> <span class='ocrx_word' id='word_1_718' title='bbox 1515 2093 1580 2124; x_wconf 90' lang='lat' dir='ltr'>quo</span> <span class='ocrx_word' id='word_1_719' title='bbox 1609 2082 1771 2113; x_wconf 89' lang='lat' dir='ltr'>habemus</span> <span class='ocrx_word' id='word_1_720' title='bbox 1795 2081 2054 2122; x_wconf 87' lang='lat' dir='ltr'>redemptionem</span> <span class='ocrx_word' id='word_1_721' title='bbox 2079 2090 2139 2122; x_wconf 89' lang='lat' dir='ltr'>per</span> <span class='ocrx_word' id='word_1_722' title='bbox 2156 2089 2233 2111; x_wconf 72' lang='lat' dir='ltr'>san·</span> 
     </span>
     <span class='ocr_line' id='line_1_100' title="bbox 1252 2122 2234 2169; baseline -0.002 -12"><span class='ocrx_word' id='word_1_723' title='bbox 1252 2128 1383 2169; x_wconf 87' lang='lat' dir='ltr'>guinem</span> <span class='ocrx_word' id='word_1_724' title='bbox 1418 2126 1489 2157; x_wconf 89' lang='lat' dir='ltr'>eius</span> <span class='ocrx_word' id='word_1_725' title='bbox 1522 2126 1554 2156; x_wconf 93' lang='lat' dir='ltr'>in</span> <span class='ocrx_word' id='word_1_726' title='bbox 1585 2125 1814 2156; x_wconf 85' lang='lat' dir='ltr'>remissionem</span> <span class='ocrx_word' id='word_1_727' title='bbox 1847 2129 2073 2166; x_wconf 82' lang='lat' dir='ltr'>peccatorum.</span> <span class='ocrx_word' id='word_1_728' title='bbox 2125 2122 2234 2158; x_wconf 68' lang='lat' dir='ltr'>Quan-</span> 
     </span>
     <span class='ocr_line' id='line_1_101' title="bbox 1251 2165 2233 2211; baseline -0.003 -11"><span class='ocrx_word' id='word_1_729' title='bbox 1251 2179 1348 2211; x_wconf 89' lang='lat' dir='ltr'>quam</span> <span class='ocrx_word' id='word_1_730' title='bbox 1372 2168 1449 2210; x_wconf 87' lang='lat' dir='ltr'>quid</span> <span class='ocrx_word' id='word_1_731' title='bbox 1471 2178 1554 2209; x_wconf 76' lang='lat' dir='ltr'>opus</span> <span class='ocrx_word' id='word_1_732' title='bbox 1576 2174 1627 2198; x_wconf 82' lang='lat' dir='ltr'>est</span> <span class='ocrx_word' id='word_1_733' title='bbox 1653 2169 1793 2199; x_wconf 84' lang='lat' dir='ltr'>recitare</span> <span class='ocrx_word' id='word_1_734' title='bbox 1821 2167 2019 2199; x_wconf 78' lang='lat' dir='ltr'>testimonia.</span> <span class='ocrx_word' id='word_1_735' title='bbox 2066 2165 2157 2198; x_wconf 75' lang='lat' dir='ltr'>Haec</span> <span class='ocrx_word' id='word_1_736' title='bbox 2179 2170 2233 2197; x_wconf 75' lang='lat' dir='ltr'>est</span> 
     </span>
     <span class='ocr_line' id='line_1_102' title="bbox 1251 2207 2232 2254; baseline -0.003 -11"><span class='ocrx_word' id='word_1_737' title='bbox 1251 2213 1324 2253; x_wconf 83' lang='lat' dir='ltr'>ipsa</span> <span class='ocrx_word' id='word_1_738' title='bbox 1363 2221 1427 2242; x_wconf 71' lang='lat' dir='ltr'>vox</span> <span class='ocrx_word' id='word_1_739' title='bbox 1460 2210 1633 2254; x_wconf 72' lang='lat' dir='ltr'>Euangelij</span> <span class='ocrx_word' id='word_1_740' title='bbox 1666 2211 1816 2251; x_wconf 78' lang='lat' dir='ltr'>propria.</span> <span class='ocrx_word' id='word_1_741' title='bbox 1858 2210 1946 2251; x_wconf 88' lang='lat' dir='ltr'>quod</span> <span class='ocrx_word' id='word_1_742' title='bbox 1975 2214 2111 2250; x_wconf 88' lang='lat' dir='ltr'>propter</span> <span class='ocrx_word' id='word_1_743' title='bbox 2141 2207 2232 2240; x_wconf 77' lang='lat' dir='ltr'>Chri·</span> 
     </span>
     <span class='ocr_line' id='line_1_103' title="bbox 1250 2252 2232 2295; baseline -0.003 -10"><span class='ocrx_word' id='word_1_744' title='bbox 1250 2261 1351 2292; x_wconf 88' lang='lat' dir='ltr'>stum,</span> <span class='ocrx_word' id='word_1_745' title='bbox 1375 2264 1440 2285; x_wconf 89' lang='lat' dir='ltr'>non</span> <span class='ocrx_word' id='word_1_746' title='bbox 1463 2262 1602 2295; x_wconf 83' lang='lat' dir='ltr'>propter</span> <span class='ocrx_word' id='word_1_747' title='bbox 1625 2260 1740 2284; x_wconf 87' lang='lat' dir='ltr'>nostra</span> <span class='ocrx_word' id='word_1_748' title='bbox 1763 2263 1877 2295; x_wconf 88' lang='lat' dir='ltr'>opera,</span> <span class='ocrx_word' id='word_1_749' title='bbox 1900 2252 1965 2283; x_wconf 87' lang='lat' dir='ltr'>fide</span> <span class='ocrx_word' id='word_1_750' title='bbox 1987 2260 2232 2292; x_wconf 77' lang='lat' dir='ltr'>consequamur</span> 
     </span>
     <span class='ocr_line' id='line_1_104' title="bbox 1250 2293 2231 2338; baseline -0.004 -10"><span class='ocrx_word' id='word_1_751' title='bbox 1250 2298 1478 2328; x_wconf 78' lang='lat' dir='ltr'>remissionem</span> <span class='ocrx_word' id='word_1_752' title='bbox 1514 2303 1744 2338; x_wconf 86' lang='lat' dir='ltr'>peccatorum,</span> <span class='ocrx_word' id='word_1_753' title='bbox 1781 2296 1875 2327; x_wconf 81' lang='lat' dir='ltr'>Hanc</span> <span class='ocrx_word' id='word_1_754' title='bbox 1912 2293 2085 2335; x_wconf 70' lang='lat' dir='ltr'>Euangeuj</span> <span class='ocrx_word' id='word_1_755' title='bbox 2116 2303 2231 2325; x_wconf 79' lang='lat' dir='ltr'>vocem</span> 
     </span>
     <span class='ocr_line' id='line_1_105' title="bbox 1249 2335 2232 2379; baseline -0.004 -8"><span class='ocrx_word' id='word_1_756' title='bbox 1249 2340 1432 2379; x_wconf 38' lang='lat' dir='ltr'>aduersari-j</span> <span class='ocrx_word' id='word_1_757' title='bbox 1463 2341 1568 2371; x_wconf 86' lang='lat' dir='ltr'>nostri</span> <span class='ocrx_word' id='word_1_758' title='bbox 1603 2341 1746 2371; x_wconf 88' lang='lat' dir='ltr'>obruere</span> <span class='ocrx_word' id='word_1_759' title='bbox 1769 2345 1949 2375; x_wconf 84' lang='lat' dir='ltr'>conantur,</span> <span class='ocrx_word' id='word_1_760' title='bbox 1977 2335 2065 2368; x_wconf 79' lang='lat' dir='ltr'>male</span> <span class='ocrx_word' id='word_1_761' title='bbox 2093 2337 2232 2368; x_wconf 64' lang='lat' dir='ltr'>detorti.</span> 
     </span>
     <span class='ocr_line' id='line_1_106' title="bbox 1250 2379 2230 2424; baseline -0.004 -11"><span class='ocrx_word' id='word_1_762' title='bbox 1250 2382 1335 2414; x_wconf 81' lang='lat' dir='ltr'>locis</span> <span class='ocrx_word' id='word_1_763' title='bbox 1369 2383 1423 2424; x_wconf 86' lang='lat' dir='ltr'>qui</span> <span class='ocrx_word' id='word_1_764' title='bbox 1458 2383 1628 2414; x_wconf 86' lang='lat' dir='ltr'>continent</span> <span class='ocrx_word' id='word_1_765' title='bbox 1662 2382 1845 2415; x_wconf 82' lang='lat' dir='ltr'>doctrinam</span> <span class='ocrx_word' id='word_1_766' title='bbox 1880 2379 1964 2422; x_wconf 74' lang='lat' dir='ltr'>legis</span> <span class='ocrx_word' id='word_1_767' title='bbox 1998 2386 2053 2411; x_wconf 75' lang='lat' dir='ltr'>aut</span> <span class='ocrx_word' id='word_1_768' title='bbox 2083 2388 2230 2421; x_wconf 78' lang='lat' dir='ltr'>operum.</span> 
     </span>
    </p>
   </div>
   <div class='ocr_carea' id='block_1_10' title="bbox 1250 2443 1455 2449">
    <p class='ocr_par' dir='ltr' id='par_1_12' title="bbox 1250 2443 1455 2449">
     <span class='ocr_line' id='line_1_107' title="bbox 1250 2443 1455 2449; baseline 0 0"><span class='ocrx_word' id='word_1_769' title='bbox 1250 2443 1455 2449; x_wconf 95' lang='lat' dir='ltr'> </span> 
     </span>
    </p>
   </div>
   <div class='ocr_carea' id='block_1_11' title="bbox 1251 2467 2230 2648">
    <p class='ocr_par' dir='ltr' id='par_1_13' title="bbox 1251 2467 2052 2500">
     <span class='ocr_line' id='line_1_108' title="bbox 1251 2467 2052 2500; baseline -0.004 -8"><span class='ocrx_word' id='word_1_770' title='bbox 1251 2471 1314 2498; x_wconf 65' lang='lat'><strong>5821)</strong></span> <span class='ocrx_word' id='word_1_771' title='bbox 1336 2469 1540 2500; x_wconf 69' lang='lat' dir='ltr'>praedicationi-1</span> <span class='ocrx_word' id='word_1_772' title='bbox 1561 2467 1608 2492; x_wconf 73' lang='lat' dir='ltr'>Ed.</span> <span class='ocrx_word' id='word_1_773' title='bbox 1633 2470 1653 2492; x_wconf 77' lang='lat' dir='ltr'>l.</span> <span class='ocrx_word' id='word_1_774' title='bbox 1676 2473 1726 2500; x_wconf 76' lang='lat' dir='ltr'>typ.</span> <span class='ocrx_word' id='word_1_775' title='bbox 1747 2476 1810 2492; x_wconf 60' lang='lat' dir='ltr'>ert:</span> <span class='ocrx_word' id='word_1_776' title='bbox 1831 2467 2052 2498; x_wconf 75' lang='lat' dir='ltr'>praedidicationc</span> 
     </span>
    </p>

    <p class='ocr_par' dir='ltr' id='par_1_14' title="bbox 1271 2507 2230 2648">
     <span class='ocr_line' id='line_1_109' title="bbox 1271 2507 2228 2542; baseline -0.005 -6"><span class='ocrx_word' id='word_1_777' title='bbox 1271 2511 1298 2542; x_wconf 79' lang='lat'>&#39;)</span> <span class='ocrx_word' id='word_1_778' title='bbox 1321 2512 1360 2535; x_wconf 66' lang='lat' dir='ltr'>,td</span> <span class='ocrx_word' id='word_1_779' title='bbox 1377 2512 1436 2536; x_wconf 72' lang='lat' dir='ltr'>baec</span> <span class='ocrx_word' id='word_1_780' title='bbox 1454 2512 1528 2536; x_wconf 67' lang='lat' dir='ltr'>verba</span> <span class='ocrx_word' id='word_1_781' title='bbox 1554 2511 1716 2535; x_wconf 68' lang='lat' dir='ltr'>Lntherns</span> <span class='ocrx_word' id='word_1_782' title='bbox 1742 2511 1767 2532; x_wconf 74' lang='lat' dir='ltr'>in</span> <span class='ocrx_word' id='word_1_783' title='bbox 1790 2510 1901 2540; x_wconf 55' lang='lat' dir='ltr'>arry-&#39;ne</span> <span class='ocrx_word' id='word_1_784' title='bbox 1917 2509 1978 2540; x_wconf 66' lang='lat' dir='ltr'>solu</span> <span class='ocrx_word' id='word_1_785' title='bbox 2005 2509 2026 2533; x_wconf 78' lang='lat' dir='ltr'>R</span> <span class='ocrx_word' id='word_1_786' title='bbox 2053 2509 2082 2532; x_wconf 63' lang='grc' dir='ltr'><strong>θ</strong></span> <span class='ocrx_word' id='word_1_787' title='bbox 2103 2507 2162 2532; x_wconf 60' lang='lat' dir='ltr'>haec</span> <span class='ocrx_word' id='word_1_788' title='bbox 2186 2507 2228 2532; x_wconf 77' lang='lat' dir='ltr'>ad-</span> 
     </span>
     <span class='ocr_line' id='line_1_110' title="bbox 1320 2543 2230 2578; baseline -0.004 -9"><span class='ocrx_word' id='word_1_789' title='bbox 1320 2547 1418 2578; x_wconf 62' lang='lat' dir='ltr'>ver-&#39;pois</span> <span class='ocrx_word' id='word_1_790' title='bbox 1474 2546 1547 2573; x_wconf 78' lang='lat' dir='ltr'>,Non</span> <span class='ocrx_word' id='word_1_791' title='bbox 1567 2552 1701 2577; x_wconf 70' lang='lat' dir='ltr'>possumus</span> <span class='ocrx_word' id='word_1_792' title='bbox 1721 2545 1863 2570; x_wconf 68' lang='lat' dir='ltr'>remittere.</span> <span class='ocrx_word' id='word_1_793' title='bbox 1885 2545 1934 2567; x_wconf 72' lang='lat' dir='ltr'>nisi</span> <span class='ocrx_word' id='word_1_794' title='bbox 1960 2546 2028 2575; x_wconf 67' lang='lat' dir='ltr'>prins</span> <span class='ocrx_word' id='word_1_795' title='bbox 2048 2544 2180 2567; x_wconf 71' lang='lat' dir='ltr'>remissum</span> <span class='ocrx_word' id='word_1_796' title='bbox 2199 2543 2230 2565; x_wconf 74' lang='lat' dir='ltr'>nit</span> 
     </span>
     <span class='ocr_line' id='line_1_111' title="bbox 1321 2575 2229 2609; baseline -0.004 -5"><span class='ocrx_word' id='word_1_797' title='bbox 1321 2582 1395 2604; x_wconf 70' lang='lat' dir='ltr'>nobis</span> <span class='ocrx_word' id='word_1_798' title='bbox 1414 2586 1438 2603; x_wconf 72' lang='lat' dir='ltr'>ot</span> <span class='ocrx_word' id='word_1_799' title='bbox 1457 2583 1547 2604; x_wconf 70' lang='lat' dir='ltr'>missus</span> <span class='ocrx_word' id='word_1_800' title='bbox 1566 2582 1599 2603; x_wconf 71' lang='lat' dir='ltr'>nit</span> <span class='ocrx_word' id='word_1_801' title='bbox 1618 2580 1691 2603; x_wconf 78' lang='lat' dir='ltr'>nobis</span> <span class='ocrx_word' id='word_1_802' title='bbox 1710 2579 1813 2609; x_wconf 65' lang='lat' dir='ltr'>spiritus</span> <span class='ocrx_word' id='word_1_803' title='bbox 1833 2582 1944 2601; x_wconf 72' lang='lat' dir='ltr'>sanctus.</span> <span class='ocrx_word' id='word_1_804' title='bbox 1983 2577 2063 2606; x_wconf 66' lang='grc' dir='ltr'>60ηῇ</span> <span class='ocrx_word' id='word_1_805' title='bbox 2087 2575 2159 2605; x_wconf 61' lang='lat' dir='ltr'>beist.</span> <span class='ocrx_word' id='word_1_806' title='bbox 2177 2582 2229 2601; x_wconf 68' lang='lat' dir='ltr'>vtrr</span> 
     </span>
     <span class='ocr_line' id='line_1_112' title="bbox 1321 2610 2229 2648; baseline -0.006 -9"><span class='ocrx_word' id='word_1_807' title='bbox 1321 2615 1395 2648; x_wconf 63' lang='lat' dir='ltr'>geben</span> <span class='ocrx_word' id='word_1_808' title='bbox 1415 2615 1480 2640; x_wconf 66' lang='lat' dir='ltr'>uber</span> <span class='ocrx_word' id='word_1_809' title='bbox 1499 2615 1534 2638; x_wconf 84' lang='lat' dir='ltr'>nit</span> <span class='ocrx_word' id='word_1_810' title='bbox 1553 2613 1696 2646; x_wconf 59' lang='lat' dir='ltr'>pernitiem·</span> <span class='ocrx_word' id='word_1_811' title='bbox 1727 2612 1848 2643; x_wconf 51' lang='lat' dir='ltr'>(sp-tm</span> <span class='ocrx_word' id='word_1_812' title='bbox 1868 2613 1883 2636; x_wconf 79' lang='grc' dir='ltr'>Ι.</span> <span class='ocrx_word' id='word_1_813' title='bbox 1905 2613 1919 2636; x_wconf 85' lang='grc' dir='ltr'>Ι.</span> <span class='ocrx_word' id='word_1_814' title='bbox 1938 2620 1963 2644; x_wconf 81' lang='lat' dir='ltr'>p.</span> <span class='ocrx_word' id='word_1_815' title='bbox 1984 2613 2042 2636; x_wconf 65' lang='grc' dir='ltr'>δυ.</span> <span class='ocrx_word' id='word_1_816' title='bbox 2062 2611 2096 2636; x_wconf 66' lang='grc' dir='ltr'>οὗ</span> <span class='ocrx_word' id='word_1_817' title='bbox 2114 2610 2152 2635; x_wconf 66' lang='grc' dir='ltr'>Δία</span> <span class='ocrx_word' id='word_1_818' title='bbox 2167 2619 2229 2643; x_wconf 65' lang='lat' dir='ltr'>pn·-</span> 
     </span>
    </p>
   </div>
   <div class='ocr_carea' id='block_1_12' title="bbox 1321 2649 1562 2681">
    <p class='ocr_par' dir='ltr' id='par_1_15' title="bbox 1321 2649 1562 2681">
     <span class='ocr_line' id='line_1_113' title="bbox 1321 2649 1562 2681; baseline 0 -9"><span class='ocrx_word' id='word_1_819' title='bbox 1321 2649 1395 2681; x_wconf 62' lang='grc' dir='ltr'>ιεφα</span> <span class='ocrx_word' id='word_1_820' title='bbox 1414 2649 1562 2681; x_wconf 54' lang='grc' dir='ltr'>ἅψωμαι.)</span> 
     </span>
    </p>
   </div>
  </div>
 </body>
</html>
