2366 2958
131 177 195 209 617

131 270 266 302 tradunt
289 270 501 312 quaestiones
524 268 790 310 Philosophieas,
814 277 897 310 quas
920 278 1026 309 neque
1048 277 1104 309 po—

132 311 250 355 puluS,
284 323 392 354 neque
414 313 477 353 ipsi
499 313 554 353 qui
583 319 771 353 proponunt
800 310 997 353 intelligunt.
1042 310 1106 342 Po-

132 364 258 387 stremo
282 356 337 396 qui
359 361 437 387 sunt
464 353 726 392 tolerabiliores,
759 353 867 396 legem
891 355 1029 391 docent,
1065 353 1106 384 de

132 399 262 430 iusticia
294 397 369 429 fidei
402 396 482 428 nihil
509 397 632 429 dicunt.
678 396 872 438 Aduersarij
902 397 934 427 in
957 393 1106 426 consuta-

133 442 228 472 cione
250 441 351 471 miras
385 440 575 481 tragoedias
607 446 707 481 agunt
736 440 777 470 de
801 438 1005 471 desolatione
1027 444 1105 468 tem-

131 482 280 525 plorum,
303 483 392 524 quod
414 482 585 520 videlicet,
610 488 698 513 stent
721 485 892 513 inornatae
915 491 1010 518 arae,
1034 481 1105 511 sine

133 524 292 563 candelis,
314 526 386 556 sine
409 525 538 557 statuis.
575 524 644 556 Has
668 534 776 566 nugas
800 525 944 555 iudicant
966 533 1042 554 esse
1055 533 1106 553 or-

132 574 246 600 natum
280 567 515 600 Ecclesiamm.
582 567 700 609 Longe
735 566 831 598 aliam
866 565 1105 597 desolationem

132 610 298 653 significat
315 609 454 648 Daniel,
482 609 635 641 videlicet
657 610 897 651 ignorationem
921 606 1104 650 Euangelij.

131 653 215 685 Nam
239 652 382 694 populus
406 655 544 685 obrutus
573 652 779 684 multitudiue
809 658 841 682 et
864 652 1022 682 varietate
1045 656 1105 681 tra-

132 696 292 728 ditionum
314 703 413 738 atque
437 697 636 737 opinionum,
661 693 753 726 nullo
776 694 873 726 modo
896 694 1001 734 potuit
1019 703 1105 725 com-

131 737 230 780 plecti
243 749 401 770 summam
415 739 585 770 doctrinae
598 737 815 768 Christianae.
851 736 932 772 Quis
953 737 1037 767 enim
1050 746 1106 766 vn-

132 791 230 823 quam
253 782 295 812 de
322 781 448 822 populo
476 780 638 812 intellexit
671 780 852 810 doctrinam
875 780 916 810 de
939 780 1105 820 poeniten-

132 825 200 862 cia,
231 835 328 865 quam
352 825 533 863 aduersarij
564 821 790 854 tradiderunt?
833 821 875 852 Et
904 822 959 853 hic
981 822 1107 862 praeci-

131 877 218 907 puus
249 865 344 898 locus
374 872 425 897 est
450 866 622 897 doctrinae
646 865 872 902 Christianae,
900 865 1107 895 vexabantur

131 910 356 940 conscientiae
396 908 643 939 enumeratione
682 906 876 938 delictorum
911 914 942 938 et
977 905 1106 937 satissa-

131 952 308 983 ctionibuS.
355 950 407 982 De
431 950 506 987 fide,
530 961 594 992 qua
616 950 720 992 gratis
741 950 972 991 consequimur
995 950 1107 980 remis-

131 995 259 1025 sionem
282 1001 505 1035 peccatorum‚
529 992 621 1024 nulla
644 1002 782 1033 prorsus
807 992 907 1024 fiebat
929 993 971 1023 ab
992 993 1107 1023 aduer-

130 1037 230 1076 sarijs
251 1037 390 1074 mencio,
413 1037 454 1067 de
478 1037 646 1075 exercitijs
675 1035 751 1066 fidei
781 1033 935 1066 luctantis
959 1045 1032 1066 cum
1055 1035 1107 1065 de-

131 1079 335 1119 speratione,
359 1079 400 1110 de
423 1079 566 1120 gratuita
589 1078 786 1109 remissione
804 1083 1018 1118 peccatorum
1031 1087 1106 1118 pro-

130 1129 204 1163 pter
217 1121 386 1153 Christum
408 1132 524 1152 omnes
546 1119 631 1158 libri,
655 1130 769 1151 omnes
794 1121 974 1151 conciones
991 1121 1107 1151 aduer-

131 1164 297 1196 sariorum
316 1170 424 1195 mutae
448 1170 552 1195 erant.
589 1164 642 1195 Ad
665 1163 749 1195 haec
772 1163 915 1194 accessit
938 1162 1107 1194 horribilis

130 1206 355 1249 prophanacio
386 1206 579 1244 missarum,
613 1212 644 1237 ct
674 1204 727 1247 alij
759 1204 850 1236 multi
882 1206 969 1247 impij
1000 1204 1108 1236 cultus

128 1251 163 1282 in
188 1248 327 1291 templis.
374 1250 465 1280 Haec
488 1256 539 1280 est
563 1247 746 1286 desolatio,
781 1258 878 1289 quam
902 1247 1021 1279 Daniel
1054 1248 1109 1279 de-

131 1293 258 1324 scribit.

219 1334 365 1366 Econtra
395 1333 458 1365 Dei
486 1333 647 1365 beneficio
677 1333 765 1374 apud
791 1343 854 1364 nos
883 1334 1031 1364 seruiunt
1052 1333 1109 1364 mi-

130 1377 270 1408 nisterio
302 1377 394 1408 verbi
423 1377 636 1414 sacerdotes,
672 1377 794 1407 docent
822 1375 1040 1417 Euangelium
1068 1376 1110 1406 de

131 1419 304 1460 beneficijs
329 1419 470 1457 Christi,
501 1419 679 1450 ostendunt
702 1419 929 1450 remissionem
957 1424 1110 1458 peccato-

130 1472 203 1494 rum
224 1462 329 1503 gratis
353 1462 547 1504 contingere
568 1466 703 1503 propter
726 1459 904 1491 Christum.
940 1461 1031 1491 Haec
1053 1461 1110 1491 do-

132 1505 239 1536 ctrina
281 1504 378 1536 affert
418 1504 544 1535 firmam
586 1502 848 1535 consolationem
883 1503 1109 1544 conscientiis.

131 1547 275 1579 Additur
309 1553 342 1579 et
375 1547 525 1579 doctrina
553 1548 715 1578 bonorum
742 1556 878 1587 operum
907 1556 993 1587 quae
1016 1545 1110 1577 Deus

131 1589 303 1632 praecipit.
354 1588 484 1621 Dicitur
517 1589 559 1620 de
592 1589 751 1631 dignitate
778 1594 876 1629 atque
904 1598 966 1620 vsu
999 1598 1111 1620 sacra-

132 1638 325 1664 mentorum.
381 1631 478 1667 Quod
506 1633 534 1663 si
567 1632 645 1674 iuge
678 1631 876 1662 sacrificium
907 1637 997 1662 esset
1030 1641 1111 1662 vsus

134 1674 345 1713 sacramenti,
360 1680 468 1706 tamen
491 1684 553 1706 nos
573 1675 677 1716 magis
697 1675 924 1712 retineremuS,
946 1684 1043 1715 quam
1055 1674 1111 1704 ad-

133 1718 293 1759 uersarij,
324 1717 402 1758 quia
424 1718 512 1758 apud
533 1716 611 1748 illos
640 1717 835 1748 sacerdotes
858 1717 1014 1748 mercede
1037 1727 1111 1748 con-

134 1761 224 1792 ducti
254 1767 389 1791 vtuntur
419 1766 638 1791 sacramento.
694 1760 793 1800 Apud
821 1769 883 1790 nos
907 1760 1057 1791 crebrior
1080 1765 1112 1790 et

132 1802 321 1845 religiosior
354 1812 435 1833 vsus
470 1809 532 1834 est.
589 1802 674 1834 Nam
712 1801 855 1844 populus
889 1803 1007 1840 vtitur,
1052 1802 1111 1834 sed

155 1846 224 1878 rius
246 1845 432 1883 institutus,
458 1852 557 1887 atque
587 1844 788 1887 exploratus.
833 1844 1005 1876 Docentur
1027 1845 1111 1876 enim

158 1889 285 1919 omines
307 1888 348 1918 de
371 1897 450 1919 vero
473 1899 536 1920 vsu
559 1889 775 1925 sacramenti,
798 1889 884 1929 quod
908 1889 950 1919 ad
975 1886 1039 1919 hoc
1063 1889 1110 1918 in-

133 1932 281 1962 stitutum
314 1930 376 1968 sit,
411 1937 446 1962 vt
479 1931 521 1962 sit
550 1929 710 1972 sigillum,
738 1937 770 1961 et
798 1931 1017 1962 testimonium
1041 1941 1111 1972 gra-

134 1974 237 2005 tuitae
259 1973 464 2004 remissionis
487 1980 710 2014 peccatorum.
747 1973 891 2015 ideoque
915 1974 1034 2005 debeat
1056 1983 1112 2014 pa-

132 2017 228 2048 uidas
260 2015 482 2047 conscientias
513 2017 710 2054 admonere,
739 2023 774 2047 vt
802 2026 881 2048 vere
910 2022 1057 2047 statuant
1081 2022 1113 2047 et

134 2059 273 2090 credant
308 2058 370 2089 sibi
404 2059 508 2099 gratis
537 2059 655 2090 remitti
689 2069 838 2100 peccata.
896 2059 977 2090 Cum
1013 2059 1111 2101 igitur

134 2108 166 2133 et
187 2101 464 2142 praedicationem
489 2100 660 2143 Euangelij
685 2107 717 2132 et
739 2099 916 2144 legitimum
941 2111 1036 2133 vsum
1059 2112 1112 2133 sa-

135 2149 376 2175 cramentorum
399 2144 611 2182 retineamus,
634 2151 743 2175 manet
766 2145 852 2185 apud
875 2155 937 2176 nos
961 2145 1036 2186 iuge
1060 2154 1112 2176 sa-

134 2185 303 2218 crificium.
355 2185 395 2217 Et
424 2188 452 2217 si
477 2187 519 2218 de
543 2193 681 2218 externa
709 2188 822 2228 specie
851 2188 1026 2219 dicendum
1049 2194 1112 2226 est,

133 2228 319 2271 frequentia
356 2229 388 2259 in
418 2228 547 2270 templis
575 2230 666 2271 apud.
693 2239 755 2260 nos
784 2231 888 2262 maior
910 2236 980 2268 est,
1016 2241 1113 2272 quam

134 2272 222 2313 apud
252 2272 477 2303 aduersarios.
527 2271 694 2303 Tenentur
723 2273 809 2304 enim
837 2273 1001 2305 auditoria
1029 2272 1113 2304 vtili-

135 2316 199 2346 bus
222 2320 254 2346 et
276 2315 462 2356 perspicuis
486 2315 714 2347 concionibus.
760 2315 883 2346 Verum
906 2317 1114 2347 aduersario-

135 2368 207 2389 rum
231 2357 414 2388 doctrinam
436 2368 602 2399 nunquam
624 2367 731 2399 neque
755 2357 909 2398 populus,
930 2368 1037 2400 neque
1057 2359 1113 2390 do·

136 2406 247 2432 etores
276 2398 518 2432 intellexerunt.
571 2400 612 2432 Et
640 2410 738 2431 verus
767 2407 903 2432 ornatus
926 2407 976 2433 est
998 2400 1113 2434 Eccle-

137 2444 272 2480 siarum,
294 2443 446 2475 doctrina
469 2444 532 2485 pia,
555 2442 655 2481 vulis,
677 2449 708 2474 et
729 2444 916 2485 perspicua,
938 2454 1018 2475 vsus
1037 2446 1112 2486 pius

137 2491 429 2525 sacramentorum,
452 2487 555 2517 oratio
574 2486 708 2524 ardenS,
726 2492 759 2517 et
770 2484 897 2517 similia.
932 2486 1112 2526 Candelae,

138 2538 220 2560 vasa
249 2537 362 2566 aurea,
395 2534 428 2560 et
461 2527 586 2560 similes
616 2535 772 2567 ornatus,
800 2529 937 2567 decent,
963 2531 1023 2561 sed
1046 2541 1112 2562 non

139 2577 216 2602 sunt
243 2571 396 2611 proprius
426 2578 563 2604 ornatus
591 2570 776 2603 Ecclesiae.
822 2570 919 2607 Quod
942 2572 971 2602 si
995 2573 1112 2604 aduer-

140 2613 220 2654 sarij
240 2615 271 2644 in
290 2612 411 2646 talibus
430 2616 531 2646 rebus
555 2613 721 2646 collocant
739 2613 859 2653 cultus,
882 2625 948 2646 non
967 2615 999 2646 in
1018 2625 1112 2656 prae-

479 176 518 208 u.
561 175 791 208 APOLOGIA
814 174 1134 207 CONFESSIONIS
1156 175 1468 209 AUGUSTANAE.
1514 177 1555 208 B.

1602 177 1790 210 ALTERA.
2076 179 2140 212 618

1160 269 1322 301 dicatione
1353 268 1547 311 Euangelij,
1575 270 1607 300 in
1632 269 1712 308 fide,
1735 271 1766 301 in
1792 273 2026 305 certaminibus
2049 273 2139 311 fidei,

1158 318 1235 342 sunt
1258 313 1288 342 in
1313 312 1384 343 istis
1407 313 1620 350 numerandi,
1650 323 1736 354 quos
1759 312 1878 345 Daniel
1903 316 2061 347 describit
2084 327 2140 348 co-

1158 353 1228 385 lere
1251 355 1357 385 Deum
1380 363 1474 385 suum
1497 365 1590 391 auro,
1614 361 1646 386 ct
1668 362 1823 397 argento.

1245 395 1402 437 Allegant
1422 403 1506 427 etex
1522 396 1672 437 Epistola
1696 399 1737 429 ad
1758 398 1898 430 Ebreos.
1929 400 2044 431 Omnis
2056 400 2141 431 Pon-

1159 437 1238 469 tifex
1261 449 1301 469 ex
1324 439 1511 470 hominibus
1530 447 1743 480 assumptus,
1767 452 1828 481 pro
1852 441 2040 474 hominibus
2065 453 2142 475 con·

1159 481 1303 512 stituitur
1325 482 1357 511 in
1381 481 1432 512 his
1456 492 1541 522 quae
1561 489 1637 513 sunt
1661 484 1702 514 ad
1723 482 1842 522 Deum,
1867 491 1901 515 vt
1921 485 2037 516 offerat
2056 486 2143 517 dona

1159 530 1192 555 et
1213 523 1378 555 sacrificia
1400 534 1460 564 pro
1484 525 1640 564 peccatis.
1688 525 1772 556 Hinc
1795 527 2044 565 ratiocinantur,
2070 539 2142 559 cum

1159 567 1191 597 in
1220 576 1308 597 nouo
1337 572 1534 597 testamento
1566 567 1632 598 sint
1661 566 1841 600 Pontifices
1873 576 1903 601 et
1929 571 2143 611 Sacerdotes,

1159 609 1308 650 sequitur
1331 609 1419 649 quod
1434 609 1475 639 sit
1495 615 1525 639 et
1539 609 1739 641 sacrificium
1760 610 1895 653 aliquod
1908 623 1968 654 pro
1983 614 2142 654 peccatis

1160 652 1221 683 Hic
1243 650 1339 682 locus
1371 649 1424 682 vel
1451 652 1592 682 maxime
1615 659 1726 684 mouet
1751 654 1921 695 indoctos,
1946 656 2144 697 praesertim

1160 705 1234 726 cum
1257 693 1312 725 illa
1334 703 1454 735 pompa
1482 694 1660 735 sacerdotij
1692 702 1724 726 et
1753 696 1990 728 sacrificiorum
2023 699 2144 729 veteris

1159 737 1346 768 testamenti
1377 735 1553 767 offunditur
1582 737 1700 768 oculis.
1754 738 1845 770 Haec
1875 739 2051 771 similitudo
2091 741 2145 772 de-

1160 781 1237 821 cipit
1271 780 1457 820 imperitos,
1495 786 1528 810 vt
1560 779 1703 810 iudicent
1738 789 1893 821 oportere
1930 784 1971 813 ad
2003 784 2145 814 eundem

1159 823 1292 853 modum
1315 822 1402 863 apud
1427 831 1488 851 nos
1512 822 1655 853 existere
1685 822 1822 864 aliquod
1847 824 2070 857 ceremoniale
2093 836 2146 857 sa-

1160 865 1318 897 crificium
1346 863 1576 906 applicandum
1603 875 1664 905 pro
1690 867 1835 905 peccatis
1865 866 2023 907 aliorum,
2055 868 2143 900 sicut

1159 909 1192 939 in
1223 908 1325 939 veteri
1355 913 1564 938 testamento.
1613 907 1728 949 Neque
1759 907 1847 939 aliud
1874 916 1926 940 est
1954 909 2010 941 ille
2033 910 2143 942 cultus

1160 951 1354 988 missarum,
1375 956 1408 980 et
1431 949 1559 991 reliqua
1580 949 1695 991 politia
1719 950 1848 991 Papae,
1873 962 1970 993 quam
1994 952 2145 985 Leuitica

1161 992 1271 1035 politia
1293 991 1380 1024 male
1402 991 1584 1023 intellecta.
1603 995 1655 1029 ⁷⁹)

1246 1035 1286 1066 Et
1315 1046 1389 1066 cum
1413 1035 1584 1066 sentencia
1612 1042 1727 1066 nostra
1757 1035 1875 1067 habeat
1900 1038 2080 1078 praecipua
2102 1046 2146 1069 te-

1160 1079 1313 1109 stimonia
1343 1078 1375 1108 in
1404 1076 1555 1117 Epistola
1583 1078 1625 1108 ad
1649 1077 1796 1117 Ebreos,
1826 1084 1933 1110 tamen
1958 1080 2143 1122 aduersarij

1160 1121 1256 1153 locos
1281 1131 1322 1152 ex
1352 1119 1407 1151 illa
1431 1118 1580 1161 Epistola
1603 1127 1777 1152 truncatos
1810 1128 1926 1153 contra
1952 1132 2014 1153 nos
2039 1123 2144 1154 detor-

1161 1169 1279 1206 quent,
1303 1170 1339 1194 vt
1367 1164 1398 1193 in
1424 1163 1489 1193 hoc
1512 1163 1584 1203 ipso
1610 1162 1706 1200 loct),
1730 1164 1785 1194 vbi
1809 1165 1927 1196 dicitur
1950 1164 2144 1197 Pontificem

1163 1207 1335 1242 constitui,
1370 1211 1405 1236 vt
1439 1204 1553 1236 offerat
1587 1205 1751 1237 sacrificia
1773 1217 1833 1247 pro
1857 1208 2024 1247 peccatis,
2059 1208 2146 1240 Seri·

1161 1256 1258 1290 ptura
1298 1249 1370 1289 ipsa
1410 1249 1519 1279 statim
1568 1249 1682 1279 attexit
1728 1248 1895 1281 Christum
1935 1249 2145 1282 Pontificem.

1164 1292 1274 1323 Verba
1287 1290 1519 1332 praecedentia
1532 1291 1573 1321 (le
1584 1290 1731 1322 Leuitico
1751 1293 1939 1323 sacerdotio
1953 1291 2146 1334 loquuntur,

1162 1341 1195 1366 et
1205 1334 1394 1376 significant
1413 1333 1593 1364 Leuiticum
1608 1333 1838 1365 Pontificatum
1852 1333 1955 1367 fuisse
1968 1336 2143 1378 imaginem

1163 1376 1379 1409 Pontificatus
1409 1375 1543 1407 Christi.
1603 1375 1687 1407 Nam
1721 1377 1884 1408 sacrificia
1907 1378 2055 1410 Leuitica
2083 1389 2144 1420 pro

1163 1420 1328 1461 peccatis,
1358 1428 1425 1450 non
1448 1419 1662 1450 merebantur
1684 1420 1912 1451 remissionem
1935 1427 2145 1461 peccatorum

1164 1473 1275 1493 coram
1298 1461 1392 1499 Deo,
1422 1467 1548 1492 tantum
1578 1467 1671 1492 erant
1693 1462 1802 1503 imago
1831 1463 1985 1504 sacrificij
2011 1463 2145 1503 Christi,

1164 1505 1252 1547 quod
1265 1515 1364 1536 vnum
1387 1502 1532 1535 futurum
1552 1510 1621 1535 erat
1640 1505 1906 1546 propiciatorium
1926 1506 2141 1545 sacrificium,

1163 1554 1198 1579 vt
1216 1557 1317 1588 supra
1341 1547 1493 1578 diximus.
1538 1545 1650 1588 ltaque
1673 1546 1823 1587 Epistola
1847 1559 1965 1590 magna
1985 1559 2026 1580 ex
2051 1554 2145 1590 parte

1165 1591 1371 1622 consumitur
1394 1590 1426 1620 in
1449 1588 1514 1620 hoc
1545 1588 1636 1627 loco,
1670 1590 1758 1631 quod
1786 1597 1883 1622 vetus
1913 1591 2144 1630 pontificatus,

1164 1640 1197 1665 et
1230 1640 1345 1664 vetera
1368 1631 1533 1663 sacrificia
1566 1642 1632 1663 non
1661 1631 1782 1664 suerint
1808 1634 1849 1664 ad
1872 1634 1956 1665 haec
1971 1635 2024 1673 ³⁰)
2054 1635 2145 1666 insti-

1163 1682 1244 1714 tuta,
1265 1681 1301 1707 vt
1322 1680 1527 1706 mererentur
1547 1675 1777 1706 remissionem
1800 1683 2013 1717 peccatorum
2033 1687 2145 1709 coram

1164 1719 1250 1756 Deo,
1279 1728 1339 1749 seu
1362 1716 1682 1756 reconciliationem,
1716 1719 1776 1749 sed
1802 1725 1925 1749 tantum
1954 1719 1996 1750 ad
2020 1719 2143 1761 signifi-

1164 1761 1306 1793 candum
1327 1759 1471 1792 futurum
1494 1759 1712 1798 sacrificium,
1736 1761 1832 1793 vnius
1856 1760 1990 1793 Christi.
2038 1762 2144 1803 Opor-

1164 1805 1224 1836 tuit
1253 1804 1338 1835 enim
1369 1808 1507 1833 sanctos
1542 1803 1574 1833 in
1608 1803 1710 1833 veteri
1745 1810 1945 1836 testamento
1974 1804 2144 1837 iustificari

1164 1847 1246 1884 fide,
1279 1855 1320 1877 ex
1343 1845 1565 1887 promissione
1588 1846 1792 1877 remissionis
1821 1852 2053 1887 peccatorum,
2087 1849 2144 1879 do-

1163 1889 1293 1921 nandae
1321 1893 1455 1929 propter
1483 1887 1670 1926 Christum,
1700 1889 1786 1920 sicut
1810 1895 1841 1920 et
1868 1892 1973 1921 sancti
2002 1890 2033 1920 in
2055 1900 2144 1922 nouo

1164 1938 1360 1964 testamento
1388 1929 1616 1962 iustificantur.
1661 1931 1785 1962 Omnes
1808 1938 1953 1966 ‚sanctos
1982 1933 2024 1963 ab
2053 1933 2144 1964 initio

1164 1975 1275 2007 mnndi
1303 1974 1426 2005 sentire
1457 1974 1617 2013 oportuit,
1652 1972 1792 2005 hostiam
1821 1981 1853 2006 et
1883 1973 2144 2007 satisfactionem

1164 2017 1237 2049 fore
1269 2028 1330 2058 pro
1359 2020 1516 2057 peccam,
1551 2015 1719 2048 Christum
1753 2018 1807 2058 qui
1842 2018 2026 2058 promissus
2060 2025 2143 2056 erat,

1165 2061 1250 2092 sicut
1286 2060 1404 2090 Esaias
1438 2059 1535 2089 docet
1571 2057 1652 2099 Cap.
1681 2058 1738 2099 liij.
1792 2059 1874 2091 Cum
1902 2061 2050 2102 posuerit
2076 2061 2144 2091 ani-

1164 2114 1250 2134 mam
1278 2113 1373 2134 suam
1403 2101 1545 2132 hostiam
1574 2112 1636 2142 pro
1659 2108 1797 2142 peccato
1817 2109 1880 2134 etc.
1931 2102 2012 2134 Cum
2042 2103 2144 2145 igitur

1165 2147 1197 2177 in
1219 2147 1322 2177 veteri
1352 2150 1552 2176 testamento
1576 2144 1741 2176 sacrificia
1770 2156 1837 2177 non
1868 2151 2071 2177 mererentur
2093 2155 2143 2177 re-

1166 2188 1449 2225 conciliationem,
1490 2187 1552 2217 nisi
1586 2186 1794 2219 similitudine
1829 2188 1981 2229 quadam.
2037 2187 2144 2219 Mere-

1165 2233 1284 2263 bantur
1313 2231 1397 2262 enim
1421 2228 1722 2262 reconciliationem
1747 2229 1930 2271 politicam,
1961 2231 2020 2262 sed
2044 2231 2143 2272 signi-

1165 2274 1302 2306 ficarent
1342 2279 1515 2305 venturum
1557 2272 1752 2305 sacrificium
1767 2296 1776 2311 ,
1817 2273 1972 2315 Sequitur
2012 2274 2143 2304 vnicum

1165 2327 1243 2349 esse
1275 2316 1473 2348 samificium
1508 2314 1647 2353 Christi,
1677 2315 1876 2356 applicatum
1910 2325 1971 2360 prp
2003 2314 2141 2348 aliorum

1166 2361 1322 2401 peccatis.
1378 2357 1510 2390 Nullum
1544 2358 1642 2399 igitur
1670 2357 1830 2399 reliquum
1853 2364 1903 2389 est
1920 2353 1959 2390 in
1982 2368 2072 2390 nouo
2095 2364 2141 2390 te-

1166 2409 1330 2435 stamento
1370 2400 1566 2433 sacrificium
1611 2399 1841 2441 applicandum
1891 2402 1927 2442 p*
1960 2402 1965 2414 ·“
1990 2402 2138 2443 peccatis

1165 2445 1316 2484 aliorum,
1337 2451 1469 2487 praeter
1490 2453 1588 2474 vnum
1611 2442 1733 2474 Christi
1754 2443 1918 2475 sacrificiu
1969 2444 2002 2475 in
2026 2453 2137 2476 cruce.

1165 2550 1209 2581 79)
1230 2549 1345 2573 Leuitica
1372 2549 1462 2579 politia
1489 2548 1554 2571 male
1582 2546 1734 2577 intellecta]
1763 2547 1844 2571 Editt.
1873 2547 1962 2571 2—4.:

1232 2584 1363 2607 Leuiticae
1383 2582 1488 2613 politiae
1507 2582 1573 2605 male
1590 2581 1746 2606 intellectae.

1166 2626 1211 2657 ao)
1231 2625 1305 2657 haec]
1325 2625 1406 2649 Eam.
1427 2624 1513 2648 2—4.:
1532 2624 1583 2648 hoc

1996 2545 2135 2575 κακοζηλία
