2366 2958
239 185 308 218 463

240 281 290 306 bus
308 279 353 304 ille
371 280 398 304 in
421 279 511 304 eadem
533 286 563 304 re
590 286 650 304 vsu·
672 279 723 311 est)
748 279 844 304 Sensus
870 280 955 304 earnis
977 287 1047 305 mors
1070 284 1122 310 est,
1148 280 1222 312 quid-

241 314 305 347 quid
323 321 385 339 caro
405 315 522 346 percipit,
542 314 651 345 cogitat,
669 315 724 344 agit
742 321 804 344 erga
816 314 911 345 Deum,
929 315 958 339 id
975 322 1028 339 non
1043 315 1158 340 viuificat
1174 315 1223 340 ho·

241 349 348 378 minem,
378 355 431 373 non
462 348 610 373 consolatur
636 348 730 377 corda,
755 352 847 372 contra
871 350 936 374 iram
962 352 989 373 et
1015 349 1139 374 iudicium
1160 350 1221 375 Dei.

242 383 340 408 Sensus
359 383 444 407 carnis
462 383 603 407 inimicicia
621 386 659 405 est
677 383 800 406 aduersus
824 383 917 408 Deum.
955 383 1022 408 Caro
1047 383 1114 416 (fol.
1134 383 1152 408 k
1173 384 1221 416 1¹³)

242 418 311 441 eni·
329 421 374 441 aut
392 424 481 441 secura
499 417 642 440 contemnit
660 416 783 440 iudicium
802 416 862 447 Dei,
881 421 926 441 aut
943 417 1020 449 fugit,
1038 422 1064 442 et
1081 419 1138 443 odit
1154 419 1222 443 indi-

241 458 357 481 cantem,
383 455 408 475 et
432 452 589 482 punientem.
627 450 739 474 Tantum
761 451 803 475 lex
828 451 907 476 efficit
928 453 984 477 sine
1008 453 1094 484 gratia
1118 457 1145 477 et
1161 453 1221 482 fide,

239 490 267 510 vt
286 486 380 510 Paulus
398 486 490 516 inquit,
508 485 563 508 Lex
583 485 649 508 iram
667 489 803 516 operatur,
823 487 884 517 quia
901 485 1015 511 humana
1032 491 1125 512 natura
1143 494 1222 518 aegre

240 520 292 544 fert
309 528 337 544 se
355 521 464 545 vinculis
484 519 550 549 legis
569 519 665 547 teneri,
689 519 770 543 multo
795 521 876 551 magis
901 525 988 545 antem
1011 522 1130 546 irascitur
1153 521 1222 551 Deo,

240 562 297 579 cum
317 555 361 578 lex
379 553 555 585 perterrefacit
574 553 772 583 conscientiam,
796 554 830 578 Et
854 555 915 586 quia
939 562 1070 588 nunquam
1093 556 1223 581 satisfaci-

239 596 296 613 mus
323 589 390 619 legi,
417 588 477 611 ideo
505 594 606 619 semper
628 591 733 612 accusat
756 588 813 619 lex,
838 588 898 613 Non
923 590 1001 621 igitur
1025 590 1147 614 iustificat
1169 590 1221 615 lex.

239 623 298 647 Huc
317 623 448 654 pertinent
467 626 492 645 et
509 622 665 651 sentenciae,
685 620 768 646 Omne
786 624 857 654 quod
876 631 928 648 non
948 628 987 648 est
1004 631 1038 648 ex
1059 625 1111 649 fide
1130 632 1221 656 pecca-

239 661 293 681 tum
311 660 356 681 est.
393 657 467 686 Item,
485 655 547 680 sine
566 656 617 680 fide
636 657 796 688 impossibile
815 662 853 681 est
872 659 974 690 placere
992 659 1072 688 Deo,
1088 659 1136 683 Est
1153 660 1222 684 enim

238 691 302 716 fides
321 698 387 723 quae
406 697 466 714 vere
484 691 563 714 sentit
579 690 666 714 Deum
684 693 816 716 remittere
833 697 949 724 peccata.

309 734 374 759 Cum
399 737 485 757 autem
507 733 570 756 talia
597 738 704 764 peccata
727 739 838 764 regnent
861 735 889 759 in
913 739 1007 759 natura
1029 735 1154 766 humana,
1178 736 1223 761 vbi

239 768 312 792 deest
329 768 424 799 gratia,
442 767 520 799 impie
539 769 657 791 seneiunt
675 768 818 793 aduersarii
837 771 934 800 nostri,
960 770 1003 801 qui
1029 770 1119 794 dicunt
1137 769 1222 795 homi-

238 810 298 827 nem
316 803 372 825 sine
391 802 476 833 gratia
494 809 571 833 posse
589 807 730 834 praecepta
747 803 798 827 Dei
817 803 910 828 facere.
948 804 1014 827 Item
1040 811 1093 827 non
1112 811 1222 835 peccare

237 837 369 861 hominem
388 837 443 860 sine
461 836 550 867 gracia
568 835 704 861 facientem
727 842 858 870 precepta.
894 838 960 862 Item
984 841 1056 862 actus
1080 842 1139 870 post
1162 846 1221 870 gra·

237 872 302 896 riam
319 878 372 895 non
391 870 498 895 differre
515 871 602 901 specie
621 871 653 895 ab
672 872 772 895 actibus
798 872 1026 903 praecedentibus,
1052 873 1114 904 quia
1136 874 1223 903 gratia

237 910 336 930 tautum
360 905 440 929 addat
463 909 609 936 respectum
630 906 765 930 meritorii.
801 907 856 930 Hos
881 913 981 930 errores
1005 913 1101 937 magna
1123 907 1221 931 autori-

237 943 291 964 tate
309 939 395 963 multis
413 940 464 963 iam
483 939 576 963 seculis
595 939 768 964 defenderunt
791 941 817 964 in
841 940 936 964 scholis
959 940 1103 965 aduersarii
1126 942 1220 972 nostri,

237 974 453 1006 applaudentibus
471 974 574 998 iuterim
592 974 776 1003 Pontificibus,
795 975 839 1006 qui
858 975 989 999 debebant
1011 975 1165 1006 prohibere,
1187 983 1222 1000 ne

239 1009 319 1040 impia
337 1009 461 1039 dogmata
479 1012 611 1039 serperent
629 1009 656 1032 in
674 1009 826 1032 Ecclesiam.
862 1009 896 1033 Hi
920 1017 977 1033 cum
999 1009 1080 1041 longo
1105 1013 1222 1041 tempore

238 1043 279 1067 sui
303 1042 384 1068 officii
407 1049 460 1066 non
491 1043 670 1071 meminerint,
692 1047 747 1066 tum
777 1043 879 1067 demum
903 1045 1064 1068 commoneri
1087 1048 1221 1076 ceperunt,

237 1081 375 1109 postquam
403 1077 538 1108 tyrannica
562 1081 678 1108 potestas
701 1076 788 1108 Papae
813 1081 839 1101 et
862 1078 1040 1109 indulgentiae
1063 1079 1090 1102 in
1116 1079 1222 1103 dubium

236 1117 344 1137 vocatae
362 1116 429 1136 sunt.
467 1109 537 1139 Quid
555 1118 618 1134 vero
638 1112 670 1135 de
688 1112 782 1142 gratia,
801 1112 833 1135 de
851 1113 955 1136 iusticia
973 1112 1044 1143 fidei,
1062 1113 1095 1137 de
1115 1112 1220 1138 Christo

237 1146 362 1171 doceatur
380 1147 407 1170 in
426 1146 560 1175 Ecdesiis,
580 1145 643 1169 nibil
662 1146 696 1169 ad
714 1153 742 1169 se
761 1147 892 1177 pertinere
910 1150 1013 1178 putant.

305 1189 397 1220 Neque
417 1195 478 1211 vero
497 1195 561 1219 opus
581 1192 619 1212 est
637 1188 680 1212 hic
697 1188 820 1219 longiore
839 1189 1027 1221 disputacione,
1048 1190 1082 1214 ad
1094 1190 1222 1214 reuellen-

237 1223 284 1248 dos
304 1229 404 1246 errores
429 1224 509 1251 istos,
535 1229 599 1253 quos
623 1230 703 1254 supra
726 1224 917 1254 recensuimus,
944 1232 1001 1248 cum
1025 1224 1093 1248 hanc
1118 1232 1221 1249 causam

235 1258 344 1289 copiose
362 1257 515 1281 tractauerit
533 1257 695 1288 Augustinus
715 1261 805 1281 contra
823 1258 1001 1290 Pelagianos,
1020 1262 1046 1283 et
1062 1259 1221 1284 Ambrosius

234 1292 267 1316 de
286 1292 426 1316 vocatione
445 1291 574 1322 gentium,
594 1295 620 1315 et
638 1293 664 1315 in
685 1292 804 1323 epistolis
822 1293 987 1324 quibusdam.

303 1334 370 1366 (fol.
389 1334 406 1357 k
425 1334 473 1365 2⁸)
494 1332 648 1366 Quanquam
671 1335 740 1358 enim
763 1335 890 1367 scriptura
913 1336 976 1360 satis
999 1336 1069 1360 clare
1092 1337 1222 1368 improbet

233 1369 346 1393 humana
365 1369 474 1398 merita,
495 1372 580 1393 tamen
599 1373 624 1392 et
643 1369 735 1392 horum
753 1371 892 1394 autoritate
912 1377 959 1394 nos
978 1374 1094 1401 tuemur,
1121 1378 1153 1395 ne
1173 1378 1220 1395 no-

234 1411 294 1427 uam
304 1403 447 1434 scripturae
458 1403 704 1434 interpretacionem
716 1405 874 1429 comminisci
890 1405 1032 1430 videamur.
1053 1404 1124 1435 Quid
1136 1409 1222 1430 autem

233 1438 354 1462 intererit
373 1438 440 1461 inter
459 1437 561 1462 ciuilem
579 1445 624 1462 seu
643 1438 852 1470 philosophicam
874 1440 1021 1469 iusticiam,
1047 1443 1072 1463 et
1096 1439 1220 1464 Christia-

232 1480 302 1502 nam,
321 1473 344 1496 si
364 1471 428 1496 nibil
448 1472 557 1503 requirit
574 1472 646 1496 Deus
665 1472 715 1496 nisi
734 1480 829 1504 mores,
850 1481 915 1504 quos
932 1475 1000 1498 ratio
1015 1473 1113 1498 efficit?
1132 1473 1221 1503 Quare

233 1506 353 1531 Christus
373 1507 449 1530 datus
469 1510 522 1536 est,
546 1507 570 1531 si
588 1514 637 1531 nos
656 1514 792 1538 possumus
812 1515 868 1532 esse
888 1509 962 1538 iusti,
987 1512 1078 1533 nostra
1100 1509 1220 1533 iusticia?

235 1540 366 1570 Quorsum
394 1540 444 1565 fnit
468 1548 532 1572 opus
559 1542 651 1572 spiritu
677 1545 782 1571 sancto,
809 1542 831 1565 si
855 1549 902 1566 nos
925 1550 1058 1573 possumus
1083 1547 1222 1574 praecepta

236 1575 288 1600 Dei
307 1576 411 1600 facere?
447 1576 486 1599 Ac
504 1575 597 1599 scimus
616 1576 660 1600 diu
678 1577 730 1600 iam
749 1577 817 1600 inter
835 1577 926 1600 doctos
946 1578 1044 1601 versari
1064 1577 1222 1609 disputacio-

237 1617 306 1639 nem,
324 1610 387 1641 quid
404 1610 514 1639 intersit,
532 1610 600 1634 inter
619 1611 765 1634 doctrinam
785 1610 967 1641 Christianam,
987 1615 1012 1635 et
1030 1611 1222 1644 philosophiam

237 1645 269 1669 de
287 1644 412 1674 moribus,
432 1646 471 1668 Ac
490 1645 563 1668 multi
582 1649 641 1668 sunt
658 1645 684 1668 in
703 1652 734 1669 eo
754 1652 857 1675 errore,
883 1650 910 1669 vt
933 1647 1049 1670 iudicent
1067 1647 1134 1670 inter
1157 1647 1222 1671 haec

236 1679 372 1703 doctrinae
391 1685 489 1710 genera
507 1678 572 1703 nihil
591 1679 726 1704 interesse.
764 1679 840 1704 Vnde
858 1685 1029 1705 manauernnt
1052 1680 1102 1705 hae
1125 1682 1222 1713 impiae

234 1714 426 1746 persuasiones.
446 1714 495 1738 nisi
515 1721 547 1737 ex
567 1713 688 1738 doctrina
711 1714 869 1739 scholastica
891 1715 923 1739 de
947 1716 1062 1745 meritis,
1087 1720 1113 1739 et
1136 1716 1220 1740 libero

233 1748 354 1777 arbitrio,
373 1748 416 1771 vbi
436 1747 498 1771 nihil
518 1748 669 1772 tradebatur
687 1749 720 1772 de
745 1749 876 1780 impietate
901 1750 1018 1773 cordium
1042 1757 1104 1781 erga
1127 1750 1221 1780 Deum,

234 1781 301 1807 nihil
321 1783 354 1806 do
378 1782 511 1806 beneficiis
537 1781 648 1812 Christi,
674 1787 701 1806 et
725 1783 756 1807 de
779 1783 831 1807 fide
856 1783 1068 1815 apprehendente
1093 1785 1221 1809 beneficia

235 1816 343 1847 Christi,
362 1821 387 1840 ct
404 1817 527 1841 noticiam
546 1817 604 1842 Dei.
640 1817 753 1841 Tantum
775 1822 915 1849 praecepta
937 1819 970 1842 de
995 1819 1110 1843 moribus
1134 1819 1220 1843 trade-

233 1852 336 1881 bantur,
355 1858 420 1882 quae
439 1855 499 1875 sunt
517 1851 607 1875 eadem
626 1852 694 1883 apud
713 1851 899 1884 philosophos.
926 1852 990 1877 Ideo
1009 1854 1108 1877 nullum
1129 1854 1219 1878 discri-

233 1893 291 1910 men
311 1887 378 1909 inter
396 1885 588 1916 philosophiam
609 1890 634 1909 et
651 1886 824 1918 Euangelium
844 1887 1012 1918 cernebatur,
1029 1888 1085 1912 xmo
1105 1887 1219 1920 philoso-

232 1920 294 1952 phia
312 1921 395 1951 magis
415 1921 492 1944 etiam
512 1920 692 1945 blandiebatur
710 1921 858 1945 hominibus
877 1923 1038 1953 ingeniosis,
1063 1923 1123 1954 quia
1147 1923 1219 1947 vide-

233 1959 275 1978 tnr
298 1954 418 1978 subtilius
441 1955 574 1986 disputare
598 1955 630 1979 de
655 1956 768 1980 moribus
793 1960 819 1980 et
843 1957 927 1981 causis
953 1957 1122 1981 honestorum
1145 1965 1219 1988 prae-

233 1993 382 2020 ceptorum,
404 1989 441 2013 Et
463 1990 580 2013 nouimus
608 1990 716 2020 multos,
743 1992 787 2022 qni
815 1998 863 2022 pro
888 1991 996 2016 Christo
1027 1992 1165 2016 tradebant
1191 1992 1219 2016 in

235 2023 361 2048 Eccleaiis
381 2024 563 2053 Aristotelem,
587 2028 613 2047 et
631 2029 721 2048 extant
740 2026 902 2057 quorundam
920 2026 1031 2058 scripta,
1050 2027 1094 2058 qni
1112 2027 1220 2057 quocies

237 2062 389 2089 comparant
408 2058 539 2082 Christum
563 2066 620 2082 cum
643 2059 769 2090 Socrate,
792 2064 836 2083 aut
858 2060 978 2091 Zenone,
1004 2060 1068 2084 nihil
1093 2061 1221 2092 colligunt

234 2093 283 2116 nisi
311 2092 507 2117 similitudinem
535 2098 752 2125 praeceptorum,
778 2095 852 2125 quasi
880 2102 944 2119 vero
969 2095 1088 2119 Christus
1113 2095 1147 2119 ad
1171 2095 1222 2120 hoo

233 2127 346 2156 venerit,
367 2131 393 2150 vt
411 2127 519 2150 doceret
538 2132 676 2159 praecepta
694 2129 726 2151 de
746 2129 870 2158 moribus,
889 2136 919 2153 ac
938 2136 990 2153 non
1009 2130 1106 2161 magis,
1130 2134 1156 2153 vt
1175 2138 1220 2154 an-

234 2162 371 2185 nunciaret
401 2162 578 2186 remissionem
607 2167 787 2193 peccatorum,
814 2168 839 2187 et
863 2164 939 2188 daret
960 2164 1082 2196 spiritum
1101 2169 1220 2189 sanctum

233 2195 410 2220 credentibus.

302 2238 371 2262 Hinc
396 2238 538 2262 tex-'terunt
560 2238 609 2262 hae
637 2239 832 2271 ‹lisputariones
856 2244 1020 2272 nostrorum,
1050 2241 1115 2273 (sol.
1135 2241 1152 2266 lt
1171 2242 1220 2274 2¹²)

234 2273 266 2297 de
284 2274 383 2297 meritis
403 2274 446 2303 qui
466 2273 689 2305 reprehenderunt
708 2274 837 2306 publicum
857 2283 985 2306 errorem,
1005 2280 1031 2300 et
1050 2276 1221 2301 ostenderunt

235 2307 361 2332 beneficia
380 2307 492 2337 Christi.
513 2312 539 2332 et
557 2309 592 2332 ita
611 2308 755 2332 docuerunt
779 2310 882 2333 morium
909 2311 1117 2341 iustificationis,
1142 2314 1169 2334 vt
1195 2314 1221 2335 et

235 2340 330 2366 Christi
351 2343 437 2373 gloria
455 2343 536 2373 magis
556 2344 758 2375 conspiceretur.
778 2348 804 2367 et
823 2346 1000 2369 conscientiae
1019 2345 1146 2369 haberent
1164 2352 1220 2370 cor-

235 2381 296 2406 tun,
315 2381 340 2399 et
359 2377 457 2401 firmam
476 2377 692 2402 consolationem.
730 2377 796 2402 Nam
816 2379 937 2403 doctrina
955 2380 988 2404 de
1012 2381 1111 2404 meritis
1138 2380 1220 2412 dupli-

234 2411 297 2434 citer
322 2416 407 2435 nocet.
446 2411 558 2435 Primum
581 2413 644 2444 quia
673 2413 795 2436 obscurat
818 2413 930 2443 gloriam
955 2413 1067 2444 Christi,
1092 2415 1154 2446 qnia
1177 2415 1220 2446 qui

234 2445 284 2468 suis
305 2446 426 2476 „peribus
447 2451 554 2469 conatur
572 2447 666 2471 mereri
693 2447 917 2477 instinc-tionem,
942 2449 962 2471 is
987 2456 1040 2473 non
1064 2450 1143 2473 sentit
1169 2449 1219 2473 sibi

234 2479 326 2503 donari
347 2481 474 2504 iii-tioium
494 2485 601 2512 propter
620 2480 769 2512 Christum,
794 2482 840 2505 sod
860 2487 966 2514 propter
991 2484 1095 2515 propria
1120 2484 1219 2508 merita.

234 2513 324 2545 tuque
348 2516 445 2538 nmis-o
470 2516 614 2539 mediatore
639 2515 759 2546 Christo,
784 2518 889 2548 propris.
913 2518 1006 2540 merita
1030 2519 1141 2549 opponit
1165 2518 1220 2542 ino

233 2547 294 2578 Dei,
313 2549 371 2571 loco
391 2550 550 2574 mediatoris.
586 2550 708 2575 Secundo
733 2554 778 2575 aut
801 2552 1036 2583 praesumptionem
1062 2556 1107 2576 aut
1130 2553 1220 2584 despe-

233 2583 363 2606 rationem
395 2586 462 2615 parit
488 2585 609 2608 doctrina
633 2586 665 2609 de
690 2586 803 2615 meritis,
828 2586 887 2617 qnia
913 2588 1018 2611 ociosa·-
1042 2588 1220 2611 conscientiae

234 2617 314 2648 impie
334 2617 471 2642 confidunt
489 2621 541 2643 auis
560 2620 653 2649 donis.
673 2620 781 2650 viribus,
800 2624 826 2644 et
844 2621 975 2652 operibus.
1006 2621 1123 2645 Brontra
1146 2622 1219 2654 paui·

235 2651 285 2675 du
304 2651 479 2676 conscientiae
497 2660 628 2685 nunquam
646 2658 754 2686 possunt
778 2655 958 2686 acqui-em.
983 2662 1014 2680 ac
1032 2656 1143 2681 subinde
1167 2656 1221 2681 alla

691 185 803 218 PHlL.
827 185 934 219 MEL.
954 184 1142 219 SCRIPTA
1162 183 1436 219 DOGMA'HCA
1456 185 1516 219 ET
1538 184 1811 220 SYMBOLch.

1243 1929 1248 1949 l

1270 1989 1462 2015 tentacionibus
1481 1989 1690 2014 consolationem
1708 1988 1760 2011 fide
1778 1990 1905 2020 accipere.

2194 192 2262 226 464

1275 287 1357 312 opera
1374 282 1494 312 querunt,
1512 282 1541 304 vt
1557 282 1707 304 mereantur
1728 281 1852 312 gratiam.
1887 280 1953 306 Inde
1975 288 2113 309 creuerunt
2136 285 2270 312 obscum.

1276 315 1370 345 tiones,
1389 314 1472 338 cultus
1492 318 1518 338 et
1535 318 1606 338 vota.
1641 313 1734 347 Neque
1753 317 1840 340 tamen
1858 315 1924 340 haee
1947 316 2060 342 afferunt
2081 326 2172 351 pacem
2196 328 2261 347 ωῃ.

1275 349 1401 378 scientiis,
1419 355 1503 380 neque
1522 348 1690 373 consolantur
1715 349 1798 374 corda
1820 350 1848 374 in
1873 349 1970 375 iudicio
1993 351 2054 377 Dei.
2090 353 2182 386 Imque
2202 358 2260 380 tan-

1275 383 1334 407 dem
1351 383 1467 413 adigitur
1485 382 1520 406 ad
1538 383 1747 414 desperationem
1766 384 1927 408 conscientia
1944 385 2086 418 ignorans,
2110 389 2182 420 quod
2198 396 2260 421 gr.-

1275 418 1308 441 tis
1327 417 1450 441 iustificet
1468 417 1603 441 credentes
1620 417 1694 442 Deus
1712 421 1821 449 propter
1839 418 1980 444 Christum.

1343 463 1486 496 Postquam
1504 468 1591 488 autem
1610 464 1785 496 exposuimus,
1804 472 1884 497 quare
1901 466 2021 498 meritum
2036 469 2145 500 congrui
2163 469 2262 502 impro-

1274 498 1373 528 bemus,
1392 499 1519 529 reliquum
1538 502 1584 528 est,
1603 502 1632 522 vt
1651 498 1683 522 de
1702 499 1807 523 iusticia
1824 499 1887 525 fidei
1897 500 2022 531 dicamus,
2035 503 2078 526 vbi
2096 509 2154 527 cum
2172 508 2259 530 osten-

1275 532 1387 556 derimus
1411 533 1516 556 modum
1540 531 1744 563 iustificationis,
1767 540 1900 564 speramus
1929 542 1976 560 nos
2000 536 2179 562 satisfacturos
2203 545 2260 564 esse

1274 566 1351 591 Caes.
1371 566 1518 595 Maiestati,
1537 567 1570 591 de
1589 566 1639 591 hoc
1658 567 1782 597 articulo,
1808 575 1883 599 quem
1901 568 1943 594 hic
1968 569 2192 602 reprehenderunt
2214 573 2260 597 ad·

1274 601 1399 631 uersarii,
1423 604 1550 632 negantes
1570 608 1598 625 se
1617 601 1668 625 hoe
1687 601 1847 626 admissuros
1866 609 1939 634 esse,
1958 605 2028 636 quod
2046 605 2261 632 iustificationem

1275 635 1409 659 tribuimus
1426 635 1496 660 fidei.
1533 635 1561 660 Si
1579 635 1637 667 quis
1655 639 1742 659 autem
1760 636 1812 665 hic,
1831 636 1865 660 de
1882 639 1976 662 merito
2000 640 2125 671 congrui,
2145 640 2260 672 obiiciat,

1274 668 1304 694 Si
1323 669 1388 694 nihil
1407 673 1516 701 prosunt
1534 670 1598 694 talia
1617 676 1698 701 opera
1715 670 1749 694 ad
1767 673 1969 701 promerendam
1985 674 2107 704 gratiam,
2122 681 2261 706 peccemus

1275 704 1354 735 igitur
1371 705 1471 734 securi,
1490 705 1574 728 donec
1593 704 1626 728 de
1651 704 1725 728 coelo
1750 705 1888 737 contingat
1909 707 1991 737 gratis
2017 709 2123 739 spiritus
2147 713 2262 741 sanctus,

1275 738 1335 762 huic
1353 745 1432 770 supra
1450 745 1602 770 responsum
1620 743 1666 768 est,
1685 739 1755 770 quod
1773 738 1846 763 Deus
1869 741 1933 764 velit
1955 741 2091 767 coherceri
2113 743 2161 767 illa
2185 744 2263 768 disei-

1275 773 1350 804 plina
1367 773 1493 803 carnales,
1513 773 1578 804 (sol.
1598 772 1616 796 k
1635 773 1684 805 3³)
1703 773 1847 804 Propterea
1865 776 2012 799 necessario
2037 776 2135 801 debent
2152 777 2264 803 hones&

1275 813 1356 838 opera
1373 806 1473 837 facere,
1491 814 1523 831 ne
1542 807 1598 839 plus
1617 811 1734 839 peccent,
1752 807 1786 831 Et
1804 808 1870 832 scire
1888 809 1984 834 debent
2000 809 2087 835 Deum
2104 818 2158 836 non
2177 813 2263 837 solum

1275 845 1383 865 aeterna
1399 845 1492 871 morte,
1511 843 1557 865 scd
1576 842 1655 865 etiam
1679 842 1858 873 corporalibus
1882 845 1974 875 poenis
1997 846 2090 876 punire
2113 846 2193 877 istos,
2216 847 2262 879 qui

1274 875 1375 899 violant
1392 876 1520 900 iusticiam
1539 876 1650 900 ciuilem.
1687 876 1725 900 Et
1741 876 1789 900 hos
1808 877 1890 902 bonos
1908 885 2012 909 mores,
2029 887 2106 911 saepe
2123 881 2176 905 iam
2193 881 2261 905 dixi·

1275 916 1331 933 mus
1351 909 1470 934 homiues
1489 909 1593 933 efficere
1617 917 1708 941 posse,
1735 918 1768 934 ne
1787 911 1843 942 quis
1868 912 2026 937 vociferetur
2049 921 2097 938 nos
2114 915 2187 939 velut
2202 914 2263 940 u»

1274 943 1396 973 nicheus,
1425 944 1572 967 libertatem
1598 944 1725 968 humanae
1751 945 1894 970 voluntatis
1924 948 1951 972 in
1977 948 2127 973 vniuersum
2159 949 2261 975 tollere.

1273 979 1314 1002 Ac
1333 978 1390 1001 talis
1409 977 1548 1009 disciplina
1566 981 1621 1008 est,
1639 982 1668 1002 vt
1685 982 1762 1003 vocat
1779 979 1890 1011 Paulus,
1914 982 2095 1014 paedagogia,
2111 983 2147 1008 ad
2165 983 2262 1009 docea-

1343 1058 1483 1088 Quomodo
1501 1058 1669 1083 iustificamur
1692 1059 1774 1090 igitur
1796 1067 1884 1085 coram
1907 1061 1967 1086 Deo
2018 1062 2193 1096 Euangelium
2215 1064 2262 1090 do-

1272 1097 1314 1117 cet
1330 1101 1378 1125 pro
1404 1093 1480 1117 nobis
1504 1093 1636 1117 Christum
1658 1093 1747 1117 datum
1765 1100 1837 1123 esse,
1861 1099 1891 1118 vt
1900 1063 2021 1153 ,ΕΙ-ἐει-
2047 1099 2131 1129 ipsum
2148 1098 2264 1124 habeant

1272 1127 1358 1152 Deum
1375 1128 1506 1160 placatum
1524 1134 1631 1158 ornnes,
1650 1128 1694 1158 qui
1714 1128 1822 1152 credunt
1839 1129 1867 1153 in
1885 1135 1899 1152 e
1951 1137 2028 1159 ,cnon
2046 1136 2156 1163 propter
2173 1137 2263 1158 nostra

1272 1163 1376 1193 merita,
1394 1163 1458 1186 Ideo
1476 1162 1650 1193 Euangelium
1669 1163 1756 1193 arguit
1780 1170 1870 1187 omnes
1889 1163 2022 1195 homines,
2045 1166 2115 1197 quod
2139 1167 2191 1191 sint
2212 1167 2262 1192 suh

1272 1201 1394 1228 peccato,
1413 1200 1440 1220 et
1457 1197 1554 1221 territis
1573 1197 1740 1220 conscientiis
1764 1198 1879 1221 ostendit
1903 1198 2036 1223 Christum
2058 1204 2085 1224 et
2107 1201 2263 1232 promissam

1272 1236 1380 1263 propter
1399 1231 1531 1256 Christum
1555 1231 1674 1262 gratiam.
1710 1231 1776 1255 Ideo
1803 1232 1946 1263 precipitur
1970 1234 2040 1265 apud
2063 1234 2162 1259 Lucam
2185 1235 2263 1260 disei-

1272 1266 1351 1297 pulis,
1369 1269 1397 1289 vt
1415 1266 1548 1297 predicent
1565 1265 1760 1297 poenitenciam
1778 1266 1805 1290 in
1824 1267 1931 1291 nomine
1949 1267 2061 1299 Christi,
2086 1273 2112 1293 et
2128 1270 2263 1294 remissio-

1273 1307 1332 1324 nem
1362 1305 1543 1332 pcccatorum,
1567 1300 1639 1331 quod
1662 1300 1786 1324 videlicet
1806 1303 1907 1325 tantum
1929 1307 2036 1333 propter
2059 1302 2193 1329 Christum
2215 1304 2263 1329 ha-

1273 1335 1489 1365 beannhomines
1512 1335 1692 1359 remissionem
1715 1338 1891 1366 peccatorum.
1929 1335 2018 1365 Quare
2043 1345 2102 1362 cum
2125 1338 2262 1370 praedica-

1273 1370 1346 1394 tione
1364 1370 1545 1401 poenitenciae
1562 1369 1669 1392 territae
1687 1372 1748 1393 sunt
1765 1370 1958 1401 conscientiae,
1983 1371 2081 1396 dehent
2098 1372 2150 1397 fide
2168 1379 2262 1405 appro-

1272 1404 1387 1428 hendere
1406 1404 1547 1433 Christum,
1566 1407 1592 1428 et
1610 1403 1726 1433 credere,
1744 1404 1815 1435 quod
1833 1405 1916 1435 gratis
1934 1409 2042 1437 propter
2065 1405 2198 1432 Christum
2215 1407 2261 1432 ln-

1273 1438 1352 1463 beant
1369 1439 1551 1462 remissionem
1569 1441 1752 1469 peccatorum,
1771 1439 1883 1470 gratiam
1912 1443 1937 1463 et
1955 1440 2093 1464 iusticiam.
2129 1440 2195 1466 Oum
2220 1441 2262 1466 aio

1273 1474 1409 1504 eriguntur
1428 1473 1603 1497 conscientiae
1627 1480 1674 1503 per
1698 1472 1791 1503 fidem,
1816 1474 1969 1505 concipiunt
1990 1475 2108 1506 spiritum
2132 1479 2262 1506 uanum.

1272 1515 1319 1539 per
1337 1515 1412 1538 quem
1435 1510 1595 1531 renouentur
1620 1507 1714 1537 corda,
1742 1510 1770 1530 vt
1795 1508 1846 1531 iam
1871 1507 1955 1532 Deum
1983 1516 2044 1533 vere
2071 1509 2174 1540 norint,
2198 1517 2261 1535 vara

1272 1546 1387 1566 statuant
1404 1549 1454 1566 nos
1473 1542 1619 1573 respicere,
1637 1541 1771 1571 exaudire,
1789 1542 1924 1572 adiuuare,
1943 1542 2085 1568 defendere
2108 1547 2159 1569 eto.
2186 1544 2261 1569 nno

1246 1579 1249 1600 Ι
1272 1576 1337 1600 fides
1357 1583 1444 1600 coram
1463 1575 1522 1599 Deo
1540 1575 1677 1605 iustificat,
1702 1583 1768 1606 quae
1791 1577 1828 1600 sic
1847 1577 1996 1601 consolatur
2014 1579 2215 1609 conscientiam,
2233 1581 2262 1603 ot

1244 1623 1249 1653 Ι.
1272 1611 1377 1641 statuit,
1405 1610 1476 1641 quod
1506 1613 1614 1642 propter
1640 1609 1774 1634 Christum
1800 1615 1948 1642 reputemur
1973 1613 2045 1636 iusti.
2080 1612 2155 1637 Haec
2181 1613 2262 1645 plan·

1273 1649 1334 1669 sunt
1367 1648 1394 1669 et
1420 1644 1504 1668 nullas
1531 1644 1628 1668 habent
1658 1644 1789 1675 ambages.
1834 1644 1912 1669 Claro
1939 1646 2100 1671 ostendimus
2127 1647 2261 1679 quomodo

1273 1680 1449 1704 conscientiae
1467 1679 1602 1703 inueniant
1620 1685 1710 1710 pacem
1735 1686 1823 1703 coram
1845 1679 1920 1709 Deo,
1944 1680 2024 1706 Clare
2047 1682 2171 1712 dicimus,
2194 1689 2260 1714 quo-

1273 1715 1352 1738 modo
1371 1718 1397 1738 ot
1415 1714 1520 1745 quando
1545 1713 1680 1744 contingat
1703 1713 1809 1745 spiritu·
1833 1718 1951 1745 sanctus,
1974 1715 2096 1740 videlicet
2119 1723 2167 1748 per
2190 1715 2258 1748 (sul.

1272 1749 1290 1773 lt
1308 1749 1358 1780 δῦ)
1377 1749 1485 1772 verbum
1504 1752 1530 1772 et
1546 1748 1637 1778 fldem,
1663 1755 1720 1772 cum
1744 1748 1825 1772 corda
1846 1749 2033 1780 perterrefacta
2059 1750 2261 1782 apprehendunt

1272 1783 1379 1808 verbum
1398 1783 1547 1814 Euangelii,
1566 1783 1675 1807 credunt
1697 1783 1722 1807 ei
1746 1789 1777 1807 ac
1800 1783 1936 1814 eriguntur
1960 1788 1986 1808 et
2010 1785 2115 1816 capiunt
2138 1785 2260 1810 eon-ola·

1271 1818 1379 1842 tionem.
1406 1816 1441 1841 Et
1459 1817 1520 1848 quid
1539 1818 1573 1841 sit
1591 1819 1641 1841 ista
1658 1817 1733 1847 fides,
1751 1818 1841 1841 sentiri
1861 1822 1886 1841 et
1904 1818 2015 1849 intelligi
2025 1823 2122 1851 potest.
2141 1817 2257 1848 Quando

1273 1853 1418 1877 aduersarii
1436 1852 1556 1876 senciant
1574 1852 1741 1876 dilectionem
1760 1851 1826 1881 Dei,
1843 1853 1894 1884 ipsi
1913 1853 2042 1882 viderint,
2060 1852 2116 1877 Nos
2136 1859 2168 1877 oa
2192 1853 2259 1878 did-

1271 1895 1327 1911 mus
1345 1893 1413 1919 quae
1431 1887 1507 1918 periti
1527 1886 1647 1910 homines
1666 1886 1825 1917 intelligunt,
1843 1890 1869 1910 et
1886 1886 1907 1909 si
1926 1887 1987 1917 quid
2007 1887 2057 1911 hoe
2075 1888 2109 1912 ad
2128 1894 2182 1911 rem
2199 1894 2258 1919 peu-

1272 1923 1350 1952 tinet‚
1369 1927 1431 1945 vere
1449 1921 1571 1945 habemus
1590 1921 1740 1945 testimonia
1758 1920 1894 1945 Ecclesiae
1912 1920 1963 1945 hoc
1982 1925 2035 1950 est,
2059 1922 2161 1953 piarum
2184 1929 2256 1946 men-

1271 1957 1342 1986 tium,
1361 1962 1427 1987 quae
1445 1955 1510 1979 haec
1528 1962 1594 1986 quae
1613 1955 1736 1984 dicimus.
1755 1959 1781 1978 et
1804 1955 1968 1985 intelligunt,
1989 1959 2015 1979 et
2038 1955 2153 1980 fatentur
2177 1963 2209 1981 ao
2229 1957 2259 1981 h

1341 2033 1458 2065 Apparet
1483 2033 1526 2056 hic
1553 2033 1645 2060 etiam,
1673 2031 1736 2063 quid
1762 2038 1885 2055 vocemus
1910 2031 2005 2063 fldem,
2032 2031 2166 2058 nocemus
2188 2033 2259 2059 enin

1271 2068 1348 2092 tidem
1367 2075 1420 2092 non
1439 2067 1524 2091 solum
1543 2066 1672 2090 historiae
1691 2066 1813 2090 noticiam
1836 2066 1992 2097 significare.
2017 2067 2100 2100 qualis
2126 2071 2167 2092 ost
2185 2071 2211 2092 et
2229 2067 2259 2093 lu

1271 2102 1383 2126 diabolis
1402 2106 1428 2126 et
1447 2102 1531 2133 impiis
1551 2100 1713 2129 hominibus,
1732 2100 1786 2125 Sed
1804 2099 1869 2124 fides
1887 2105 1927 2125 est
1945 2109 2012 2133 quae
2035 2102 2120 2126 credit
2143 2109 2197 2127 non
2214 2109 2259 2127 ao-

1271 2138 1324 2161 lum
1343 2136 1479 2161 bistoriam
1498 2143 1553 2159 esse
1571 2142 1675 2165 veram,
1694 2135 1741 2159 sed
1760 2136 1838 2159 etiam
1856 2136 2042 2166 promissiones
2060 2137 2188 2162 historiae
2212 2136 2259 2162 ad·

1272 2172 1352 2202 ditas,
1370 2170 1436 2195 Nam
1457 2174 1482 2194 et
1500 2170 1548 2194 hne
1568 2170 1701 2202 pertinent
1725 2170 1759 2194 ad
1783 2169 1932 2200 historiam,
1956 2170 2017 2195 Non
2041 2171 2126 2196 solum
2149 2171 2260 2196 credon-

1272 2207 1333 2231 dum
1352 2210 1406 2235 est,
1424 2206 1494 2238 quod
1515 2205 1634 2230 Christus
1657 2211 1747 2236 passus
1771 2205 1818 2233 sit.
1844 2204 1897 2228 Sed
1920 2205 1992 2236 quod
2015 2206 2076 2230 ideo
2100 2213 2205 2238 passus,
2229 2207 2260 2230 vt

1271 2241 1348 2265 nobis
1372 2240 1553 2264 reconciliaret
1577 2239 1677 2269 Deum,
1708 2243 1735 2262 vt
1759 2238 1910 2263 iustificaret
1932 2246 1980 2263 nos
2003 2244 2054 2264 eto.
2091 2240 2260 2265 Credendum

1273 2278 1320 2305 est,
1340 2275 1411 2306 quod
1430 2282 1489 2298 vere
1508 2274 1553 2299 illa
1571 2277 1678 2306 prestet,
1697 2280 1763 2305 quae
1782 2274 1912 2305 promisit,
1930 2273 1975 2299 Sle
1994 2279 2019 2298 et
2037 2274 2135 2299 Paulus
2154 2274 2187 2299 de
2204 2273 2259 2299 ad·

1271 2310 1396 2342 loquitur,
1415 2316 1480 2340 quae
1499 2310 1640 2333 assentitur
1658 2307 1874 2340 promissionibus
1894 2308 1998 2333 diuinis.
2017 2308 2093 2334 Rom.
2114 2309 2162 2341 iiij.
2194 2308 2260 2334 Idae

1271 2345 1309 2369 ait
1328 2351 1360 2368 ex
1380 2344 1430 2367 ade
1450 2344 1578 2368 iusticiam
1597 2350 1663 2373 esse.
1682 2347 1710 2366 vt
1727 2343 1760 2366 sit
1777 2342 1851 2366 arm·
1869 2343 2018 2374 promissio,
2037 2343 2082 2368 vbi
2094 2343 2163 2367 clare
2173 2346 2261 2368 ostat-

1272 2379 1311 2403 dit
1330 2378 1416 2408 fldem,
1436 2382 1462 2403 et
1479 2378 1679 2410 promissionem
1697 2383 1752 2401 esse
1777 2376 1946 2406 cori-elatine,
1971 2384 2016 2401 seu
2041 2378 2172 2402 obiectum
2194 2375 2260 2402 add

1271 2414 1458 2446 promissiones
1479 2420 1544 2437 esse.
1582 2412 1668 2444 Atque
1687 2412 1723 2435 lta
1742 2411 1878 2436 defluimu-
1898 2411 1975 2435 tidem
1994 2419 2066 2442 ease,
2084 2419 2152 2444 quae
2171 2418 2259 2437 anan·

1272 2450 1333 2472 titur
1354 2449 1433 2472 verbo
1453 2451 1479 2471 et
1498 2446 1714 2480 promissionibus
1733 2445 1783 2470 Dei
1795 2464 1801 2476 ,
1821 2450 1847 2469 et
1865 2453 1926 2469 vore
1945 2447 2050 2477 statuit.
2076 2445 2162 2471 noun
2184 2452 2260 2471 voror

1272 2491 1327 2507 cem
1347 2490 1413 2512 esse,
1432 2486 1458 2506 et
1477 2483 1531 2506 vult
1549 2482 1667 2513 accipere
1686 2481 1869 2513 promissiones
1888 2481 2005 2511 obl-tu,
2029 2481 2102 2511 imo,
2129 2486 2157 2506 vt
2179 2482 2259 2513 imp·-

1271 2519 1312 2542 riti
1333 2525 1380 2541 nos
1400 2517 1501 2541 facilius
1521 2517 1677 2548 intelligant.
1696 2515 1728 2539 de
1747 2516 1793 2539 illa
1813 2516 1869 2548 ipsa
1887 2515 1938 2539 tide
1956 2516 2095 2547 loquimur.
2112 2522 2179 2548 quae
2197 2520 2260 2540 vero

1271 2552 1355 2576 credit
1372 2551 1498 2584 Symbolo
1518 2551 1715 2583 Apostolorum.
1752 2550 1820 2575 Nam
1845 2551 1871 2574 in
1896 2551 1942 2575 illo
1961 2558 2015 2575 non
2038 2550 2125 2575 solum
2148 2549 2261 2575 historia

1272 2588 1403 2616 recitatur,
1421 2587 1466 2610 sed
1485 2587 1562 2611 etiam
1581 2585 1687 2609 effectus
1705 2583 1841 2614 historiae,
1861 2584 1994 2615 videlicet,
2009 2585 2117 2609 erodat·
2129 2583 2259 2609 miodo-

1272 2629 1330 2645 nem
1349 2625 1523 2654 peccatorum.
1562 2620 1622 2645 Nou
1641 2621 1710 2644 enlm
1735 2621 1817 2643 credit
1834 2619 1960 2650 symbolo
1979 2620 2017 2648 ia.
2040 2621 2084 2652 qui
2109 2626 2168 2643 cum
2192 2620 2259 2644 roai-

1272 2659 1311 2680 tat
1328 2663 1356 2680 se
1375 2656 1482 2680 erodere
1501 2656 1680 2680 remissionom
1698 2659 1874 2686 peecatorum.
1892 2653 1960 2685 (sol.
1980 2653 1997 2678 k
2016 2653 2065 2686 ⁴⁵)
2082 2656 2259 2685 aqut-.-
