2366 2958
121 162 185 200 169
609 167 633 198 l.

121 259 216 294 nullo
241 267 340 302 pacto
369 259 578 292 tolerandum
608 265 676 298 est,
700 260 788 302 quod
819 266 895 291 vota
923 257 1097 292 licentiose
1149 257 1302 290 Christus
1324 257 1456 297 laudat,
1490 259 1546 301 qui
1575 267 1614 290 se
1641 259 1735 299 ipsos
1764 265 1953 291 casti-arunt
1968 261 2020 298 ⁵⁹)

122 305 195 336 sine.
213 305 301 335 omni
323 304 439 335 timore
457 303 520 335 Dei
543 301 729 334 solvantur.
744 305 796 341 ³⁸)
831 303 865 333 ln
889 302 930 332 V.
952 302 1038 333 enim
1059 301 1095 333 T.

119 346 276 390 probavit
290 348 342 384 ³⁹)
377 345 470 378 Deus
507 352 587 377 vota
619 345 865 376 Nazaraeorum
896 345 992 376 Num.
1028 343 1098 382 Vl.‚

121 395 200 422 vota
227 388 500 426 Rechabitarum,
533 388 588 430 qui
620 398 687 419 non
723 389 874 419 biberunt
890 389 943 420 ⁴⁰)
974 388 1097 425 vinum,

122 434 252 469 nec⁴¹)
275 432 557 470 comederuntw)
586 441 669 462 uvas
699 431 759 462 ler.
787 429 940 461 XXXVI.
985 429 1099 460 Omni·

122 485 167 507 no
182 477 235 512 ⁴³)
257 480 366 506 autem
389 474 502 516 exigit,
519 475 572 511 ⁴⁴)
594 480 707 505 votum
730 471 833 504 semel
845 473 1001 504 emissum
1024 472 1098 503 red-

122 518 156 549 di
176 517 275 548 Dent.
295 515 414 548 XXIII.
428 518 481 553 ⁴⁵)
510 515 608 551 Quod
631 517 658 547 si
678 516 751 557 quis
763 521 842 546 vota
861 520 1030 552 retractat,
1046 516 1098 552 ⁴⁶)

121 561 218 592 ruina
239 565 291 590 est
312 557 370 590 illi.
393 558 492 589 Prov.
518 557 594 589 XX.
610 560 662 597 ⁴⁷)
706 558 795 589 Vota
825 567 905 589 vero
921 560 974 593 4Β)
996 558 1099 589 iusto-

119 612 192 634 rum
227 607 305 633 sunt
319 603 373 640 ⁴⁹)
405 600 593 642 placabilia.
627 600 725 632 Prov.
754 599 830 631 XV.
876 599 970 631 Deus
1002 609 1098 641 prae-

120 651 212 677 terea
227 646 280 682 ⁵⁰)
302 654 362 686 per
380 644 573 685 prophetam
596 642 786 684 specialiter
809 644 918 679 docet,
930 649 1008 674 vota
1031 652 1099 673 mo·

119 688 249 720 nastica
279 688 342 718 sibi
375 685 520 727 placere.
566 687 692 717 lesaiae
719 686 804 717 enim
833 685 915 717 LVI.
947 685 992 716 ita
1018 683 1100 727 legi-

122 735 191 762 tur:
206 731 260 765 Μ)
283 729 375 761 Haec
400 730 480 761 dicit
501 728 666 760 Dominus
689 727 862 766 eunuchis,
878 730 930 766 52)
960 728 1014 770 qui
1043 738 1099 759 cu-

121 773 307 810 stodierunt
322 774 375 810 ⁵³)
398 772 540 803 sabbata
563 781 648 809 mea,
668 776 702 802 et
725 770 908 813 elegerunt,
923 773 975 807 ⁵⁴)
1014 780 1100 812 quae

122 825 187 858 ego
209 813 301 853 volo,
324 820 357 846 et
379 820 553 846 tenuerunt
569 816 621 852 ⁵⁴)
644 812 763 845 foedus
786 824 908 844 meum:
941 814 1026 845 dabo
1051 813 1099 844 eis

121 858 156 889 in
177 858 276 889 domo
298 867 370 888 mea
394 863 427 889 et
454 858 487 888 in
514 857 616 888 muris
644 856 726 887 meis
756 856 885 893 locum,
917 862 949 888 et
979 865 1099 887 nomen

121 899 239 932 melius
267 909 289 931 a
314 899 390 930 filiis
424 905 457 930 et
479 898 623 937 filiabus,
639 901 692 937 ⁵⁵)
719 909 838 930 nomen
867 899 1101 940 sempiternum

121 943 211 974 dabo
236 943 302 979 eis,
325 943 413 984 quod
440 952 508 974 non
536 942 665 983 peribit.
710 941 838 977 Quibus
862 952 943 973 vero
960 943 1012 979 ⁶⁶)
1047 951 1101 972 eu-

122 985 241 1018 nuchis
265 985 422 1026 promittit
433 983 490 1016 illa
505 984 620 1016 Deus?
654 983 723 1015 Illis
736 986 859 1026 utique,
875 986 928 1023 ⁵⁷)
951 985 1100 1026 quos⁵⁸)

123 1080 170 1113 ³8)
188 1080 261 1105 nullo
287 1084 363 1112 pacto
387 1079 552 1104 tolerandum
580 1083 620 1103 est
646 1092 678 1097 —
708 1086 817 1110 regnum
845 1079 975 1103 coelorum
1003 1078 1099 1102 Mattb.

191 1113 280 1148 XIX]
300 1114 350 1138 Pro
364 1113 402 1138 his
420 1113 532 1138 exhibent
550 1113 671 1144 Pslug„
690 1113 771 1138 Mon.
790 1113 850 1138 haec
863 1113 1021 1145 prolixiora:
1041 1113 1100 1136 ideo

190 1150 245 1181 ipse
265 1149 335 1172 velut
353 1148 495 1172 catholicus
513 1148 637 1178 Princeps
656 1152 681 1171 et
700 1148 882 1179 religiosorum
907 1147 1016 1178 (Mon.:
1041 1147 1100 1171 reli-

191 1183 411 1214 giosissimorum)
443 1182 645 1214 Imperatorum,
673 1186 698 1205 et
720 1181 818 1213 Regum
851 1189 998 1211 successor,
1027 1181 1100 1205 nullo

190 1218 269 1241 modo
289 1222 332 1241 aut
351 1217 443 1248 (modo
464 1221 508 1240 aut
526 1217 552 1239 s'n
569 1216 649 1241 Mon.
669 1215 767 1247 desunt)
786 1220 861 1247 pacto
880 1217 934 1247 pati
958 1216 1032 1244 velit,
1054 1219 1100 1239 aut

189 1252 312 1280 tolerare,
337 1251 406 1282 quod
425 1251 520 1281 (Mon.
548 1254 576 1273 nt
594 1258 644 1282 pro
666 1250 748 1282 qnod)
774 1251 933 1274 monasteria
956 1250 1099 1278 diruantur,

190 1290 234 1309 aut
253 1290 313 1309 vota
332 1286 467 1309 licentiose
490 1285 547 1308 sine
566 1285 636 1308 omni
655 1285 747 1308 timore
766 1284 817 1308 Dei
836 1285 979 1308 solvantur.
1015 1284 1049 1308 Et
1072 1285 1098 1307 in

187 1319 238 1343 hoc
255 1320 300 1350 pio
319 1323 396 1350 atque
415 1319 556 1342 christiano
576 1325 653 1350 opere
677 1323 777 1349 sperat,
795 1319 930 1350 Principes
949 1325 1001 1342 non
1019 1319 1098 1342 modo

188 1360 241 1377 nou
259 1354 393 1377 adversari
412 1358 463 1376 tam
480 1356 570 1376 sancto
594 1353 743 1383 proposito,
767 1356 796 1375 ut
819 1353 916 1384 (Mon.
941 1359 1030 1376 verum
1050 1360 1098 1384 pro

188 1387 230 1419 nt)
249 1388 325 1411 etiam
344 1386 452 1411 confidit
470 1394 497 1410 se
516 1387 576 1410 illos
594 1386 728 1410 habituros
748 1387 910 1411 adsistentes.

119 1430 166 1462 39)
188 1430 320 1462 probavit]
339 1429 468 1461 Chytr.,
487 1428 610 1460 Pssng.‚
627 1429 728 1454 Mon-z
749 1429 905 1461 approbavit

118 1473 166 1504 40)
187 1473 316 1504 biberunt]
336 1473 444 1502 Fatua,
463 1471 590 1502 Pslug.:
610 1471 733 1496 bibebant
768 1471 866 1503 (Mon.
885 1481 921 1495 =
938 1470 1046 1503 Desa.)

117 1515 166 1547 41)
185 1515 244 1547 nec]
264 1516 373 1541 Fabr.:
393 1522 476 1546 neque

119 1559 166 1590 42)
187 1557 366 1590 comederunt]
386 1557 509 1589 Chytr.,
529 1557 636 1587 Fabr.,
654 1557 776 1589 Pslug„
795 1556 900 1582 Mem:
927 1557 1098 1581 comedebant

119 1601 168 1633 43)
187 1600 314 1633 Omnino]
331 1601 452 1632 Pflug.:
471 1601 544 1625 Deus
565 1608 585 1624 ο

119 1644 166 1675 44)
186 1643 289 1675 exigit]
310 1643 436 1674 chytr.:
457 1644 539 1674 exigit
555 1642 627 1667 Deus

118 1686 165 1717 45)
184 1685 300 1717 xxm]
320 1684 430 1710 Fabr.:
450 1685 491 1708 24.
517 1699 549 1703 —
574 1685 637 1710 Pro:
662 1689 751 1709 votum
775 1685 853 1708 semel
877 1686 997 1709 emissum
1023 1685 1097 1709 reddi

191 1720 270 1744 Dent.
290 1719 392 1743 xxm.
429 1719 535 1750 Pt'lug.
555 1719 627 1744 habet
645 1718 718 1744 llaec:
737 1723 825 1743 votum
843 1720 918 1743 reddi
937 1727 983 1751 per
1001 1719 1097 1750 David,

188 1754 232 1778 Ps.
254 1754 295 1783 75,
315 1758 340 1776 et
358 1761 411 1776 non
432 1753 488 1776 vult
507 1754 603 1777 tardari
623 1754 796 1777 redditionem
815 1754 877 1782 voti,
896 1753 1002 1779 Denter.
1021 1755 1063 1778 24.

118 1796 165 1829 46)
185 1800 248 1820 vota
263 1795 405 1827 retractae]
425 1796 445 1819 C
454 1796 469 1820 11
477 1804 492 1827 y
501 1802 510 1819 t
517 1804 538 1820 r.
547 1815 553 1826 ‚
564 1795 585 1819 F
592 1803 606 1820 a
614 1797 630 1820 b
637 1804 672 1822 r.:
683 1800 742 1828 post
753 1802 813 1820 vota
822 1800 954 1826 retractat,
973 1797 993 1820 P
1000 1796 1025 1820 ss
1033 1805 1048 1820 u
1055 1804 1080 1828 g.
1091 1815 1097 1826 ,

187 1830 237 1855 Mo
244 1837 284 1855 n.:
303 1834 361 1862 post
380 1835 468 1854 votum
487 1835 616 1860 retractet,

186 1873 234 1897 illi.
262 1873 340 1897 Prov.
368 1872 444 1904 XX]
480 1872 590 1898 Fabr.:
623 1873 662 1897 illi
690 1873 880 1905 proculdubio,
913 1873 1024 1897 Roman.
1054 1874 1095 1898 20.

188 1907 307 1936 prium:
327 1907 433 1936 homini,
452 1907 530 1931 Prov.
551 1908 591 1932 20,
629 1907 727 1938 (Mon.
746 1917 781 1931 =
799 1908 910 1939 Dess.)

118 1951 165 1983 48)
185 1949 258 1980 vero]
278 1949 402 1980 Pssug.:
421 1951 490 1974 enim

119 1993 167 2025 49)
187 1993 257 2022 sunt]
275 1992 301 2015 in
319 1991 446 2022 Chytr.,
465 1993 572 2021 Fatua,
590 1992 712 2024 Pflng„
732 1992 814 2017 Mon.
835 1993 908 2017 deest.

118 2035 166 2067 50)
185 2034 331 2066 praeterea]
352 2034 477 2066 Pfxug.:
497 2042 598 2066 quoque

117 2077 166 2110 51)
184 2079 222 2102 ita
239 2075 359 2110 legitur-2]
378 2076 497 2107 Pflug.:
517 2078 624 2102 dieitur:

117 2121 165 2153 52)
184 2119 321 2151 emmehis]
350 2118 422 2143 liu-'us
449 2120 517 2143 vocis
540 2120 592 2144 Ioco
614 2121 640 2143 in
663 2121 754 2145 Dess.
780 2128 804 2145 a.
829 2122 934 2154 epatium
960 2121 1056 2152 lonyiua
1080 2130 1095 2144 a

186 2154 270 2178 ser-iba
288 2161 390 2177 vacuum
409 2154 519 2178 relictum
539 2157 582 2183 est,
601 2158 750 2188 quopropter
767 2155 926 2179 Weberus
950 2156 976 2179 in
1000 2155 1093 2179 Dess.

186 2189 211 2212 b.
232 2196 285 2245 ofin·
308 2189 377 2254 {msa
401 2189 501 2212 uncinos
525 2188 633 2212 addidit.
670 2189 768 2214 Mon:
793 2189 934 2214 Eunuchos
971 2189 1093 2221 (Pssug.

187 2231 221 2246 ..--..
273 2229 333 2246 ess.

116 2264 165 2298 5³)
184 2264 372 2296 custodierunt]
393 2264 436 2288 Fa
443 2265 459 2288 b
468 2273 488 2288 r.
498 2283 506 2295 ‚
524 2265 546 2289 P
554 2265 579 2289 fl
586 2273 600 2288 u
609 2273 634 2296 g.
643 2272 649 2290 :
669 2265 840 2290 custodierint

116 2308 163 2340 54)
183 2308 331 2347 elegerunt,
423 2307 572 2347 tenuerunt]
597 2309 706 2338 Fabr.‚
728 2308 852 2340 Pssug.,
877 2309 978 2334 Mon.:
1007 2310 1092 2341 elege-

185 2346 244 2371 nnt,
330 2345 460 2365 tenuerint

117 2383 164 2416 55)
182 2383 306 2415 filiatum]
325 2385 362 2407 tic
380 2383 501 2416 Chytr.‚
525 2384 630 2415 Fabr.,
654 2384 750 2409 Desa.
769 2392 809 2415 a.,
831 2384 980 2416 Franck.,
1003 2386 1093 2417 Ham,

185 2417 285 2447 Mon.;
314 2417 433 2449 ming:
460 2419 563 2443 filiabus
587 2419 681 2449 Israel,
706 2427 779 2452 qnam
804 2421 976 2444 auum—itatem
993 2427 1093 2453 sequena

185 2451 348 2475 weberus
368 2454 441 2477 diam
458 2454 484 2477 in
502 2454 594 2477 Dess.
616 2454 639 2478 b.
660 2453 706 2477 hoc
730 2461 812 2478 nomen
830 2453 909 2478 lsrael
933 2455 1031 2479 uncinis
1054 2456 1092 2478 in-

118 1874 168 1906 47)

185 2486 276 2510 clumm
294 2485 400 2512 addidit.
414 2483 434 2493 ⁶
661 2501 664 2508 2

115 2527 164 2560 56)
183 2527 283 2557 Quibus
301 2529 376 2560 vero]
393 2529 516 2560 Pslng.:
535 2530 570 2554 Et
588 2530 680 2562 quibus

116 2569 163 2602 67)
183 2569 283 2599 Quibus
301 2578 365 2595 vero
383 2572 508 2596 eunuchis
528 2586 559 2591 —
577 2572 632 2596 mis
650 2571 759 2603 utique,]
779 2572 804 2595 ιἰι
822 2571 885 2596 rub
894 2580 913 2597 r.
935 2573 1028 2598 denum.

117 2612 164 2644 5⁸)
183 2611 258 2645 quos]
276 2612 386 2639 Fabiu:
406 2613 473 2642 Quin

678 156 958 197 com-[rrum
981 164 1298 197 CONFESSIONIS
1321 162 1640 198 AUGUSTANAE.

1122 520 1128 816 1

1119 1418 1127 1630 ι

2059 165 2121 197 170

2054 270 2127 301 pro·

1149 306 1222 342 pter
1257 311 1395 342 regnum
1429 302 1666 339 coelorum⁶⁰)
1700 301 1816 333 Matth.
1855 301 1946 333 XIX.
1992 301 2059 333 Illis
2074 305 2127 341 ⁶¹)

1124 354 1126 357 ·
1150 343 1281 384 utique,
1317 345 1390 384 qui,
1422 346 1589 386 abnegata
1619 345 1753 385 propria
1775 344 1962 382 voluntate,
1992 345 2128 376 veniunt

1150 392 1226 427 post
1250 395 1402 423 erucem,
1436 393 1467 417 et
1495 388 1663 428 abnegant
1692 387 1910 428 semetipsos,
1945 392 1978 418 et
2007 386 2129 418 tollunt

1151 428 1296 470 quotidie
1329 438 1463 460 crucem
1497 432 1675 467 suam,⁶²)
1709 436 1742 460 et
1772 436 1955 471 sequuntur
1987 439 2059 460 eum
2075 431 2128 466 ⁶³)

1151 471 1232 502 Luc.
1256 470 1325 507 IX.²
1349 476 1383 501 ut
1405 481 1473 502 non
1502 472 1565 502 iam
1582 473 1634 509 64)
1663 481 1744 510 suo,
1769 474 1830 503 sed
1859 471 1994 514 regulae
2020 473 2128 511 ac⁶⁶)

1151 514 1332 553 superioris
1367 515 1486 551 suino)
1529 523 1564 544 re
1590 520 1686 546 antur
1725 515 1941 550 arbit1·io.⁶⁷)
1997 514 2129 553 Melius,

1150 557 1261 587 itidem
1285 561 1426 587 testante
1445 557 1573 596 Aposto
1590 566 1621 593 0,
1645 557 1770 588 faciunt
1785 560 1838 596 6θ’)
1860 558 2019 599 virgines,
2043 567 2129 598 quae

1152 604 1319 630 contemto
1341 598 1463 630 mundo
1487 600 1675 640 spretisque
1691 602 1742 637 ⁶⁹)
1763 599 1943 638 illecebris,
1963 600 2129 641 virginita-

1151 648 1215 673 tem
1249 642 1281 672 in
1315 642 1527 672 monasteriis
1558 643 1744 681 vovem70)
1773 648 1805 674 et
1834 649 1986 681 servant,
2019 653 2129 684 quam,

1152 694 1237 726 quae
1261 684 1353 715 oneri
1375 683 1606 715 matrimoniali
1631 683 1715 715 colla
1729 685 1884 716 subdunt.
1901 687 1952 724 71)
1982 685 2030 716 Ita
2043 687 2129 717 enim

1151 728 1195 758 ait
1219 728 1253 757 S.
1279 726 1404 758 Paulus
1420 728 1472 761 ⁷²)
1494 727 1522 757 l.
1547 726 1625 758 Cor.
1642 729 1693 766 ⁷³)
1718 727 1805 758 Vll.:
1830 727 1892 763 Qui
1922 729 2129 760 matrimonio

1151 770 1257 811 iungit
1275 770 1436 811 virginem
1459 779 1568 804 suam,
1595 771 1678 801 bene
1701 768 1797 805 facit:
1830 776 1883 808 et,
1901 773 1950 810 74)
1980 771 2035 812 qui
2061 781 2128 802 non

1152 813 1275 855 iungit,
1302 811 1418 844 melius
1451 812 1542 843 facit.
1588 812 1736 851 Item⁷⁵)
1766 813 1807 844 de
1834 813 1935 844 vidua
1964 814 2128 855 sequitur:

1151 855 1287 887 Beatior
1309 855 1389 892 erit,
1420 855 1447 885 si
1470 855 1708 896 permanserit,
1737 856 1920 887 secundum
1952 855 2127 888 consilium

1152 908 1270 929 meum.
1302 898 1408 928 Nemo
1432 904 1496 935 est,
1517 898 1572 939 qui
1593 898 1724 939 ignoret
1740 900 1791 933 ⁷⁶)
1816 899 2023 930 sanctitatem
2046 900 2129 931 Pau·

1152 939 1242 978 1177)
1260 940 1438 978 Eremitae‚
1461 939 1587 978 Basilii,
1610 941 1755 978 Antonii,
1772 942 1822 978 7εἴ)
1841 941 2024 980 Benedicti,
2048 942 2128 973 Ber-

1152 983 1265 1021 nardi,
1282 985 1333 1021 ⁷⁹)
1367 982 1552 1020 Dominici,
1586 982 1777 1021 Francisci,
1806 982 1991 1022 Wilhelmi,
2015 984 2128 1026 Augu-

1153 1026 1248 1064 stini,
1285 1025 1405 1057 Clarae
1438 1032 1470 1056 et
1485 1026 1540 1061 3⁰)
1573 1025 1753 1068 Brigittae‚
1785 1032 1817 1058 et
1845 1026 1998 1058 similium
2032 1028 2128 1059 etiam

1153 1068 1388 1106 Eremitarum‚
1403 1070 1456 1099 ⁸¹)
1500 1069 1554 1109 qui
1593 1078 1675 1100 sane
1717 1079 1814 1101 omne
1859 1079 1997 1111 regnum
2036 1080 2127 1102 muu-

1151 1196 1199 1228 59)
1219 1197 1377 1228 casn-arunt]
1395 1197 1523 1228 onya„
1541 1197 1650 1228 Fabr.‚
1669 1197 1771 1223 Mem:
1791 1202 1917 1228 castrant,
1942 1198 2065 1230 pflug:
2084 1206 2128 1223 ca-

1219 1236 1365 1255 straverunt

1151 1274 1199 1305 60)
1219 1273 1362 1306 coelorum]
1383 1274 1504 1306 Pflug.:
1523 1274 1575 1298 Dei

1150 1316 1196 1348 61)
1214 1316 1281 1348 1111s]
1300 1317 1407 1342 Fabia:
1427 1318 1487 1341 illos

1150 1359 1196 1391 62)
1217 1364 1275 1390 post
1302 1366 1416 1389 crucem,
1445 1364 1471 1383 et
1496 1359 1626 1390 abnegant
1651 1361 1820 1392 semetipsos,
1845 1365 1873 1384 et
1895 1360 1989 1384 tollunt
2011 1361 2128 1392 quotidie

1220 1401 1321 1417 crucem
1339 1393 1433 1426 suam,]
1455 1395 1492 1418 εἰς
1509 1394 1637 1425 Chytr.,
1656 1395 1746 1424 Has.,·
1765 1395 1871 1421 Fabia:
1897 1399 1955 1426 post
1973 1401 2085 1425 crucem,
2103 1399 2129 1419 et

1220 1428 1350 1458 abnegant
1376 1429 1491 1459 seipsos,
1520 1433 1546 1451 et
1568 1428 1660 1452 tollunt
1683 1436 1786 1452 crucem
1810 1436 1899 1459 suam,
1925 1429 2045 1460 Pflug.:
2069 1434 2128 1461 post

1219 1461 1359 1491 Christum.
1377 1467 1403 1485 et
1421 1463 1515 1486 tollunt
1533 1463 1649 1493 quotidie
1669 1470 1770 1486 crucem
1788 1470 1870 1494 snam,
1893 1463 2047 1488 Franck.:
2069 1468 2129 1495 post

1219 1495 1358 1525 Christum,
1377 1500 1402 1519 et
1419 1497 1552 1527 abnegant
1570 1498 1734 1528 semetipsos,
1753 1497 1854 1523 Mon.:
1878 1501 1938 1529 post
1962 1504 2078 1527 crucem,
2104 1501 2129 1522 at

1219 1531 1350 1561 abnegant
1368 1538 1396 1554 se
1414 1532 1492 1562 ipsos,
1512 1536 1537 1554 et
1555 1531 1650 1554 tollunt
1668 1531 1784 1561 quotidie
1803 1539 1903 1555 crucem
1922 1539 2003 1562 suam,
2021 1531 2125 1557 Dess.:

1219 1569 1277 1597 post
1296 1571 1398 1588 erucem
1416 1572 1488 1589 suam
1509 1564 1617 1596 (cereris,
1637 1573 1701 1596 quae
1719 1566 1864 1598 interposita
1883 1569 1946 1596 sunt,
1966 1567 2075 1598 omissis)

1152 1607 1199 1642 63)
1220 1612 1243 1632 et
1263 1611 1406 1640 sequuntur
1424 1607 1493 1640 eum]
1511 1607 1637 1640 Pslug.:
1657 1616 1766 1640 eumque
1784 1612 1935 1641 sequuntur,

1151 1651 1198 1684 64)
1217 1659 1271 1675 non
1291 1650 1353 1684 iam]
1372 1651 1495 1681 Pflug.:
1514 1652 1565 1675 iam
1583 1659 1637 1675 non

1151 1694 1198 1726 65)
1218 1694 1324 1725 regulae
1339 1694 1381 1726 ac]
1401 1694 1508 1718 Fubr.:
1528 1694 1625 1724 regali,
1645 1698 1683 1723 et,
1705 1694 1828 1725 Pflug.:
1847 1695 1954 1725 regulae
1970 1702 2031 1719 suae
2042 1700 2126 1727 atque,

1220 1728 1320 1753 Mon.:
1338 1729 1444 1759 regulae
1463 1732 1539 1759 atque

1150 1771 1198 1804 66)
1218 1770 1269 1803 sui]
1290 1779 1306 1795 α
1323 1770 1430 1802 Pt'lug.
1451 1769 1527 1795 abest.

1149 1814 1196 1846 67)
1215 1818 1338 1845 regantur
1356 1813 1486 1845 arbitrio]
1506 1812 1605 1839 Mem:
1625 1818 1754 1844 negantur
1773 1813 1871 1837 officio.

1150 1856 1196 1888 68)
1216 1857 1318 1886 Melius,
1337 1857 1427 1881 itidem
1446 1861 1556 1880 testante
1570 1855 1738 1889 rapsaci-ms]
1758 1856 1886 1887 Chytr.,
1904 1855 2010 1882 Faba:
2030 1856 2125 1881 Melius

1219 1892 1318 1920 itidem,
1337 1894 1449 1915 testante
1463 1892 1522 1922 Ap„
1542 1890 1655 1920 faciunt,
1674 1891 1796 1921 Pflug.:
1814 1891 1888 1921 Item,
1907 1895 2045 1915 attestante
2064 1892 2125 1922 Ap..

1218 1926 1307 1949 melius
1326 1925 1438 1954 faciunt,
1458 1925 1557 1949 Mon.:
1576 1925 1671 1949 Melius
1692 1925 1794 1956 quidem
1813 1929 1924 1949 testante
1942 1926 2008 1957 Ap.,
2027 1926 2125 1949 facient

1149 1967 1196 2000 69)
1216 1967 1370 1999 spretisque]
1392 1968 1428 1991 sic
1447 1968 1572 1998 Chytr.‚
1590 1967 1694 1996 Fabr.,
1714 1967 1863 1998 Francia,
1889 1968 1979 1998 Has.,
2004 1968 2122 1999 Prlug„

1220 2001 1319 2030 Mon.;
1339 2002 1401 2025 Des
1409 2009 1443 2027 s.:
1463 2002 1638 2033 speciosisque

1150 2045 1196 2075 70)
1216 2044 1321 2076 vovent]
1340 2045 1445 2069 Fabr.:
1465 2050 1591 2068 voverunt

1151 2088 1198 2120 71)
1220 2088 1351 2119 subdunt.)
1370 2086 1491 2117 Pslug.:
1511 2086 1672 2111 submittunt.

1149 2130 1195 2162 ¹12)
1215 2130 1243 2154 S.
1263 2129 1369 2160 Paulus]
1388 2129 1509 2160 Pflug.:
1530 2129 1624 2153 Paulus

1148 2173 1195 2204 73)
1216 2175 1239 2197 l.
1261 2171 1333 2205 Con]
1353 2172 1459 2197 Fabr.:
1479 2171 1539 2195 Cor.

1148 2216 1194 2247 74)
1214 2214 1259 2247 et,]
1277 2216 1304 2239 in
1321 2215 1416 2239 Fabr.
1437 2215 1511 2239 deest.

1147 2259 1194 2290 75)
1213 2257 1289 2289 Item]
1310 2257 1433 2288 Pflug.:
1453 2257 1486 2281 Et

1147 2301 1194 2333 76)
1213 2299 1328 2333 ignoret]
1347 2299 1466 2331 Pflug„
1485 2300 1582 2325 Mon:
1601 2302 1706 2332 ignorat

1148 2344 1194 2376 77)
1214 2344 1377 2401 ἱευῖὶιὶιειξεω
1404 2341 1489 2375 Pauli]
1518 2343 1624 2369 Faba:
1648 2343 1676 2368 S.
1700 2343 1786 2373 Pauli,
1811 2343 1928 2374 Pssug.:
1958 2344 2121 2367 sanctitatem

1236 2396 1241 2401 .
1283 2384 1336 2401 nux

1148 2421 1194 2453 78)
1213 2419 1312 2448 Basilii,
1330 2419 1460 2452 Antonii,]
1477 2419 1603 2451 Pflug.:
1622 2421 1748 2450 Antonii,
1766 2419 1865 2449 Basilii,

1147 2464 1194 2495 79)
1213 2462 1362 2495 Bernardi‚]
1381 2471 1398 2487 α
1414 2463 1524 2493 Pflug.
1545 2462 1621 2487 abeat.

1146 2506 1194 2537 80)
1212 2505 1248 2537 et]
1266 2506 1292 2528 e'n
1310 2505 1436 2536 Chytr.‚
1455 2505 1560 2535 Febr„
1580 2506 1702 2536 Psing.,
1721 2505 1802 2530 Mon.
1823 2505 1895 2531 decu.

1146 2549 1193 2580 81)
1212 2549 1290 2572 etium
1317 2547 1516 2579 Eremiturum‚]
1550 2547 1653 2573 Fabr.:
1687 2549 1764 2572 etiam
1792 2549 1956 2572 eremitamm
1993 2549 2118 2577 instituta.

1214 2582 1304 2608 Has:
1324 2582 1494 2606 Eremitarum
1513 2582 1616 2612 (omma
1635 2589 1703 2606 voce:
1725 2583 1831 2614 etiam),
1852 2591 1868 2606 a
1886 2583 1994 2613 Pflug.
2015 2586 2120 2614 utroque

1213 2623 1275 2641 vox:
1295 2617 1370 2639 etiam
1388 2616 1558 2640 Eremitamm
1577 2616 1651 2640 uben.
