2366 2958
177 172 242 203 51⁷

177 265 250 290 natio
269 265 424 289 delictorum
447 269 557 288 tuorum.
593 263 766 294 Hieronymus
790 263 833 287 hic
857 267 959 295 praeter
982 270 1036 286 rem
1057 263 1155 286 adiecit

179 299 348 324 dubitatiuam
366 299 526 331 particulam.
551 299 585 323 Et
602 298 683 322 multo
702 298 887 329 imprudentius
906 297 1021 329 disputat
1035 297 1062 321 in
1076 297 1153 322 Com-

177 333 320 364 mentarijs,
339 334 464 358 incertam
482 340 539 357 esse
557 333 735 357 remissionem
754 336 925 363 peccatorum.
963 331 1017 356 Sed
1035 338 1082 355 nos
1100 338 1153 354 me-

177 368 326 392 minerimus
352 367 523 398 Euangelium
551 372 622 390 certo
650 366 801 398 promittere
829 366 1007 389 remissionem
1034 369 1154 396 peccato-

177 409 244 426 rum.
277 402 355 433 Isque
378 402 484 426 abolere
506 402 678 432 Euangelium
701 400 843 424 censendus
867 403 919 429 est,
943 400 987 430 qui
1009 400 1089 423 sentit
1113 406 1153 422 re-

177 436 327 460 missionem
345 439 510 467 peccatorum
526 437 653 460 incertam
671 442 737 459 esse.
773 435 938 458 Dimittamns
961 433 1042 464 igitur
1059 433 1109 456 hoc
1127 434 1154 456 in

176 470 236 494 loco
255 469 450 501 Hieronymum.
486 469 550 494 Cum
569 474 654 493 autem
677 469 747 492 clare
771 472 883 500 ponatur
905 468 1058 498 promissio,
1083 471 1154 490 certe

176 504 318 535 requiritur
343 504 422 533 fides,
449 504 509 535 qnia
534 504 673 535 promissio
699 510 752 527 non
776 506 863 533 potest
886 502 983 532 accipi,
1009 501 1061 525 nisi
1088 501 1150 525 fide.

178 536 332 569 Quanquam
351 541 377 561 et
399 538 435 562 ibi
459 536 586 562 indicauit
610 539 786 565 remissionem
811 537 962 566 contingere
985 542 1075 566 posse,
1097 542 1154 558 cum

176 573 223 602 ait,
241 571 338 596 redime
356 575 472 603 peccata.
510 573 595 603 Atque
613 572 677 596 haec
695 571 834 603 promissio
852 570 1010 594 remissionis
1034 573 1153 600 peccato-

176 614 232 630 rum
250 613 311 630 uere
329 606 486 637 Prophetica
503 610 529 630 et
546 607 706 637 Euangeliou
723 612 776 628 nox
796 609 847 634 est,
866 611 942 635 qnam
966 607 1035 627 certe
1058 603 1153 627 Daniel

175 640 282 664 uolebat
307 640 359 664 fide
390 641 481 671 accipi.
522 640 606 665 Norat
633 641 700 664 enim
728 638 825 663 Daniel
851 639 1002 670 promissam
1029 644 1084 661 esse
1111 645 1152 660 re-

163 675 323 699 'missionem
345 679 513 706 peccatorum
536 680 642 707 propter
664 674 778 698 futurum
802 680 905 702 semen,
929 672 1052 696 uidelicet
1076 672 1152 696 Chri-

176 713 256 738 stum,
274 716 326 732 non
345 709 427 733 solum
444 709 586 738 Israelitis,
608 709 654 732 sed
672 709 749 732 etiam
768 707 887 730 omnibns
912 706 1040 737 gentibus.
1078 706 1151 729 Alio-

175 743 220 775 qui
237 750 290 766 non
308 745 434 774 potuisset
451 743 518 774 Regi
541 743 658 775 polliceri
682 742 858 765 remissionem
882 745 1054 771 peccatorum.
1090 740 1151 764 Non

174 782 215 801 est
232 778 299 801 enim
318 777 443 807 bominis,
462 778 614 809 praesertim
632 777 659 800 in
678 776 821 799 terroribus
845 775 958 806 pcccati,
981 779 1096 798 statuere
1119 774 1151 797 de

173 811 308 835 uoluntate
332 811 383 835 Dei
407 813 462 835 sine
481 816 551 835 certo
575 811 654 835 uerbo
680 810 744 840 Dei,
767 810 838 841 quod
856 810 932 833 irasci
956 809 1064 832 desinat.
1099 808 1151 832 Ita-

174 852 224 877 que
243 852 298 869 curn
317 846 452 876 promissio
479 849 606 876 ponatur,
635 845 698 868 satis
722 848 829 875 apparet
852 843 949 875 requiri
973 843 1065 872 fidem,
1093 843 1153 873 quia

174 880 312 910 promissio
332 887 384 903 non
403 883 490 910 potest
507 879 592 911 accipi
611 879 661 902 nisi
683 878 744 902 fide.
781 878 810 902 Si
831 877 895 901 haec
919 877 982 901 fides
1007 884 1039 900 ex
1063 877 1152 900 condi-

175 914 247 938 tione
266 920 371 945 operum
394 913 531 945 penderet,
548 914 649 937 incerta
667 916 734 936 esset
756 912 884 936 remissio.
917 911 980 935 Ideo
1005 912 1063 935 talis
1088 911 1152 934 fides

174 948 323 978 requiritur,
341 955 407 978 quae
426 947 535 972 confidit
551 947 731 972 misericordia
750 951 774 970 et
797 946 877 970 uerbo
901 946 966 975 Dei,
990 953 1043 970 non
1068 945 1152 976 operi-

174 982 222 1005 bus
239 982 345 1005 nostris.
382 981 459 1011 Quod
484 986 569 1006 autem
593 982 670 1010 dicit,
695 981 792 1004 redime
816 984 925 1012 peccata
947 987 993 1011 per
1016 980 1153 1009 iusticiam,

174 1020 200 1039 et
217 1022 263 1046 per
281 1015 455 1047 elemosynas,
479 1016 548 1040 idem
573 1020 611 1040 est
634 1023 665 1039 ac
683 1015 704 1038 si
724 1015 835 1043 diceret,
859 1014 957 1038 redime
981 1018 1085 1045 peccata
1103 1021 1149 1045 per

173 1050 381 1080 poenitenciam,
413 1051 475 1081 quia
501 1055 587 1074 reatus
619 1050 718 1074 tollitur
745 1056 792 1080 per
821 1049 1016 1081 poenitenciam.
1060 1048 1151 1079 Neque

173 1084 234 1108 hiric
249 1084 274 1115 ⁰)
303 1085 507 1107 ratiocinandum
533 1089 584 1113 est,
612 1082 681 1115 quod
705 1084 824 1112 ignoscat
848 1082 919 1106 Deus
943 1087 1048 1113 propter
1071 1089 1151 1114 opera

174 1118 316 1149 sequenti-1,
333 1118 380 1141 sed
398 1119 510 1149 ignoscit
528 1122 635 1150 propter
651 1118 850 1150 promissionem
873 1117 914 1141 his
932 1117 976 1149 qui
1000 1117 1153 1148 promissio-

174 1158 235 1176 nem
252 1151 458 1183 apprehendunt.

245 1184 411 1211 Ostendimus
429 1187 498 1210 clare
510 1187 543 1210 in
561 1187 681 1210 contione
704 1185 821 1210 Danielis
839 1185 917 1209 fidem
939 1185 1050 1216 requiri,
1074 1191 1153 1216 quare

175 1219 236 1244 huic
255 1220 312 1244 loco
332 1221 451 1244 iniuriam
469 1221 576 1250 faciunt,
595 1221 638 1251 qui
656 1220 717 1243 inde
735 1221 932 1248 ratiocinantur,
945 1219 1016 1249 qnod
1033 1219 1152 1242 remissio

174 1258 342 1286 peccatorum
369 1256 503 1286 contingat
526 1258 629 1287 propter
657 1262 737 1285 opera
761 1259 865 1283 nostra,
893 1260 946 1277 non
973 1253 1025 1276 fide
1048 1257 1154 1284 propter

175 1288 313 1313 Christum.
350 1289 563 1320 Philosophicum
582 1292 620 1313 est
637 1290 663 1312 in
682 1289 805 1312 contione
822 1288 954 1316 Danielis,
979 1287 1043 1311 nihil
1068 1287 1153 1318 requi-

175 1330 250 1352 rere,
272 1323 323 1346 nisi
345 1322 558 1347 adhortacionem
582 1323 614 1346 de
637 1323 744 1354 imperio
767 1327 837 1346 recte
861 1321 987 1353 gerendo.
1024 1321 1153 1345 Pharisai-

175 1364 232 1380 cum
258 1360 297 1379 est
313 1356 453 1387 affingere,
478 1357 547 1388 quod
570 1361 675 1388 propter
699 1364 762 1388 opus
785 1356 851 1380 illud
875 1357 1011 1386 contingat
1033 1356 1152 1380 remissio

175 1394 349 1422 peccatorum.
386 1390 439 1415 Sed
458 1392 496 1415 ita
513 1391 556 1421 fit,
575 1398 655 1422 opera
672 1390 825 1414 naturaliter
847 1391 982 1414 incurrunt
1005 1389 1152 1414 hominibus

175 1425 205 1448 in
222 1424 326 1455 oculos,
345 1425 406 1456 quia
428 1425 507 1449 fidem
531 1433 580 1449 nec
603 1425 738 1456 intelligit,
761 1431 846 1456 neque
869 1424 1018 1448 considerat
1041 1423 1153 1448 humana

1177 865 1180 886 1

174 1460 252 1483 ratio.
286 1459 350 1483 Ideo
369 1459 482 1483 somniat
499 1467 579 1490 opera
596 1459 643 1483 illa
659 1460 753 1483 mereri
776 1459 953 1483 remissionem
979 1462 1151 1489 peccatorum.

173 1493 247 1518 Haec
265 1494 354 1525 opinio
373 1494 526 1518 naturaliter
543 1493 615 1518 heret
633 1494 661 1517 in
680 1494 772 1517 animis
790 1493 937 1522 hominum,
960 1499 1043 1524 neque
1068 1492 1154 1516 excuti

174 1531 270 1559 potest,
289 1529 339 1552 nisi
358 1535 415 1552 cnm
434 1529 558 1552 diuinitus
577 1528 709 1553 docemur.
743 1527 797 1553 Sed
814 1533 938 1551 reuocare
960 1534 1008 1550 nos
1032 1527 1153 1550 debemus

174 1562 208 1586 ab
226 1562 275 1586 hae
294 1562 390 1586 carnali
408 1563 532 1594 opinione
549 1563 584 1586 ad
601 1562 772 1593 Euangelium
791 1565 817 1585 et
838 1561 1036 1593 promissionem
1054 1561 1154 1585 miseri-

175 1596 296 1626 cordiae,
322 1597 348 1620 in
378 1603 430 1627 qua
452 1597 531 1627 gratis
557 1595 692 1620 exhibetur
715 1596 830 1620 remissio
853 1599 1017 1627 peccatorum
1047 1599 1155 1626 propter

176 1630 315 1655 Christum.
351 1630 392 1654 Ita
409 1631 436 1654 in
455 1631 575 1654 omnibus
593 1630 658 1654 locis
677 1630 710 1653 de
728 1630 894 1661 poenitencia
910 1629 976 1653 fides
998 1630 1155 1661 requirenda

175 1667 224 1689 est.
256 1664 363 1689 Summa
380 1665 448 1688 enim
466 1665 622 1688 contumelia
639 1667 678 1688 est
694 1665 722 1688 in
740 1663 880 1694 Christum,
898 1664 1077 1688 remissionem
1095 1671 1155 1695 pec-

176 1702 291 1723 catorum
309 1699 366 1723 sine
384 1699 490 1723 Christo
508 1705 643 1729 quaerere.
1107 1706 1117 1715 ν

246 1731 358 1761 Quidam
376 1733 579 1764 interpretantur
588 1732 725 1756 Danielem
745 1732 778 1756 de
796 1732 949 1756 remissione
968 1739 1078 1763 poenae,
1099 1739 1155 1756 cnm

175 1767 222 1791 ait.
257 1766 368 1791 Redime
391 1771 498 1798 peccata
521 1767 684 1797 elemosynis.
720 1766 761 1790 Ita
785 1766 850 1790 nihil
873 1769 965 1790 contro
989 1773 1037 1790 nos
1060 1765 1156 1789 faceret

175 1799 281 1825 Daniel.
323 1800 379 1824 Etsi
408 1801 515 1825 dubium
543 1808 596 1824 non
624 1804 677 1830 est,
706 1801 767 1831 quin
794 1800 915 1832 loquatur
942 1800 974 1824 de
1004 1801 1156 1824 remissione

176 1835 277 1866 cnlpae.
313 1834 420 1859 Frustra
438 1836 505 1858 enim
524 1835 656 1866 quaeritur
674 1835 791 1859 remissio
810 1841 924 1866 poenae,
946 1835 996 1858 nisi
1020 1835 1091 1865 prius
1111 1841 1156 1857 cor

176 1869 380 1901 apprehenderit
396 1868 448 1893 fide
466 1870 643 1893 remissionem
666 1869 765 1900 culpae.
803 1869 879 1898 Quod
906 1869 926 1892 si
949 1867 989 1892 illi
1012 1869 1156 1892 concedent

177 1904 354 1928 remissionem
374 1904 466 1934 culpae
485 1904 567 1934 gratis
587 1903 740 1934 contingere
758 1910 803 1934 per
821 1903 913 1932 fidem,
936 1910 985 1927 nos
1009 1908 1101 1934 postea
1118 1903 1155 1926 fa-

177 1938 227 1961 cile
245 1938 386 1968 largiemur
403 1945 502 1969 poenas
520 1937 612 1968 quibus
637 1938 810 1968 castigamur,
835 1938 949 1968 mitigari
972 1937 1047 1961 bonis
1071 1937 1155 1968 operi-

178 1971 234 2001 bus,
253 1977 279 1995 et
297 1975 353 1995 tota
371 1972 552 2003 poenitencia,
576 1973 649 1996 iuxta
667 1972 744 2001 illud,
767 1971 796 1996 Si
819 1978 867 1995 nos
891 1971 1078 2001 iudicaremuS,
1104 1979 1156 1995 non

177 2006 349 2030 iudicaremur
366 2013 382 2029 a
399 2005 522 2030 Domino.
559 2006 594 2030 Et
610 2006 702 2030 Ierem.
724 2006 764 2030 1⁵.
783 2006 812 2031 Si
831 2013 970 2030 conuersus
989 2005 1076 2035 fueris,
1096 2013 1156 2029 con-

178 2044 278 2064 uertam
295 2045 329 2064 te.
366 2040 400 2063 Et
417 2039 511 2064 Zacha.
533 2042 557 2064 1.
576 2040 765 2064 Conuenimini
789 2040 823 2064 ad
848 2047 898 2069 me,
923 2044 949 2063 et
972 2047 1021 2071 ego
1048 2047 1155 2064 conuer-

178 2078 219 2099 tar
237 2075 271 2098 ad
288 2081 344 2098 uos.
363 2074 399 2098 Et
416 2074 511 2099 Psalm.
530 2074 572 2098 49.
591 2074 688 2098 Innoca
706 2082 745 2098 me
763 2075 790 2098 in
810 2075 852 2098 die
870 2074 1051 2099 tribulationis.

247 2108 292 2133 Sic
310 2108 478 2132 iudicandum
497 2112 536 2132 est
554 2112 579 2132 et
592 2108 620 2139 d)
639 2109 671 2132 de
689 2108 739 2132 hoc
757 2108 826 2138 loco,
845 2108 980 2133 Remittite
999 2113 1024 2132 et
1042 2109 1155 2132 remitte-

178 2146 220 2167 tur
237 2143 319 2168 uobis.
356 2142 403 2166 Est
421 2143 490 2166 enim
507 2149 575 2173 penu
592 2143 682 2167 similis
700 2144 793 2167 concio
816 2143 848 2167 de
872 2144 1043 2175 poenitencia.
1079 2143 1157 2167 Prior

178 2177 306 2209 particula
330 2177 438 2207 requirit
462 2177 531 2201 bona
558 2184 651 2208 opera,
682 2176 817 2201 Posterior
842 2178 915 2201 addit
947 2178 1155 2208 promissionem.

178 2211 269 2243 Neque
299 2214 338 2235 est
364 2211 586 2241 ratiocinandum,
613 2211 683 2242 quod
710 2215 801 2235 nostra
830 2211 989 2236 condonatio
1017 2219 1050 2236 ex
1078 2219 1156 2243 opere

178 2249 298 2277 operatd
310 2250 439 2269 mereatur
461 2246 537 2269 nobis
565 2246 659 2269 remitti
685 2249 799 2276 peccata.
835 2245 897 2270 Nou
924 2247 992 2270 enim
1018 2247 1080 2270 dicit
1106 2246 1155 2269 hoc

178 2279 305 2304 Christus.
340 2279 394 2304 Sed
412 2281 478 2304 sicut
495 2280 551 2311 alijs
575 2280 740 2303 sacramentis
764 2281 881 2305 annectit
902 2279 1021 2305 Christus
1045 2281 1154 2312 promis-

177 2314 278 2338 sionem
295 2314 454 2338 remissionis
478 2318 657 2345 peccatorum,
681 2314 718 2337 ita
741 2315 855 2338 annectit
878 2318 904 2338 et
927 2314 1001 2338 bonis
1025 2315 1153 2346 operibus.

179 2348 214 2372 Et
230 2349 295 2372 sicut
314 2348 340 2371 in
359 2355 442 2372 coena
460 2348 566 2372 Domini
585 2355 637 2372 non
657 2348 837 2379 consequimur
860 2349 1040 2373 remissionem
1064 2357 1156 2381 pecca-

180 2386 266 2406 torum
292 2383 349 2406 sine
376 2381 427 2406 fide
452 2389 484 2406 ex
511 2389 590 2413 opere
617 2385 735 2413 operato.
771 2381 811 2405 Ita
837 2389 921 2414 neque
944 2383 971 2406 iu
993 2383 1044 2408 hoc
1067 2391 1154 2415 opere,

179 2415 234 2440 Imo
253 2420 341 2440 nostra
359 2417 516 2440 condonatio
536 2424 589 2441 non
609 2420 647 2440 est
666 2416 762 2440 bonum
781 2423 860 2447 opus,
883 2417 933 2441 nisi
958 2425 1014 2441 cum
1036 2417 1065 2441 fit
1083 2425 1098 2442 a
1116 2425 1155 2442 re-

180 2450 334 2475 conciliatis.
370 2449 434 2475 Ideo
452 2456 543 2475 nostra
565 2451 739 2480 condonatio,
763 2458 829 2482 quae
851 2451 954 2482 quidem
978 2452 1064 2482 placet
1089 2452 1157 2482 Deo,

199 2578 227 2609 c)
245 2577 317 2610 hinc]
336 2578 386 2602 Ed.
405 2579 445 2603 4.:
462 2577 507 2602 hic

199 2619 231 2652 d)
249 2619 286 2652 et]
304 2621 331 2644 in
348 2620 397 2644 Ed.
416 2620 442 2645 3.
460 2620 534 2646 doen.

527 169 566 202 11.
612 168 846 202 APOLOGiA
868 167 1181 201 coNFEssmNis
1203 168 1520 202 AUGUSTANAE.
1565 169 1606 201 B.
1650 169 1840 202 ALTERA.

2118 171 2184 206 518

1205 265 1320 295 sequitur
1352 265 1570 289 condonationem
1606 265 1728 289 diuinam.
1773 264 1847 289 Solet
1876 269 1961 289 autem
1988 265 2105 290 Christus
2131 266 2183 290 hoc

1205 299 1283 322 modo
1303 299 1460 330 coniungere
1478 299 1562 329 legem
1582 303 1607 322 et
1626 299 1804 330 Euangeliom,
1823 303 1851 322 ut
1869 304 2003 331 utrumque
2023 301 2116 329 tradat,
2135 301 2182 324 do-

1206 333 1315 356 ctrinam
1334 333 1392 356 fidei
1411 337 1437 356 et
1455 333 1582 357 bonorum
1600 341 1715 364 operum,
1734 338 1761 356 ut
1780 338 1883 357 moneat
1899 334 2047 364 hypocrisin
2067 338 2091 358 et
2104 335 2182 358 simu-

1204 367 1328 390 lationem
1353 367 1530 397 poenitenciae
1554 375 1621 397 esse,
1645 369 1694 392 nisi
1719 372 1859 398 sequantur
1883 368 1944 391 boni
1967 368 2072 392 fructus.
2108 369 2182 399 Item,

1204 400 1242 424 Vt
1259 401 1340 423 multa
1357 400 1495 424 habeamus
1514 405 1623 425 externa
1641 403 1715 432 signa
1733 402 1884 433 Euangelij,
1903 406 1928 425 et
1946 403 2104 426 remissionis
2123 410 2181 433 pcc—

1205 438 1331 463 catorum,
1350 442 1415 465 qnae
1434 442 1481 458 nos
1500 436 1741 465 commonefaciant,
1760 441 1785 459 et
1802 436 1983 465 consolentur,
2002 440 2027 459 et
2045 441 2073 459 ut
2096 437 2181 461 multi-

1205 469 1308 499 pliciter
1331 475 1453 492 exercere
1477 469 1555 493 fidem
1583 471 1718 501 possimus⁴
1759 469 1802 494 Sic
1826 471 1905 501 igitur
1928 477 2033 493 necesse
2058 475 2095 493 est
2117 472 2182 494 tales

1204 503 1278 526 locos
1305 503 1402 533 accipi,
1427 510 1459 526 ne
1489 503 1636 527 aboleamus
1661 504 1833 535 Euangelium
1852 504 1883 527 de
1903 503 2022 533 Christo,
2041 511 2074 527 ne
2093 509 2182 528 nostra

1205 543 1286 568 opera
1303 543 1464 567 opponamus
1482 536 1540 561 Deo
1560 542 1680 569 tanquam
1704 539 1919 569 propiciationem
1943 542 1967 561 et
1992 539 2118 569 precium,
2137 539 2181 562 ab·

1204 572 1272 595 iecto
1291 570 1403 594 Christo.
1441 571 1504 594 Item
1524 579 1556 594 ne
1574 571 1619 595 fiat
1638 573 1735 596 inc-:tta
1754 574 1869 596 remissio
1889 577 2067 603 peccatorum,
2091 573 2114 596 si
2135 573 2181 596 do-

1205 609 1293 629 ceatur
1310 605 1422 636 pendere
1440 611 1471 628 ex
1491 605 1638 629 conditione
1657 611 1803 630 nostrorum
1821 614 1936 637 operum.

1273 639 1377 663 Citatur
1400 643 1426 662 et
1449 646 1481 662 ex
1507 639 1598 663 Tobia.
1641 640 1798 671 Elemosyna
1822 641 1854 664 ab
1885 641 1954 664 omni
1985 645 2092 671 peccato
2119 645 2145 664 et
2166 648 2181 664 a

1203 677 1287 697 morte
1305 673 1406 696 liberat.
1441 672 1502 697 Non
1517 674 1542 705 ρ)
1562 674 1674 697 dicemus
1693 675 1860 705 Hyperbolen
1880 682 1950 704 esse,
1974 675 2020 698 etsi
2043 675 2081 697 sic
2100 675 2180 706 accipi

1204 708 1288 737 debet,
1306 714 1340 731 ne
1358 707 1478 731 detrahat
1496 707 1527 730 de
1546 708 1665 731 laudibus
1685 708 1790 738 Christi,
1810 709 1880 732 cuius
1896 710 2000 740 propria
2015 713 2075 732 sunt
2083 708 2180 737 officia,

1203 742 1315 766 liberare
1333 749 1347 765 a
1366 745 1472 772 peccato
1492 745 1517 764 et
1542 749 1557 765 a
1575 746 1666 765 morte.
1703 743 1755 767 Sed
1781 743 1961 766 recurrendum
1985 747 2024 766 est
2047 743 2079 766 ad
2104 750 2180 773 regu-

1204 777 1264 805 lam,
1283 776 1352 807 quod
1370 776 1414 799 lex
1432 776 1488 799 sine
1507 775 1611 800 Christo
1631 784 1683 800 non
1700 777 1814 808 prodest.
1853 777 1957 800 Placent
1982 777 2060 807 igitur
2085 777 2180 800 elemo-

1204 818 1282 841 synae
1300 810 1374 839 Deo,
1393 817 1458 840 quae
1476 814 1616 841 sequuntur
1637 812 1888 840 reconciliationem,
1912 818 1964 834 non
1988 818 2054 841 quae
2077 818 2181 842 praece-

1205 845 1277 868 dunt.
1314 844 1402 875 Itaque
1429 844 1544 868 liberant
1570 852 1586 868 a
1612 850 1718 875 peccato
1750 850 1775 868 et
1799 853 1814 868 a
1843 849 1940 875 morte,
1972 852 2024 868 non
2047 852 2080 868 ex
2104 852 2181 876 opere

1205 883 1323 910 operam,
1342 878 1387 902 sed
1406 879 1472 902 sicut
1489 879 1567 909 paulo
1592 882 1653 902 ante
1677 880 1710 902 de
1734 880 1897 910 poenitencia
1912 880 1937 906 s)
1963 879 2087 908 diximus,
2111 880 2182 910 quod

1204 913 1282 937 fidem
1300 920 1358 936 cum
1376 912 1500 936 fructibus
1519 913 1655 944 complecti
1679 913 1829 943 debeamus,
1853 914 1889 936 ita
1912 913 1944 936 de
1966 913 2119 944 elemosynis
2143 913 2181 936 iu-

1206 947 1343 972 dicandum
1369 950 1421 977 est,
1444 948 1514 977 quod
1538 948 1641 978 placeat
1662 947 1721 971 Deo
1745 947 1809 971 fides
1833 954 1889 971 cum
1913 947 2045 971 fructibus.
2082 947 2180 971 Tobias

1205 983 1274 1006 enim
1293 982 1460 1005 contionatur
1477 989 1530 1004 non
1549 985 1649 1005 tantum
1665 981 1697 1004 de
1716 982 1886 1012 elemosynis,
1905 981 1951 1004 sed
1975 982 2050 1005 eiiam
2071 981 2103 1004 de
2121 981 2179 1005 fide.

1207 1015 1284 1040 Omni
1303 1019 1417 1046 tempore
1436 1015 1545 1039 benedic
1555 1015 1649 1045 Deum,
1669 1021 1694 1038 et
1712 1023 1770 1046 pete
1789 1016 1821 1039 ab
1841 1023 1871 1039 eo
1891 1020 1917 1038 ut
1937 1015 2031 1046 dirigat
2041 1015 2096 1039 uias
2116 1021 2180 1040 mm.

1207 1050 1264 1074 Hoc
1287 1054 1372 1074 autem
1395 1050 1500 1080 proprie
1523 1054 1561 1073 est
1578 1050 1647 1074 illius
1666 1049 1726 1073 fidei
1752 1050 1783 1073 de
1802 1057 1853 1081 qua
1875 1050 2015 1080 loquimur,
2039 1056 2103 1080 quac
2125 1056 2181 1073 sen-

1207 1085 1240 1108 tit
1258 1084 1343 1108 Deum
1361 1091 1417 1107 esse
1434 1084 1576 1115 propicium
1596 1088 1701 1115 propter
1718 1084 1798 1115 ipsius
1824 1084 2042 1112 misericordiam,
2066 1088 2092 1107 et
2117 1085 2181 1114 petit

1207 1122 1235 1142 ut
1262 1122 1348 1142 seruet
1372 1121 1398 1141 et
1422 1117 1548 1148 gubernet
1574 1125 1630 1142 nos.
1666 1118 1710 1141 Ad
1737 1118 1800 1142 haec
1827 1118 1991 1142 concedimus
2019 1117 2180 1148 elemosynas

1207 1153 1299 1177 mereri
1318 1152 1398 1176 multa
1415 1152 1541 1177 beneficia
1559 1152 1624 1182 Dei,
1643 1156 1669 1175 et
1686 1152 1797 1177 liberare
1815 1160 1867 1175 non
1886 1152 2039 1183 apraesenti
2062 1157 2179 1182 peccato.

1207 1187 1269 1211 Non
1288 1187 1356 1209 enim
1374 1187 1483 1210 uincunt
1500 1188 1564 1211 iram
1589 1191 1614 1210 et
1637 1187 1761 1210 iudicium
1784 1186 1847 1216 Dei,
1872 1193 1919 1210 nec
1944 1186 2056 1209 reddunt
2078 1190 2181 1217 pacatas

1208 1221 1387 1249 conscientias,
1405 1220 1451 1244 sed
1469 1221 1579 1245 liberare
1598 1229 1613 1244 a
1634 1221 1720 1244 futuro
1745 1225 1864 1252 peccato,
1887 1220 1938 1244 hoc
1963 1225 2013 1249 est,
2038 1220 2129 1244 mereri
2156 1224 2182 1243 ut

1207 1255 1375 1279 defendamur
1395 1256 1421 1278 in
1446 1255 1567 1286 periculis
1592 1259 1754 1286 peccatorum
1779 1259 1804 1278 et
1826 1255 1926 1278 mortis.
1963 1254 2034 1278 Haec
2060 1258 2099 1278 est
2122 1255 2181 1278 sim-

1207 1290 1267 1321 plex
1293 1290 1440 1318 sentencia,
1464 1289 1569 1320 reliquis
1588 1290 1720 1320 scripturis
1744 1289 1916 1312 consentiens.
1953 1288 1996 1312 Sic
2021 1289 2090 1312 enim
2115 1289 2181 1312 acci-

1205 1324 1299 1355 pienda
1316 1327 1375 1347 sunt
1392 1324 1516 1354 preconia
1542 1330 1648 1354 operum
1673 1327 1699 1346 et
1725 1323 1801 1354 legis,
1826 1330 1860 1346 ne
1882 1322 2018 1346 detrahant
2042 1323 2074 1345 de
2098 1323 2182 1353 gloria

1206 1358 1304 1382 Christi
1323 1361 1348 1380 et
1364 1357 1514 1389 Euangelij.

1273 1393 1386 1416 Iactatur
1403 1395 1429 1415 et
1447 1392 1542 1415 dictum
1565 1391 1663 1416 Christi
1686 1392 1754 1422 apud
1773 1391 1883 1420 Lucam,
1908 1390 1975 1415 Date
1999 1390 2181 1421 elemosynam,

1205 1430 1231 1450 et
1249 1434 1308 1450 ccce
1326 1426 1413 1449 omnia
1429 1426 1527 1449 munda
1548 1430 1607 1449 sunt
1629 1425 1712 1449 uobis.
1749 1425 1830 1449 Plane
1853 1425 1925 1449 surdi
1947 1428 2006 1448 sunt
2028 1425 2181 1456 aduersarij.

1204 1461 1293 1484 Toties
1312 1461 1364 1484 iam
1383 1460 1481 1483 dictum
1500 1464 1554 1489 est,
1578 1460 1662 1490 legem
1681 1460 1738 1483 sine
1757 1459 1862 1484 Christo
1885 1467 1939 1482 non
1960 1459 2100 1490 prodesse,
2123 1466 2182 1490 pro-

1206 1499 1264 1526 pter
1282 1501 1355 1525 quem
1373 1494 1476 1525 placent
1493 1495 1562 1518 bona
1580 1501 1667 1524 opera.
1694 1493 1747 1518 Sed
1766 1494 1805 1518 illi
1823 1494 1926 1524 ubique,
1946 1493 2050 1517 excluso
2069 1492 2183 1522 Christo,

1206 1529 1300 1553 docent
1318 1529 1412 1552 mereri
1429 1528 1637 1552 iustificationem
1655 1535 1702 1559 per
1720 1535 1801 1559 opera
1818 1528 1890 1558 legis.
1922 1528 1973 1551 Hic
1992 1527 2063 1551 locus
2081 1528 2184 1558 integer

1207 1563 1337 1595 prolatus,
1357 1563 1476 1586 ostendet
1490 1563 1516 1594 g)
1541 1566 1567 1585 et
1588 1562 1665 1586 fidem
1690 1563 1793 1593 requiri.
1830 1562 1949 1586 Christus
1972 1562 2039 1585 enim
2063 1562 2185 1592 obiurgat

1206 1597 1343 1622 Phariseos
1361 1597 1501 1621 sentientes
1519 1603 1546 1620 se.
1565 1603 1651 1620 coram
1660 1596 1718 1620 Deo
1729 1597 1856 1626 mundari,
1869 1596 1918 1619 hoc
1930 1600 1976 1625 est,
1987 1595 2119 1619 iustificari
2131 1603 2183 1619 cre-

1207 1631 1259 1656 bris
1277 1631 1460 1661 ablutionibus,
1479 1631 1546 1654 sis-ut
1563 1630 1643 1662 Papa,
1654 1632 1742 1655 nescio
1762 1631 1827 1662 quis,
1839 1630 1870 1654 de
1888 1637 1956 1661 aqua
1974 1630 2027 1653 sale
2044 1637 2185 1661 conspersa

1208 1667 1300 1697 inquit,
1319 1666 1390 1697 qnod
1408 1666 1531 1696 populum
1550 1665 1692 1689 sanctificet
1711 1672 1742 1688 ac
1759 1665 1872 1689 mundet.
1904 1664 1939 1688 Et
1956 1665 2032 1694 glosa
2049 1665 2094 1693 ait,
2115 1663 2183 1695 quod

1207 1701 1315 1724 mundet
1339 1708 1355 1724 a
1383 1700 1537 1723 uenialibus,
1580 1699 1657 1723 Tales
1685 1703 1759 1723 erant
1783 1703 1808 1723 et
1831 1699 2013 1723 Phariseorum
2040 1699 2185 1729 opiniones,

1208 1742 1272 1767 quas
1289 1734 1457 1766 reprehendit
1475 1733 1602 1763 Christus,
1621 1737 1646 1757 et
1664 1734 1772 1765 opponit
1791 1733 1850 1757 huic
1869 1734 1943 1757 fictae
1967 1733 2114 1764 purgationi
2138 1732 2184 1755 du-

1208 1770 1300 1800 plicem
1319 1769 1484 1797 mundiciem,
1504 1768 1621 1791 Alteram
1639 1768 1776 1797 internam,
1795 1768 1912 1791 Alteram
1930 1771 2071 1791 externam.
2109 1766 2184 1790 Iubet

1209 1807 1236 1826 ut
1253 1804 1321 1826 intus
1340 1803 1503 1826 mundentur.
1540 1802 1575 1825 Et
1594 1801 1668 1825 addit
1687 1803 1719 1825 de
1737 1802 1866 1826 mundieie
1891 1805 2005 1825 externa.
2043 1801 2110 1825 Date
2133 1801 2184 1824 ele·

1209 1844 1342 1868 mosynam
1361 1837 1392 1860 de
1412 1844 1442 1860 eo
1462 1837 1532 1866 quod
1551 1839 1682 1867 superest,
1708 1840 1733 1859 et
1751 1836 1788 1859 sic
1807 1836 1894 1859 omnia
1919 1840 1992 1859 erunt
2015 1836 2089 1859 uobis
2114 1842 2185 1859 mun-

1210 1872 1251 1896 da.
1283 1864 1435 1903 Adueisarij
1455 1878 1508 1893 non
1527 1874 1594 1894 recte
1618 1870 1815 1894 accommodant
1833 1870 1984 1900 particulam
2003 1869 2184 1893 uniuersalem.

1210 1906 1330 1931 Christus
1349 1906 1417 1930 enim
1436 1905 1509 1929 addit
1526 1904 1593 1928 hanc
1611 1905 1804 1928 conclusionem
1825 1905 1926 1935 utrique
1952 1904 2074 1927 membro.
2112 1903 2186 1927 Tunc

1209 1941 1298 1964 omnia
1315 1944 1390 1964 erunt
1409 1939 1512 1968 munda,
1530 1939 1667 1968 uidelicet,
1686 1939 1707 1962 si
1726 1939 1794 1962 intus
1813 1939 1885 1962 eritis
1903 1938 1992 1961 mundi
2012 1942 2037 1961 et
2053 1937 2118 1961 foris
2136 1938 2187 1961 ele-

1209 1982 1341 2006 mosynam
1369 1974 1500 1998 dederitis.
1542 1973 1681 2003 significat
1707 1973 1774 1996 enim
1801 1973 1873 2003 quod
1903 1977 2010 1996 externa
2042 1972 2186 1995 mundicics

1210 2009 1364 2033 collocanda
1381 2010 1415 2032 sit
1432 2009 1458 2031 in
1478 2007 1600 2038 operibus
1619 2015 1634 2031 a
1652 2007 1710 2030 Deo
1730 2008 1890 2038 praeceptis,
1915 2014 1966 2030 non
1987 2007 2015 2029 in
2039 2006 2185 2029 traditioni-

1209 2044 1255 2067 bus
1274 2043 1406 2072 humanis,
1431 2046 1459 2065 ut
1477 2046 1538 2065 tunc
1557 2046 1631 2065 erant
1648 2042 1708 2066 illae
1727 2041 1886 2070 ablutiones,
1911 2045 1935 2064 et
1953 2048 2021 2064 nnnc
2043 2045 2083 2063 est
2102 2041 2186 2071 quoti-

1210 2078 1287 2102 diana
1304 2078 1418 2109 aspersio
1438 2083 1530 2106 aquae,
1549 2077 1658 2099 uestitus
1677 2075 1877 2105 Monachorum,
1896 2075 2045 2099 discrimina
2063 2075 2187 2104 ciborum,

1209 2117 1235 2136 et
1253 2113 1351 2136 similes
1370 2117 1488 2143 pompae.
1525 2109 1577 2134 Sed
1602 2110 1743 2142 aduersarij
1769 2114 1934 2141 corrumpunt
1957 2109 2114 2132 sentenciam
2137 2108 2186 2132 So-

1209 2147 1316 2178 phistice
1335 2146 1459 2170 translata
1481 2144 1607 2175 particula
1631 2144 1770 2168 uniuersali
1794 2144 1827 2167 ad
1851 2151 1928 2167 unam
1953 2148 2067 2175 partem.
2092 2142 2187 2167 Omnia

1209 2186 1285 2205 erunt
1302 2181 1408 2210 munda,
1426 2179 1674 2209 datis-elemosynis,
1693 2183 1721 2202 ut
1739 2179 1762 2202 ei
1781 2179 1837 2209 quis
1856 2178 2032 2201 ratiocinetur.
2066 2177 2186 2201 Andreas

1209 2216 1290 2245 adest,
1322 2216 1402 2246 igitur
1433 2220 1522 2237 omnes
1550 2213 1668 2244 Apostoli
1703 2213 1805 2236 adsunt.
1851 2211 1936 2241 Quare
1964 2212 1990 2234 in
2018 2211 2186 2235 antecedente

1209 2254 1345 2280 utrumque
1363 2248 1504 2273 membrum
1522 2248 1644 2278 coniungi
1664 2247 1747 2275 debet,
1767 2246 1877 2274 credite,
1897 2249 1922 2269 et
1941 2246 1998 2269 date
2017 2246 2186 2276 elemosynas,

1209 2285 1250 2308 Ita
1268 2285 1357 2308 omnia
1375 2286 1451 2307 erunt
1468 2282 1575 2306 munda.
1610 2281 1745 2312 Scriptura
1763 2281 1831 2304 enim
1855 2280 1916 2304 alibi
1937 2280 2002 2303 dicit
2025 2279 2077 2303 fide
2099 2279 2185 2310 purifi-

1210 2320 1262 2343 cari
1281 2318 1370 2343 corda.
1407 2316 1485 2346 Quod
1503 2317 1524 2340 si
1550 2316 1629 2340 corda
1651 2317 1703 2340 sint
1727 2315 1866 2343 mundata,
1891 2319 1916 2337 et
1940 2314 2033 2337 deinde
2058 2313 2120 2337 soris
2144 2320 2186 2337 ac-

1211 2353 1303 2378 cedant
1321 2353 1493 2382 elemosynae,
1512 2350 1561 2374 hoc
1587 2354 1632 2380 est,
1657 2356 1737 2381 opera
1761 2349 1876 2372 caritatis
1902 2348 1984 2371 omnis
2008 2348 2124 2379 generis,
2149 2348 2188 2371 ita

1211 2389 1259 2412 toti
1277 2391 1352 2412 erunt
1368 2386 1466 2414 mundi,
1485 2384 1534 2409 hoc
1553 2389 1605 2413 est,
1624 2391 1675 2408 non
1694 2384 1776 2407 solum
1795 2383 1872 2411 intus,
1890 2382 1936 2406 sed
1955 2382 2016 2406 ioris
2035 2383 2120 2407 etiam.
2147 2381 2188 2405 Ac

1230 2539 1258 2568 e)
1277 2537 1348 2572 Non]
1367 2539 1417 2564 Ed.
1436 2540 1474 2562 4.:
1492 2537 1547 2562 Nos

1230 2581 1258 2613 ἰ)
1278 2582 1454 2613 poenitencia]
1473 2580 1520 2604 Ed.
1541 2582 1564 2604 4.
1585 2583 1635 2611 typ.
1657 2586 1721 2603 ena:
1740 2579 1889 2610 poenitenta

1230 2624 1261 2655 g)
1281 2623 1410 2657 ostendet]
1430 2624 1479 2648 Ed.
1499 2625 1534 2647 4.:
1554 2621 1666 2646 ostendit

1930 2669 1982 2695 33·
