2366 2958
279 208 352 241 479

278 301 464 340 diabolum,
491 311 532 333 ne
559 302 689 343 penitus
713 302 961 343 extingueretur
988 301 1111 332 noticia
1134 300 1199 333 Dei
1228 303 1262 333 in

277 344 385 378 teri-is.
432 344 490 376 Sic
513 346 672 376 sentimus
703 345 799 375 etiam
828 343 869 374 dc
900 343 1041 386 singulis
1065 344 1161 376 bonis
1185 354 1261 386 ope-

277 390 370 421 ribus
400 389 432 420 in
462 387 580 419 infimis
610 387 859 424 vocationibus,
887 392 920 417 et
948 388 980 418 in
1004 387 1152 429 priuatiS.
1198 388 1262 419 Per

277 431 361 463 haec
385 441 484 472 opera
509 429 684 470 triumphat
709 429 864 460 Christus
893 429 1058 461 aduersus
1081 429 1261 468 diabolum,

278 480 312 505 vt
349 474 437 515 quod
468 471 628 512 Corinthij
659 471 874 503 conserebant
902 471 1154 515 elemosynam,
1188 483 1262 504 san-

280 523 368 549 ctuni
393 525 475 557 opus
499 522 581 551 erat,
607 522 638 546 et
659 515 871 553 sacrificium,
895 522 927 546 et
951 522 1120 548 certamen
1140 515 1262 547 Christi

280 560 444 592 aduersus
476 557 662 596 diabolum,
691 558 746 599 qui
776 556 926 597 laborat,
955 569 997 589 ne
1027 559 1103 600 quid
1133 558 1190 589 fiat
1220 559 1262 589 ad

277 602 408 634 laudem
432 600 502 632 Dei.
548 599 641 632 Talia
664 611 764 642 opera
788 601 992 642 vituperare,
1016 600 1262 633 consessionem

278 645 468 681 doctrinae,
503 641 720 682 afflictiones,
753 642 865 675 officia
889 644 1056 682 caritatis,
1086 644 1263 676 mortifica-

278 689 385 720 tiones
415 687 543 727 carnis,
577 685 730 727 profecto
755 692 846 718 esset
878 687 1064 728 vitupcrare
1094 694 1264 718 externam

282 731 377 773 regni
406 729 530 761 Christi
564 730 649 760 inter
678 729 830 760 homines
864 728 1013 771 politian.
1066 729 1175 770 Atque
1210 729 1264 761 hic

280 774 432 806 addimus
456 774 550 803 etiam
575 773 616 804 de
638 773 786 814 premijS,
808 778 839 803 et
863 773 905 803 de
928 773 1055 803 merito.
1093 771 1264 804 Docemus

280 817 437 858 operibus
462 814 607 847 fidelium
631 816 820 857 proposita,
850 822 879 846 et
905 815 1071 856 promissa
1092 824 1169 846 esse
1192 825 1266 856 pre-

281 860 357 891 mia.
413 857 583 890 Docemus
619 860 706 890 bona
740 868 842 899 opera
870 858 1040 889 meritoria
1066 868 1162 896 esse,
1197 868 1263 888 non

282 902 488 934 remissionis
516 908 739 942 peccatorum,
764 901 908 942 gratiae,
931 906 987 932 aut
1013 900 1264 932 iustificationis.

283 945 377 977 Haec
404 945 489 976 enim
522 950 648 976 tantum
671 944 735 975 fide
759 943 1012 984 consequimur,
1043 944 1102 974 sed
1125 942 1265 975 aliorum

283 987 480 1030 premiorum
504 986 724 1028 corporalium
749 992 778 1017 et
803 984 1029 1027 spiritualium,
1054 987 1085 1017 in
1104 985 1168 1017 hac
1187 987 1266 1024 vita,

283 1037 318 1062 et
339 1031 521 1073 posthanc
545 1031 660 1062 vitam.
684 1029 760 1071 quia
784 1027 907 1060 Paulus
930 1029 961 1059 in
987 1029 1042 1060 uit.
1078 1028 1265 1071 Vnusquis·

282 1084 347 1116 que
369 1073 503 1114 recipiet
529 1073 714 1104 mercedem
738 1073 827 1104 iuxta
851 1082 946 1103 suum
982 1072 1128 1103 aborem.
1160 1072 1265 1104 Erunt

282 1117 380 1159 igitur
404 1114 573 1147 dissimilia
597 1115 732 1157 premia,
755 1120 890 1157 propter
915 1114 1092 1146 dissimiles
1116 1115 1264 1147 labores.

282 1162 328 1191 At
368 1159 518 1190 remissio
553 1165 764 1200 peccatorum
797 1156 912 1189 similis
958 1163 991 1189 et
1024 1157 1174 1200 aequalis
1214 1164 1266 1190 est

283 1203 439 1239 omnium,
461 1203 545 1232 sicut
570 1211 655 1233 vnus
679 1207 730 1232 est
754 1199 920 1241 Christus,
945 1206 977 1231 et
1002 1200 1137 1232 offertur
1160 1202 1265 1243 gratis
1287 1216 1292 1226 ·

282 1245 433 1278 omnibus
460 1245 514 1286 qui
538 1245 677 1276 credunt
705 1244 767 1275 sibi
797 1249 933 1286 propter
956 1242 1124 1275 Christum
1148 1245 1266 1276 remitti

281 1294 429 1331 peccata.
474 1287 646 1329 Accipitur
668 1287 766 1329 igitur
789 1292 913 1318 tantum
936 1286 1001 1318 fide
1020 1287 1171 1318 remissio
1190 1297 1265 1328 pec-

282 1337 449 1369 catorum,
485 1336 517 1361 et
550 1329 755 1368 iustificatio,
789 1339 855 1361 non
889 1335 1025 1371 propter
1054 1328 1122 1362 vlla
1153 1340 1264 1372 opera.

282 1373 376 1406 Sicut
400 1379 531 1405 constat
559 1374 592 1404 in
620 1374 803 1404 terroribus
827 1373 1053 1405 conscientiae
1081 1373 1169 1415 quod
1198 1384 1265 1405 non
1288 1388 1292 1395 ·

281 1422 424 1460 possunt
451 1417 520 1448 irae
543 1415 606 1448 Dei
641 1416 764 1458 opponi
793 1414 862 1447 vlla
886 1422 1001 1447 nostra
1032 1426 1151 1457 opera,
1178 1417 1266 1448 sicut

281 1459 406 1492 Paulus
440 1457 531 1492 clare
566 1460 656 1491 dicit.
702 1459 783 1491 Fide
815 1458 982 1491 iustificati
1014 1469 1130 1501 pacem
1164 1459 1264 1491 habe-

280 1515 355 1538 mus
390 1513 472 1545 erga
504 1501 630 1541 Deum,
670 1513 730 1545 per
769 1502 934 1534 dominum
977 1508 1126 1534 nostrum
1157 1501 1265 1534 lesum

281 1548 461 1587 Christum,
484 1557 543 1590 per
566 1556 662 1589 quem
686 1552 717 1577 et
735 1555 910 1578 accessum
931 1544 1093 1577 habemus
1113 1544 1177 1576 fide
1199 1551 1263 1577 ete.

280 1592 381 1624 Fides
409 1598 518 1623 autem
547 1591 623 1633 quia
652 1589 741 1622 filios
763 1588 827 1622 Dei
851 1587 946 1626 facit,
970 1586 1050 1619 facit
1072 1594 1105 1620 et
1128 1587 1265 1620 cohere-

281 1635 341 1667 des
365 1634 500 1667 Christi.
545 1634 661 1677 ltaque
685 1635 758 1676 quia
782 1632 1046 1665 iustificationem
1070 1641 1137 1663 non
1159 1641 1264 1664 mere-

280 1689 352 1710 mur
381 1678 538 1720 open'bus
574 1678 713 1714 nostris,
749 1687 815 1719 qua
842 1675 1003 1708 efficimur
1033 1674 1091 1718 filij
1123 1674 1201 1714 Dei,
1233 1680 1265 1706 et

280 1721 467 1753 coheredes
496 1720 631 1759 Christi,
672 1731 738 1752 non
772 1730 936 1752 meremur
963 1720 1062 1751 vitam
1096 1725 1265 1752 aeternam

280 1764 440 1806 operibus
473 1765 608 1795 nostris.
662 1764 760 1795 Fides
791 1764 876 1795 enim
913 1763 1147 1805 consequitur,
1211 1763 1264 1794 uia

279 1807 364 1839 fides
386 1806 541 1840 iustificat
570 1816 650 1845 nos,
674 1812 705 1838 et
727 1807 828 1838 habet
851 1804 1018 1848 placatum
1041 1805 1161 1838 Deum.
1232 1816 1262 1837 e-

276 1852 374 1883 betur
402 1857 512 1882 autem
542 1849 746 1888 iustificatis,
771 1850 861 1880 iuxta
890 1847 981 1880 illud.
1028 1848 1122 1885 Quos
1150 1849 1262 1881 iustiti-

276 1894 382 1932 cauit,
411 1894 547 1925 eosdem
579 1900 609 1924 et
639 1892 848 1932 glorificauit.
896 1890 1022 1923 Paulus
1053 1893 1264 1924 commendat

276 1938 372 1969 nobis
403 1942 615 1979 praeceptum
645 1937 686 1968 de
715 1935 920 1967 honorandis
949 1936 1141 1975 parentibus
1172 1945 1262 1967 men—

275 1981 367 2012 tione
389 1980 522 2022 premij,
550 1979 639 2021 quod
664 1979 794 2011 additur
817 1977 862 2010 illi
885 1984 1081 2020 praecepto,
1117 1978 1172 2010 vbi
1195 1988 1261 2009 non

276 2022 365 2062 vult,
394 2023 482 2065 quod
511 2023 698 2055 obedientia
728 2033 808 2064 erga
838 2027 992 2062 parentes
1022 2021 1176 2053 iustificet
1201 2031 1261 2052 nos

276 2077 388 2100 corani
414 2065 504 2104 Deo,
533 2066 600 2097 Sed
624 2072 798 2107 postquam
823 2064 857 2095 fit
881 2065 912 2095 in
937 2064 1135 2098 iustificatis.
1159 2074 1261 2095 mere·

277 2116 329 2142 tur
358 2108 422 2140 aliu
457 2119 577 2151 magna
608 2110 741 2149 premia.
789 2107 880 2139 Deus
912 2114 1021 2138 tamen
1055 2108 1143 2139 varie
1167 2117 1260 2138 exer-

277 2159 329 2185 cet
353 2158 509 2190 sanctos,
541 2158 571 2182 et
595 2161 696 2192 saepe
727 2151 835 2182 differt
863 2151 987 2192 premia
1011 2151 1161 2182 iusticiae
1185 2160 1262 2191 ope·

276 2207 368 2233 rum,
397 2202 429 2226 vt
454 2195 584 2227 discant
617 2205 682 2225 non
707 2195 877 2225 confidere
900 2204 961 2224 sua
985 2193 1132 2231 iusticia,
1161 2200 1195 2225 vt
1219 2193 1262 2224 di·

277 2245 373 2272 scant
403 2247 566 2280 quaerere
600 2236 802 2268 voluntatem
835 2236 896 2268 Dei
928 2237 1034 2278 magis
1061 2247 1159 2278 quam
1190 2246 1262 2278 pre—

277 2283 351 2315 mia.
398 2282 490 2313 Sicut
514 2287 652 2322 apparet
675 2281 706 2311 in
732 2280 801 2317 lob,
823 2281 855 2311 in
876 2279 1011 2311 Christo
1035 2286 1067 2310 et
1091 2278 1167 2320 alijs
1187 2289 1262 2310 san-

278 2327 350 2358 cti-⁴.
403 2324 443 2356 Et
473 2325 514 2356 de
538 2324 601 2355 hac
630 2333 666 2354 re
694 2324 814 2354 docent
843 2333 905 2353 nos
928 2321 1019 2353 multi
1045 2321 1184 2359 Psalmi,
1208 2322 1262 2364 qui

278 2366 495 2400 consolantur
510 2377 573 2398 nos
596 2367 760 2398 aduersus
784 2364 996 2397 foelicitatem
1019 2366 1204 2408 impiorum,
1229 2372 1261 2396 vt

280 2410 368 2443 Psnl.
389 2411 499 2442 xxxvi.
534 2409 609 2442 Noli
632 2408 800 2441 aemulari.
835 2408 874 2439 E·
900 2408 1053 2440 Christus
1078 2409 1131 2439 nit.
1168 2408 1262 2439 Beati

281 2456 334 2497 qni
359 2454 623 2496 persecutionem
638 2453 811 2494 paciuntur
822 2458 957 2493 propter
975 2452 1148 2489 iusticiam,
1163 2461 1264 2494 quon·

281 2499 345 2530 iam
371 2499 378 2528 i
406 2508 518 2528 sorum
543 2503 594 2527 est
617 2506 756 2538 regnum
781 2495 963 2527 coelorum.

369 2540 382 2571 l
401 2542 428 2570 is
452 2540 620 2581 preconijs
644 2540 805 2570 bonorum
829 2547 965 2579 operum
985 2544 1158 2568 mouentur
1177 2536 1264 2568 haud

283 2584 380 2615 dubie
415 2582 529 2614 fidelos
558 2583 600 2614 acl
635 2582 719 2613 bene
742 2582 955 2623 operandum.
1008 2579 1138 2611 interim
1168 2581 1264 2611 etiam

283 2627 493 2669 praedicatur
516 2627 668 2657 doctrina
689 2626 918 2666 poenitenciae
942 2624 1107 2655 aduersus
1138 2624 1265 2664 impios,

284 2671 338 2712 qui
362 2669 448 2700 mule
482 2675 678 2710 operantur,
713 2669 898 2700 ostenditur
916 2668 964 2699 ira
990 2666 1064 2705 Dei,
1087 2677 1185 2708 quani
1209 2667 1266 2697 mi·

737 206 850 239 PmL.
874 206 976 239 MEL.
999 205 1186 240 SCRIPTA
1208 205 1477 239 DOGMATICA
1499 205 1556 238 ΕΤ
1578 205 1850 239 8ΥΜΒΟΙᾸΟΑ.

1289 927 1294 991 Ι

1290 1197 1292 1215 ι

1289 1238 1292 1261 Ι

1288 1300 1292 1384 i

1287 1559 1294 1803 ι

1281 1804 1292 2424 ἑ

1287 2434 1294 2688 ι

2234 209 2300 242 480

1316 307 1414 332 natus
1448 306 1500 332 est
1532 301 1687 332 omnibus
1720 301 1775 342 qui
1809 310 1877 331 non
1909 306 2013 343 agunt
2045 303 2297 344 poenitenciam.

1316 343 1505 375 Laudamus
1529 343 1628 385 igitur
1650 349 1682 374 et
1701 343 1896 386 requin'mus
1919 345 2007 375 bona
2030 355 2144 387 opera,
2166 352 2198 377 et
2219 344 2299 378 mul-

1316 392 1369 418 tas
1402 386 1608 417 ostendimus
1637 395 1774 424 causas,
1804 396 1907 428 quare
1937 386 2007 419 fieri
2036 387 2189 420 debeant.
2242 388 2299 421 Sic

1317 429 1358 460 de
1379 429 1536 469 operibus
1559 429 1658 460 docet
1679 435 1712 460 et
1737 427 1870 463 Paulus,
1895 439 1969 460 cum
1991 430 2105 472 inquit,
2128 430 2300 464 Abraham

1315 473 1490 512 accepisse
1520 472 1822 510 circumcisionem,
1855 482 1922 503 non
1956 480 1992 503 vt
2021 483 2082 514 per
2109 472 2189 505 illud
2214 484 2300 516 opus

1315 515 1559 546 iustificaretur.
1616 514 1681 545 la'm
1705 515 1788 546 enim
1819 514 1882 545 fide
1916 522 2118 547 consecutus
2142 522 2232 555 erat,
2265 522 2301 549 vt

1315 559 1421 589 iustus
1439 562 1664 598 reputaretur,
1685 556 1753 588 Sed
1776 558 1920 589 accessit
1944 559 2167 598 circumcisio,
2190 565 2225 591 vt
2243 558 2300 592 ha-

1317 601 1410 632 beret
1438 601 1470 632 in
1508 609 1650 641 corpore
1683 600 1842 641 scriptum
1876 601 2026 643 signum,
2063 612 2129 643 quo
2158 612 2300 635 commo-

1316 643 1470 675 nefactus
1505 649 1674 675 exerceret
1709 642 1825 681 fidem,
1859 653 1924 685 quo
1958 645 2054 676 etiam
2084 643 2300 677 confiteretur

1317 686 1414 717 fidem
1439 697 1550 718 coram
1581 685 1656 727 alijs
1687 691 1718 717 et
1747 684 1833 717 alios
1862 687 1903 717 ad
1933 687 2133 719 credendum
2169 697 2230 720 suo
2253 693 2300 720 te-

1317 729 1469 761 stimonio
1503 730 1666 760 inuitaret.
1728 727 1814 760 Abel
1848 729 1913 760 tide
1947 731 2124 771 gratiorem
2157 729 2299 762 hostiam

1316 771 1449 810 obtulit,
1484 773 1560 814 quia
1594 772 1693 814 igitur
1722 771 1786 802 tide
1815 772 1921 803 iustus
1953 779 2042 810 erat,
2075 773 2151 804 ideo
2175 772 2300 815 placuit

1315 814 1534 853 sacrificium,
1563 816 1651 857 quod
1675 813 1820 846 faciebat
1842 825 1909 846 non
1931 821 1966 847 vt
1990 826 2050 856 per
2072 816 2105 846 id
2129 826 2214 858 opus
2237 826 2299 849 me-

1316 863 1444 889 reretur
1472 858 1702 889 remissionem
1732 864 1968 898 peccatorum,
1997 865 2029 890 et
2057 859 2208 901 gratiam,
2238 859 2300 891 sed

1315 906 1350 931 vt
1380 900 1478 931 fidem
1508 911 1600 932 suam
1635 907 1827 936 exerceret,
1861 908 1892 932 et
1928 902 2118 933 ostenderet
2147 900 2224 943 alijs
2257 902 2300 934 ad

1315 943 1506 975 inuitandos
1531 953 1588 974 eos
1612 944 1654 975 ad
1677 943 1889 976 credendum.
1908 945 1980 982 ¹0⁰)

1402 1011 1486 1043 Cum
1510 1012 1574 1043 hoc
1597 1012 1696 1043 modo
1721 1013 1807 1044 bona
1837 1023 1938 1055 opera
1962 1014 2056 1056 sequi
2080 1013 2178 1044 fidem
2201 1013 2300 1045 debe-

1316 1060 1391 1089 ant,
1426 1053 1526 1097 longe
1559 1053 1656 1086 aliter
1688 1062 1824 1087 vtuntur
1858 1056 2015 1097 operibus
2049 1055 2215 1090 homines.
2246 1057 2303 1098 qui

1317 1107 1384 1129 non
1408 1104 1548 1138 possunt
1572 1098 1711 1129 credere
1733 1109 1774 1130 ac
1798 1103 1945 1130 statuere
1967 1100 1999 1129 in
2019 1099 2122 1130 corde
2145 1100 2207 1130 sibi
2226 1109 2302 1140 gra-

1316 1140 1359 1171 tis
1383 1141 1513 1182 ignosci
1535 1147 1671 1182 propter
1694 1139 1873 1178 Christum,
1897 1151 1936 1172 se
1954 1140 2079 1173 habere
2098 1140 2207 1172 Deum
2225 1151 2303 1182 pro-

1315 1183 1436 1224 picium
1458 1184 1562 1226 gratis
1592 1191 1729 1226 propter
1750 1183 1929 1216 Christum.
1948 1187 1977 1223 ¹)
2029 1183 2068 1215 Hi
2092 1193 2166 1215 cam
2189 1185 2303 1216 vident

1317 1236 1419 1267 opera
1448 1233 1660 1265 sanctorum,
1694 1227 1838 1259 humano
1869 1237 1962 1259 more
1995 1227 2140 1259 iudicant
2164 1232 2304 1259 sanctos

1316 1270 1542 1310 promeruisse
1557 1272 1588 1309 ²)
1617 1271 1845 1301 remissionem
1869 1276 2083 1311 peccatorum
2106 1276 2139 1301 et
2161 1270 2304 1312 gratiam

1314 1322 1375 1354 per
1401 1312 1486 1344 haec
1514 1315 1672 1354 opera-⁸)
1728 1312 1807 1344 ldeo
1833 1314 2002 1345 imitantur
2031 1323 2072 1345 ea
2094 1319 2127 1344 et
2150 1313 2305 1345 senciimt

1315 1365 1354 1386 se
1388 1366 1448 1396 per
1488 1365 1591 1397 opera
1635 1354 1756 1388 similia
1803 1357 1924 1388 mereri
1963 1356 2190 1388 remissionem
2224 1365 2303 1398 peo-

1316 1404 1487 1436 catorum,
1547 1400 1622 1435 ⁴)et
1655 1400 1818 1441 gratiam,
1870 1401 2024 1431 senciunt
2057 1409 2095 1432 se
2140 1409 2200 1440 per
2243 1396 2303 1431 illa

1315 1451 1420 1482 opera
1455 1440 1592 1482 placare
1627 1443 1711 1474 iram
1743 1441 1825 1480 Dei,
1866 1448 1900 1474 et
1932 1443 2112 1484 consequi,
2155 1447 2192 1474 vt
2225 1451 2304 1483 pro·

1315 1488 1388 1525 pter
1420 1483 1478 1515 illa
1512 1495 1616 1526 opera
1656 1485 1732 1516 iusti
1773 1490 1978 1527 reputentur.
2042 1485 2137 1518 Hanc
2169 1485 2302 1527 impiam

1315 1527 1503 1568 opinionem
1519 1529 1549 1566 ⁴)
1573 1528 1606 1559 in
1636 1528 1793 1568 operibus
1822 1529 2036 1568 damnamus,
2060 1527 2202 1560 Primum
2225 1527 2303 1569 quia

1316 1571 1522 1606 otiscurat⁶)
1554 1569 1695 1612 gloriam
1719 1569 1860 1608 Christi,
1895 1581 1969 1603 cum
1999 1569 2150 1603 homiues
2179 1579 2302 1611 propo—

1315 1619 1396 1644 nunt
1417 1612 1505 1650 Deo,
1540 1612 1624 1646 haec
1652 1623 1756 1655 opera
1786 1620 1941 1655 tanquam
1971 1613 2118 1655 precium
2140 1619 2174 1646 et
2194 1613 2304 1655 propi-

1316 1655 1503 1691 ciationem.
1539 1656 1601 1689 Hic
1623 1655 1734 1688 honos
1756 1657 1887 1688 debitus
1911 1658 1966 1688 vni
1991 1656 2127 1689 Christo
2149 1655 2304 1688 tribuitur

1315 1700 1439 1731 nostris
1462 1699 1639 1741 operibus,
1663 1700 1838 1739 Secundo,
1867 1710 1976 1742 neque
1998 1707 2108 1733 tamen
2130 1699 2304 1732 inueniunt

1317 1744 1543 1776 conscientiae
1568 1754 1686 1785 pacem
1719 1743 1752 1776 in
1787 1742 1838 1775 bis
1867 1743 2041 1785 operibus,
2070 1743 2132 1775 sed
2161 1741 2227 1775 alia
2248 1751 2303 1774 su-

1317 1798 1377 1829 per
1391 1790 1423 1826 ⁶)
1456 1786 1521 1819 alia
1550 1788 1583 1820 in
1611 1789 1700 1820 veris
1730 1787 1914 1819 terroribus
1938 1786 2145 1820 cumulantes
2168 1785 2302 1818 tandem

1317 1831 1512 1872 desperant.
1546 1832 1623 1873 quia
1651 1829 1777 1863 nullum
1806 1842 1826 1863 ο
1852 1839 1892 1862 us
1923 1831 2005 1862 satis
2029 1830 2186 1862 mundum
2210 1829 2302 1861 inue-

1316 1874 1419 1905 niunt.
1465 1874 1604 1916 Semper
1620 1876 1650 1908 ⁷)
1674 1880 1811 1907 accusat
1829 1841 1901 1911 lex,
1925 1879 1957 1904 et
1979 1874 2065 1916 parit
2087 1873 2180 1904 iram.
2225 1871 2303 1903 Ter·

1316 1918 1380 1955 tio,
1424 1916 1525 1949 Tales
1566 1927 1733 1959 nunquam
1772 1922 1998 1958 assequuntur
2032 1915 2187 1948 noticiam
2225 1913 2302 1952 Det,

1335 2073 1362 2104 1)
1383 2073 1482 2104 ignosci
1503 2076 1609 2103 propter
1628 2071 1772 2101 Christum,
1792 2079 1819 2095 sc
1838 2071 1934 2096 habere
1953 2070 2037 2097 Deum
2055 2072 2200 2104 pmpiciuru
2218 2071 2300 2103 graus

1385 2112 1490 2139 propter
1509 2105 1661 2138 Christum]
1686 2106 1768 2130 Editt.
1795 2107 1884 2131 2—⁴.:
1910 2107 2011 2138 ignosci
2035 2111 2141 2138 propter
2159 2105 2301 2131 Christum.

1385 2142 1487 2172 (ceteris
1506 2141 1616 2171 ommia)

1331 2185 1361 2213 2)
1381 2189 1484 2223 sanctos
1505 2183 1687 2215 promeruisse]
1709 2184 1788 2208 Editt.
1809 2184 1898 2207 2—4.:
1919 2188 2024 2208 nanctus
2037 2184 2159 2215 operibus
2177 2183 2228 2207 itti-
2242 2190 2301 2215 pro-

1384 2226 1507 2242 messllSSG

1332 2262 1362 2292 3)
1382 2267 1407 2285 et
1432 2264 1543 2293 gratiam
1570 2269 1614 2293 per
1639 2261 1702 2285 haer.
1728 2261 1828 2293 opert}
1857 2260 1935 2285 Editt.
1963 2261 2056 2284 2—⁴.:
2082 2265 2106 2284 et
2131 2264 2239 2292 proptor
2256 2260 2301 2285 ΙΙΙ·

1385 2304 1465 2329 opera
1485 2298 1566 2320 iustos
1586 2301 1717 2327 reputato!
1738 2303 1793 2319 esse
1813 2302 1900 2319 coram
1920 2295 1987 2319 Deo.

1333 2340 1362 2369 ⁴)
1382 2344 1407 2363 ct
1427 2341 1548 2370 gratiam,
1568 2341 1685 2363 sen-*inm
1705 2347 1731 2362 so
1751 2346 1795 2370 por
1815 2339 1860 2362 itt·
1878 2344 1957 2370 open
1976 2337 2080 2370 piarat-o
2100 2338 2164 2361 inm
2183 2336 2248 2367 Det.
2276 2341 2302 2362 οἱ

1386 2374 1518 2406 consequi,
1538 2378 1564 2397 vt
1584 2378 1688 2405 proptor
1708 2374 1752 2397 itin
1771 2380 1851 2405 oper·
1875 2372 1934 2396 iusti
1961 2376 2118 2404 reputentur.
2157 2372 2232 2396 Hanc
2255 2371 2300 2396 in·

1386 2410 1453 2440 piam
1475 2408 1634 2440 opinionem}
1662 2409 1740 2432 Etim.
1762 2409 1854 2431 ¹1—⁴.:
1880 2411 2006 2430 conantur
2025 2407 2127 2439 placare
2149 2407 2214 2431 iram
2240 2405 2300 2436 Del,

1386 2449 1411 2466 ιί
1437 2443 1569 2466 rontidunt
1598 2450 1625 2466 so
1654 2447 1759 2474 propter
1790 2443 1852 2466 talia
1877 2449 1956 2474 opera
1983 2443 2064 2466 iustos
2087 2442 2208 2473 reputari.
2248 2440 2301 2465 Bu

1388 2479 1478 2510 impia«
1498 2478 1633 2508 opiniones

1334 2521 1363 2552 b)
1386 2521 1497 2545 Primum
1517 2522 1577 2552 quia
1596 2518 1730 2550 obscurat}
1750 2519 1828 2543 Editt.
1849 2519 1940 2544 2—⁴.:
1966 2519 2052 2543 l’rimo
2076 2519 2138 2550 quia
2160 2519 2303 2543 obscum·

1335 2565 1365 2594 G)
1385 2563 1472 2595 superi
1493 2564 1572 2587 Editt.
1593 2564 1682 2587 2-4.:
1704 2569 1781 2593 supra

1335 2608 1365 2637 ⁷)
1385 2608 1446 2637 qnia
1465 2607 1563 2630 nullum
1583 2613 1646 2637 opus
1666 2606 1727 2629 satin
1746 2605 1868 2629 mnndum
1893 2605 2036 2629 inuentum.
2073 2603 2192 2636 Semper]
2216 2603 2298 2628 Edit&

1387 2642 1478 2665 2-⁴‚:
1506 2642 1566 2673 quia
1593 2649 1649 2664 rum
1685 2640 1783 2663 nullum
1812 2647 1875 2671 opus
1910 2641 1972 2664 saun
2003 2639 2125 2663 mundum
2152 2639 2298 2668 innunt-u.

1389 2682 1487 2707 semper
