2366 2958
140 176 207 209 557
495 175 532 209 11.
577 174 811 209 APOLOGIA
834 175 1154 208 CONFESSIONIS

142 275 318 313 queretur,
351 269 597 303 satisfactiones
627 276 753 302 tantum
781 280 859 302 esse
881 278 1008 310 poenas
1038 269 1123 301 redi-

141 319 272 347 mentes
297 314 537 356 purgatorium.
581 313 624 345 Et
651 313 714 344 has
735 311 984 345 satisfactiones
1010 312 1123 343 dicunt

141 355 275 395 valere,
308 358 406 388 etiam
435 357 465 388 si
492 356 573 387 fiant
602 356 645 388 ab
672 356 725 387 his
754 356 809 398 qui
831 353 955 397 relapsi
985 360 1063 386 sunt
1088 355 1122 385 in

140 406 316 441 peccatum
339 398 499 437 mortale,
530 400 625 440 quasi
656 409 738 431 vero
768 399 878 430 diuina
901 397 1029 430 offensa
1051 396 1122 438 pla-

141 442 211 474 cari
245 448 344 484 queat
377 443 420 474 ab
454 442 507 474 his
541 443 596 484 qui
631 448 708 474 sunt
738 442 770 473 in
803 446 944 483 peccato
979 438 1120 489 mortali.

140 485 234 518 Haec
265 491 335 516 tota
367 495 422 517 res
456 491 508 516 est
539 485 784 518 commenticia,
817 492 938 516 recens
967 482 1122 521 conflet-a,

139 528 213 559 sine
245 528 421 559 autoritate
453 528 640 568 scripturae
673 533 705 559 et
743 533 890 558 veterum
924 524 1151 566 scriptorum¹

137 569 464 602 Ecclesiasticorum.
509 571 562 602 Ac
589 581 632 602 ne
654 570 898 611 Longobardus
921 569 1053 610 quidem
1081 568 1121 599 de

137 613 422 646 satisfactionibus
445 613 512 645 hoe
533 615 632 645 modo
654 612 809 654 loquitur.
854 610 1054 644 Scholastici
1078 611 1122 642 vi-

138 656 256 688 derunt
277 656 310 687 in
322 655 477 688 Ecclesia
500 666 577 688 esse
595 655 857 693 satisfactiones,
880 655 954 686 Nec
976 654 1122 687 animad-

137 704 308 731 uerterunt
330 698 387 731 illa
415 698 609 742 spectacula
625 700 774 730 instituta
792 707 870 730 esse
893 704 961 729 tum
979 696 1119 738 exempli
1144 678 1148 732 Ι

137 751 258 780 causa,
286 747 353 774 tum
383 743 425 774 ad
448 743 641 784 probandos
670 741 735 772 hos
757 741 813 782 qui
838 742 994 782 petebant
1016 741 1120 781 recipi
1145 736 1153 817 ἶ

136 785 180 816 ab
202 783 364 817 Ecclesia.
399 785 435 816 ln
457 795 596 823 summa,
619 795 686 816 non
704 783 857 816 viderunt
879 793 956 815 esse
976 783 1119 824 discipli-

135 837 224 865 nam,
249 833 281 859 et
303 838 373 860 rem
396 837 537 868 prorsus
559 826 738 868 politicam.
779 826 857 858 ldeo
881 827 1120 868 supersticiose

134 868 302 902 finxerunt
324 880 403 908 eaS,
429 880 497 902 non
520 871 563 902 ad
586 869 792 911 disciplinam
817 879 931 901 coram
952 869 1119 908 Ecclesia,

135 913 198 944 sed
228 914 270 944 ad
298 912 496 954 placandum
525 912 633 944 Deum
668 911 793 944 valere.
845 912 886 944 Et
915 914 1000 944 sicut
1034 912 1119 944 alias

136 964 239 996 saepe
267 957 476 988 incommode
505 956 842 994 commiscueruntw)
873 954 1057 996 spiritualia
1086 961 1119 987 et

134 997 289 1036 πολιτικά,
312 999 399 1030 idem
421 999 544 1031 accidit
567 1005 600 1030 et
621 999 655 1030 in
678 997 972 1030 satisfactionibus.
1017 999 1119 1041 Atqui

135 1039 234 1084 glosa
263 1041 297 1072 in
320 1039 514 1074 Canonibus
541 1041 718 1083 aliquoties
743 1047 884 1073 testatur
910 1041 972 1073 has
1003 1043 1118 1073 obser-

133 1084 288 1116 uationes
300 1084 469 1129 institutas
483 1095 559 1117 esse
571 1090 707 1126 propter
716 1084 923 1126 disciplinam
931 1083 1116 1116 Ecclesiae.

221 1134 343 1166 Videte
369 1141 479 1168 autem
505 1137 673 1178 quomodo
703 1137 735 1167 in
758 1134 992 1168 confutacione
1019 1146 1117 1178 quam
1142 1121 1149 1166 l

134 1178 207 1209 ausi
235 1184 312 1209 sunt
341 1179 520 1210 obtrudere
543 1179 642 1212 caes.
665 1179 835 1211 Blaiestati
861 1181 1003 1221 probent
1032 1180 1117 1211 haec

134 1229 196 1252 sua
219 1220 386 1262 figmenta.
431 1221 536 1254 Multa
565 1223 653 1254 dicta
676 1232 717 1253 ex
739 1222 913 1264 scripturis
937 1223 1056 1260 citant,
1082 1228 1117 1254 vt

131 1261 244 1295 fucum
277 1264 440 1306 imperitis
473 1264 615 1304 faciant,
654 1266 750 1307 quasi
784 1265 870 1297 haec
902 1275 957 1296 res
992 1266 1117 1297 habeat

132 1306 345 1338 autoritatem
367 1317 408 1339 ex
431 1308 623 1349 scripturis,
678 1318 740 1340 uae
769 1307 879 1340 adhuc
900 1308 1116 1351 Longobardi

131 1353 282 1389 tempore
323 1350 439 1391 ignota
477 1357 558 1382 erat.
615 1350 658 1382 Al
673 1356 774 1393 egant
813 1350 875 1382 bas
915 1352 1114 1383 sentencias.

131 1390 246 1423 Facite
270 1390 398 1424 fructus
422 1393 543 1436 dignos
571 1395 812 1434 poenitenciae.
856 1393 935 1426 Item
963 1395 1115 1426 exhibete

131 1435 281 1466 membra
319 1442 433 1467 vestra
466 1437 596 1468 seruire
628 1437 790 1468 iusticiae.
843 1437 924 1468 Item
957 1437 1114 1469 Christus

130 1477 302 1519 praedicat
323 1478 575 1519 poenitenciam.
617 1481 717 1522 Agite
738 1480 993 1520 poenitenciam.
1033 1480 1113 1511 ltem

130 1519 285 1552 Clu-istus
312 1521 401 1553 iubet
426 1521 613 1563 Apostolos
642 1523 878 1564 poenitentiam
906 1523 1114 1564 praedicare.

129 1562 171 1595 Et
194 1563 316 1596 Petrus
344 1565 515 1606 praedicat
545 1566 788 1607 poenitenciam
811 1567 909 1598 Actu.
939 1566 970 1606 ij.
990 1566 1114 1597 Postea

131 1606 235 1638 citant
257 1607 420 1648 quaedam
444 1607 533 1639 dicta
555 1608 689 1639 Patrum
712 1614 745 1639 et
768 1607 934 1640 canones.
970 1608 1014 1640 Et
1037 1618 1114 1640 con·

133 1647 338 1688 cludunt,⁴⁶')
361 1648 611 1682 satisfactiones
634 1651 667 1682 in
678 1649 832 1683 Ecclesia
849 1657 967 1684 contra
978 1661 1114 1693 expres-

130 1701 205 1724 sum
223 1691 444 1735 Euangelium
467 1699 500 1725 et
523 1692 747 1725 Conciliorum
771 1700 805 1726 et
822 1693 959 1727 Pati-um
978 1696 1115 1727 decreta

129 1733 315 1767 abolendae
337 1745 404 1767 non
428 1742 517 1775 sunt,
540 1738 618 1778 quin
641 1737 704 1768 imo
728 1736 871 1769 absoluti
893 1748 915 1769 a
937 1739 1114 1770 sacerdote

128 1777 312 1810 iniunctam
328 1779 570 1820 poenitenciam
583 1779 744 1821 perficere
762 1781 901 1818 debent,
918 1779 1002 1813 illud
1018 1779 1113 1812 Pauli

128 1826 320 1863 sequentes·
366 1821 466 1854 Dedit
495 1824 709 1863 semetipsum
732 1833 793 1865 pro
821 1825 939 1862 nobiS,
971 1830 1007 1856 vt
1029 1823 1114 1856 redi-

128 1870 235 1896 meret
256 1873 321 1895 nos
343 1865 386 1896 ab
410 1866 499 1897 omni
521 1866 693 1908 iniquitate
719 1873 751 1898 et
772 1867 947 1898 mundaret
968 1868 1032 1899 sibi
1054 1877 1113 1908 po·

128 1906 242 1949 pulum
265 1907 523 1956 acceptabilem,
551 1915 754 1941 sectatorem
778 1910 941 1942 bonorum
964 1920 1112 1952 operum.

215 1956 309 1990 Deus
331 1959 450 2000 perdat
471 1960 557 1992 istos
580 1961 699 2001 impios
723 1961 922 2002 Sophistas,
951 1967 1017 1994 tam
1041 1971 1113 1993 sce-

127 1999 214 2033 leste
253 2001 491 2043 detorquentes
530 2004 669 2035 verbum
699 2002 764 2036 Dei
803 2005 846 2036 ad
886 2016 949 2037 sua
983 2005 1112 2036 somnia

127 2044 319 2076 vanissima.
366 2043 450 2079 Quis
481 2046 590 2077 bonus
618 2047 669 2078 vir
696 2057 764 2079 non
793 2055 1043 2080 commoneatur
1065 2048 1111 2078 in-

128 2087 288 2130 dignitate
318 2087 433 2119 tanta?
477 2087 632 2121 Christus
661 2089 774 2132 inquit.
819 2091 920 2133 Agite
942 2092 1112 2133 poeniten-

129 2130 227 2162 ciam.
284 2129 440 2172 Apostoli
473 2132 668 2173 praedicant
701 2134 962 2174 poenitenciam,
1008 2135 1111 2177 Igitur

126 2182 257 2214 poenae
274 2179 432 2205 aeternae
451 2180 709 2216 compensantur
724 2177 842 2217 poenis
859 2179 1110 2219 purgatorij‚⁴⁷)

126 2216 230 2258 Igitur
257 2214 373 2248 claues
395 2215 521 2249 habent
548 2219 739 2250 mandatum
769 2221 953 2252 remittendi
982 2227 1109 2262 partem

124 2268 308 2302 poenarum
330 2260 528 2302 purgatorij,
550 2260 652 2302 igitur
674 2261 924 2295 satisfactiones
946 2265 1110 2297 redimunt

125 2312 254 2344 poenas
276 2303 473 2345 purgatorij.
507 2304 589 2340 Quis
602 2305 714 2337 docuit
724 2305 808 2337 istos
818 2307 863 2343 ⁴³)
886 2307 999 2339 asinos
1022 2306 1109 2339 hanc

127 2343 371 2378 Dialecticam‘3
417 2347 485 2379 Sed
513 2346 598 2379 haec
627 2357 735 2390 neque
763 2347 967 2389 Dialectica,
1000 2360 1108 2393 neque

128 2507 176 2540 45)
196 2509 493 2542 commiscueruntJREd.
513 2511 538 2535 3.
557 2514 608 2544 typ.
629 2520 693 2536 ern:
713 2512 912 2536 commiscuerat

129 2550 177 2583 46)
196 2551 230 2575 Et
249 2551 426 2586 concludung]
445 2553 526 2580 Editt.
546 2555 638 2586 21—4*
657 2555 692 2578 Et
710 2555 867 2580 concludunt
885 2555 925 2579 hia
943 2557 1040 2581 uerbis.

128 2594 176 2626 4⁷)
194 2596 283 2627 poenis
301 2595 466 2630 purgatumq
485 2597 566 2623 Editt.
585 2599 676 2622 2—4.:
696 2597 917 2622 satisfactionibus
935 2601 1040 2629 nonu-is,
1128 2582 1139 2668 l

127 2638 177 2670 4⁸)
188 2639 272 2670 istos]
289 2639 339 2663 Ed.
357 2638 382 2663 3.
401 2643 452 2672 typ.
473 2648 535 2666 ert:
554 2642 605 2665 ist-o

1174 176 1489 210 AUGUSTANAE.
1533 177 1573 209 B.
1618 177 1810 211 ALTERA.
2091 180 2160 214 558

1176 270 1366 312 Sophistica
1390 277 1451 307 est,
1475 272 1536 303 sed
1554 278 1605 304 est
1625 271 1880 314 Sycophantica.
1915 273 1993 304 ldeo
2009 272 2156 317 allegant

1175 314 1262 345 hanc
1296 324 1424 346 vocem.
1479 315 1579 357 Agite
1614 316 1874 356 poenitenciam,
1911 322 1947 347 vt
1982 327 2055 348 cum
2089 317 2155 350 tale

1175 355 1297 387 dictum
1322 363 1438 388 contra
1460 367 1523 388 nos
1547 358 1679 390 citatum
1703 358 1841 400 imperiti
1865 359 2018 398 audiunt,
2045 362 2154 392 conci-

1174 398 1265 439 piant
1302 400 1488 439 opinionem
1522 411 1584 432 nos
1618 407 1720 432 totam
1748 402 1990 442 poenitenciam
2024 401 2153 436 tollere.

1174 441 1233 473 His
1251 443 1378 473 artibus
1401 441 1546 474 alienare
1568 444 1714 481 animos,
1738 450 1771 475 et
1792 444 1999 475 inflammare
2023 447 2097 477 odia
2108 449 2153 485 ⁴⁹)

1174 490 1349 522 conantur,
1371 491 1406 515 vt
1425 485 1632 517 conclament
1650 492 1765 518 contra
1785 497 1847 518 nos
1866 488 2016 528 imperiti,
2038 488 2154 521 tollen-

1174 527 1236 558 dos
1259 536 1337 558 esse
1369 537 1388 557 e
1416 528 1523 558 medio
1546 535 1612 560 tam
1639 529 1832 570 pestilentes
1856 529 2062 570 haereticos,
2098 533 2154 574 qui

1173 570 1413 611 improbent-⁵⁰)
1436 571 1686 609 poenitenciam.

1261 612 1330 645 Sed
1352 622 1527 654 speramus
1549 615 1636 655 apud
1656 616 1762 646 bonos
1781 616 1872 647 viros
1891 615 1953 647 has
1971 615 2153 650 calumnias

1173 665 1288 697 parum
1311 654 1521 697 profecturas
1545 667 1631 688 esse.
1666 657 1705 688 Et
1723 657 1818 690 Deus
1841 664 1964 690 tantam
1988 661 2154 701 impuden-

1173 698 1257 730 ciam
1279 708 1320 729 ac
1344 697 1506 730 maliciam
1530 709 1595 730 non
1620 700 1674 731 (liu
1696 700 1791 732 seret.
1836 701 1907 732 Nec
1930 702 2051 734 vtiliter
2075 715 2153 736 con-

1172 740 1250 773 sulit
1272 751 1353 773 suae
1385 741 1535 782 dignitati
1561 742 1730 774 Romanus
1754 743 1926 783 Pontifex,
1956 747 2043 787 quod
2068 745 2152 778 tales

1172 784 1338 816 Patronus
1360 783 1507 822 adhibet,
1531 786 1619 826 quod
1635 796 1701 817 rcm
1715 788 1888 818 maximam
1902 789 2021 820 iudicio
2035 789 2152 821 horum

1173 826 1404 868 Sophistarum
1434 828 1601 868 permittit.
1656 828 1739 859 Nam
1771 840 1843 860 cum
1874 840 1935 861 nos
1965 832 1996 862 in
2021 832 2152 864 conses-

1171 871 1266 901 sione
1287 869 1360 902 fere
1382 880 1544 902 summam
1564 871 1735 902 doctrinae
1753 871 1960 905 Christianae
1978 876 2153 907 vniuersae

1172 912 1338 954 complexi
1355 914 1468 953 simus,
1491 913 1668 945 adhibendi
1692 915 1821 946 fuerant
1836 916 1960 948 iudices
1984 918 2025 948 de
2039 919 2150 957 tantis,

1170 962 1235 987 tam
1265 954 1394 994 multis,
1424 962 1456 987 et
1486 962 1552 988 tam
1581 957 1683 998 vari-js
1713 959 1863 999 negociis
1891 962 2151 1000 pronunciaturi,

1171 1009 1310 1040 quorum
1345 1000 1497 1030 doctrina
1537 1005 1568 1031 et
1608 1000 1692 1031 fides
1726 1002 1896 1042 probatior
1930 1009 2019 1034 esset
2053 1014 2150 1045 quam

1170 1041 1288 1073 horum
1311 1041 1557 1083 Sophistarum‚
1588 1044 1643 1084 qui
1674 1042 1760 1075 hanc
1784 1043 2050 1077 consutacionem
2074 1048 2151 1078 scri-

1170 1087 1377 1126 pserunt.⁵¹)
1423 1084 1524 1126 ldque
1554 1091 1586 1117 te
1615 1084 1774 1128 Campegi
1803 1098 1863 1129 pro
1900 1094 1955 1119 tua
1989 1089 2151 1130 sapientia

1169 1128 1345 1169 prouidere
1379 1128 1538 1167 decebat,
1572 1139 1615 1160 ne
1649 1130 1726 1170 quid
1762 1130 1794 1160 in
1828 1131 1927 1162 tantis
1962 1133 2062 1163 rebus
2096 1133 2150 1164 isti

1140 1168 1144 1199 1
1169 1171 1367 1209 scriberent,
1392 1171 1482 1212 quod
1504 1177 1561 1202 aut
1583 1171 1648 1202 hoc
1672 1179 1830 1214 tempore.
1856 1179 1911 1204 ant
1934 1175 1976 1205 ad
1995 1181 2150 1215 posteros

1168 1213 1320 1245 videatur
1342 1223 1447 1255 posse
1471 1213 1616 1245 minuere
1630 1214 1799 1246 Romanae
1822 1216 1913 1247 sedis
1937 1218 2150 1249 existimatio-

1168 1266 1253 1288 nem.
1300 1256 1335 1288 Si
1366 1256 1515 1287 Romana
1546 1258 1646 1288 sedes
1677 1265 1792 1290 censet
1822 1269 1962 1300 aequum
1987 1270 2081 1298 esse,
2114 1267 2149 1292 vt

1166 1308 1283 1331 omnes
1317 1305 1435 1341 gentes
1463 1305 1650 1340 agnoscant
1680 1311 1753 1332 eam
1782 1312 1843 1342 pro
1872 1303 2032 1344 magistra
2060 1304 2148 1343 fidei,

1166 1342 1266 1374 debet
1289 1353 1424 1383 operam
1450 1343 1546 1380 dare,
1569 1348 1603 1374 vt
1628 1344 1715 1374 docti
1739 1350 1771 1375 et
1794 1345 1912 1385 integri
1934 1346 1993 1376 viri
2010 1347 2052 1378 de
2073 1346 2148 1379 reli-

1165 1385 1320 1426 gionibus
1345 1391 1566 1427 cognoscant.
1602 1385 1688 1420 Quid
1713 1387 1797 1418 enim
1815 1388 1971 1419 iudicabit
1995 1390 2147 1428 mundus,

1165 1429 1194 1459 si
1218 1429 1351 1469 quando
1375 1427 1561 1469 proferetur
1583 1429 1615 1459 in
1638 1427 1764 1468 lucem,
1798 1431 1956 1471 scriptum
1987 1432 2147 1464 aduersa-

1164 1471 1299 1509 riorum,
1319 1472 1395 1512 quid
1414 1471 1569 1503 iudicabit
1587 1474 1778 1512 posteritas,
1802 1474 1842 1504 de
1861 1473 1912 1505 his
1932 1473 2147 1507 calumniosis

1136 1524 1141 1530 ¹
1164 1513 1319 1555 iudicijs2
1357 1513 1462 1545 Vides
1486 1514 1646 1557 Campegi
1670 1515 1755 1547 haec
1777 1526 1855 1548 esse
1877 1523 2046 1557 postrema
2068 1524 2147 1551 tem-

1164 1567 1265 1598 pora,
1293 1557 1326 1587 in
1355 1558 1476 1598 quibus
1499 1557 1654 1589 Christus
1682 1560 1844 1600 praedixit
1867 1559 2040 1600 plurimum
2064 1562 2147 1602 peri—

1165 1598 1231 1631 culi
1266 1599 1339 1631 iore
1372 1599 1534 1642 religioni.
1588 1600 1660 1632 Vos
1699 1602 1799 1643 igitur
1832 1603 1886 1643 qui
1924 1609 2079 1644 tanquam
2113 1605 2146 1635 in

1164 1641 1303 1683 specula
1338 1644 1475 1682 sedere,
1509 1649 1541 1675 et
1570 1645 1758 1685 gubernare
1792 1644 1973 1687 religiones
2007 1647 2147 1686 debetis,

1165 1684 1218 1717 his
1247 1687 1453 1726 temporibus
1483 1688 1625 1728 oportuit
1652 1686 1855 1729 singularem
1887 1689 2045 1720 adhibere
2077 1696 2146 1722 tum

1164 1729 1372 1769 prudentiam
1411 1736 1479 1760 tum
1518 1728 1730 1771 diligentiam.
1786 1730 1892 1763 Multa
1925 1739 2004 1763 sunt
2036 1733 2145 1775 signa,

1165 1769 1251 1812 quae
1263 1771 1325 1802 nisi
1338 1772 1564 1811 prouideritis,
1588 1773 1751 1805 minantur
1763 1775 1982 1806 niutacionem
1995 1774 2145 1807 Romano

1164 1814 1281 1851 statui,
1311 1813 1353 1845 Et
1375 1824 1486 1853 erras,
1516 1816 1545 1846 si
1576 1821 1701 1847 tantum
1729 1817 1760 1847 vi
1791 1822 1822 1848 et
1845 1818 1946 1848 armis
1975 1819 2144 1850 existimas

1164 1856 1336 1888 Ecclesias
1375 1857 1566 1889 retinendas
1599 1868 1688 1889 esse.
1738 1858 1862 1891 Doceri
1902 1861 1942 1891 de
1982 1861 2144 1902 religione

1163 1898 1334 1941 postulant
1361 1898 1522 1932 homines.
1567 1900 1674 1936 Quam
1701 1901 1823 1933 multos
1853 1912 1931 1933 esse
1961 1905 2143 1941 existimas,

1163 1952 1230 1974 non
1254 1948 1379 1974 tantum
1401 1944 1434 1974 in
1459 1943 1654 1982 Germania,
1685 1945 1745 1975 sed
1767 1945 1865 1976 etiam
1894 1946 1926 1976 in
1950 1945 2088 1988 Anglia,
2110 1948 2143 1978 in

1163 1984 1334 2026 Hispania,
1356 1986 1389 2017 in
1409 1985 1542 2027 Gallijs,
1565 1987 1598 2018 in
1623 1985 1725 2024 ltalia,
1750 1988 1890 2029 denique
1913 1989 1945 2019 in
1965 1990 2038 2029 ipsa
2062 1991 2145 2022 vrbe

1162 2027 1287 2066 Roma,
1317 2029 1372 2070 qui
1395 2029 1548 2070 quoniam
1573 2031 1685 2061 vident
1715 2037 1849 2062 exortas
1871 2041 1948 2063 esse
1979 2033 2020 2063 de
2044 2033 2144 2064 maxi-

1162 2071 1224 2102 mis
1247 2072 1349 2103 rebus
1373 2074 1634 2110 controuersias,
1659 2073 1810 2105 dubitare
1832 2073 1951 2105 alicubi
1975 2076 2145 2117 incipiunt,

1163 2119 1196 2145 et
1229 2115 1318 2146 taciti
1350 2115 1580 2157 indignantur,
1620 2117 1709 2158 quod
1749 2116 1812 2148 has
1846 2123 1956 2149 tantas
1990 2128 2044 2149 res
2084 2119 2145 2150 rite

1163 2166 1371 2198 cognoscere
1395 2163 1427 2189 et
1456 2158 1604 2190 iudicare
1634 2160 1814 2198 recusatiS,
1844 2161 1932 2201 quod
1955 2170 2021 2192 non
2044 2160 2145 2202 expli-

1164 2201 1248 2231 catis
1271 2200 1479 2242 ambigentes
1503 2203 1738 2241 conscientias,
1762 2203 1851 2244 quod
1876 2209 2000 2234 tantum
2023 2205 2143 2236 iubetis

1162 2252 1226 2274 nos
1253 2243 1354 2275 armis
1382 2245 1520 2285 opprimi
1547 2255 1588 2277 ac
1615 2244 1727 2277 deleri.
1771 2245 1918 2281 Multi32)
1953 2253 2031 2278 sunt
2066 2247 2143 2278 boni

1163 2286 1237 2324 viri,
1261 2287 1381 2328 quibus
1403 2287 1489 2320 haec
1513 2288 1697 2327 dubitacio,
1720 2294 1824 2320 morte
1848 2289 2002 2321 acerbior
2024 2296 2086 2321 est.
2097 2291 2142 2327 ⁵³)

1163 2440 1209 2471 49)
1229 2439 1300 2473 odia]
1320 2441 1369 2465 Ed.
1389 2441 1428 2465 3.:
1448 2442 1509 2466 odio

1162 2484 1208 2514 50)
1228 2483 1385 2515 improbent]
1405 2484 1453 2508 Ed.
1473 2488 1509 2510 4.:
1529 2485 1677 2516 improbant

1162 2526 1209 2557 51)
1227 2526 1291 2550 fides
1316 2527 1449 2558 probatior
1478 2532 1544 2551 esset
1569 2535 1645 2558 quam
1670 2540 1702 2545 —
1726 2527 1907 2560 scripsemnt.]
1936 2528 2017 2552 Editt.
2048 2530 2125 2554 2—4.

1231 2560 1294 2584 fides
1315 2561 1390 2584 bonis
1409 2562 1471 2585 uiris
1490 2562 1650 2593 probaretur.

1162 2601 1210 2634 ⁶2)
1228 2602 1316 2635 Multi]
1334 2603 1416 2626 Editt.
1436 2604 1521 2628 2-4,:
1540 2603 1615 2627 Multi
1637 2608 1721 2627 nutem

1162 2644 1209 2677 53)
1229 2646 1318 2676 quibus
1345 2645 1409 2669 haec
1434 2646 1578 2675 dubitacio,
1602 2652 1685 2670 morte
1715 2647 1832 2671 acerbior
1856 2648 1916 2679 est]
1939 2648 2020 2672 Editt.
2047 2648 2138 2674 2—4..
