2366 2958
81 157 147 189 289

81 250 158 282 Deo
188 249 347 282 rationem
370 246 530 279 reddituri
565 247 649 285 sint,
683 247 774 289 qnod
806 247 926 278 iniusta
955 255 1058 278 onera

81 294 251 334 imponunt
284 290 531 324 sacerdotibus,
566 291 655 331 quod
686 290 865 332 pertinacia
900 299 959 320 sua
988 287 1058 320 effi-

83 336 184 373 ciunt,
196 341 231 366 vt
254 332 493 365 Ecclesiastica
516 333 703 364 obedientia
717 331 931 364 dissoluatur.
965 331 1058 363 Haec

82 378 232 420 tyrannis
260 377 447 418 neutiquam
477 376 571 407 dccet
599 382 769 416 pastores,
803 376 922 416 quibus
956 375 1059 415 inquit

82 419 207 452 Paulus
240 425 439 460 potestatem
467 419 577 449 datam
605 428 680 450 esse
711 419 752 449 ad
782 417 1058 454 aedificationem,

81 473 149 495 non
171 463 213 494 ad
231 462 496 493 destructionem.

169 506 204 536 ln
226 508 293 536 xv¹⁰
314 506 366 542 5S)
394 503 460 535 hoc
494 503 763 544 reprehenditur,
794 503 883 544 quod
905 502 1058 540 diximus,

82 548 276 580 traditiones
305 546 465 579 humanas
501 557 568 577 non
598 556 674 577 esse
708 545 817 578 cultus
846 545 888 576 ad
918 544 1058 576 salutem

81 591 302 623 necessarios.
349 590 418 622 Sed
447 590 476 621 is
504 588 663 621 articulus
692 589 724 620 in
757 587 978 619 Confessione
1001 598 1058 618 no—

82 639 151 664 stra
181 632 292 665 multis
322 632 521 673 testimonijs
551 631 768 663 confirmatus
803 637 864 662 est.
911 630 951 661 Et
982 631 1059 672 quia

81 674 167 708 infra
190 675 286 716 plura
305 675 346 707 de
368 674 432 706 hac
455 684 491 705 re
514 674 631 706 dicturi
654 684 781 713 sumus,
795 674 877 705 satis
897 679 948 704 est
971 683 1059 705 nunc

81 719 213 750 vnicum
231 718 297 750 hoc
312 720 364 756 ⁵⁹)
387 718 606 749 testimonium
652 727 771 756 onere,
794 717 884 758 quod
907 715 1061 747 Christus

82 762 179 793 nobis
214 761 383 803 proponit,
417 760 555 792 Frustra
590 765 702 792 count
730 769 782 791 me
809 759 972 791 mandatis
1002 758 1061 789 ho-

82 805 215 836 minum.

170 845 252 877 Cum
280 846 313 877 in
336 845 422 877 hanc
445 845 643 877 sententiam
670 845 790 886 vbique
820 845 951 876 damnet
980 844 1061 875 scri-

82 895 179 931 ptura
201 888 288 920 hanc
311 889 511 930 opinionem,
534 888 623 930 quod
646 897 893 929 promereamur
921 888 1061 929 gratiam

82 942 142 973 per
171 930 280 963 cultus
311 941 332 962 a
366 931 463 962 nobis
497 932 706 973 excogitatos
742 931 814 961 sine
848 931 951 961 verbo
985 929 1062 968 Dei,

81 981 204 1016 quanta
229 974 427 1015 impudentia
451 979 518 1012 est,
548 974 612 1005 hos
637 973 746 1005 cultus
769 983 830 1015 pro
860 973 1060 1014 necessarijs

82 1017 238 1059 exigere?

167 1059 220 1091 De
243 1059 458 1091 inuocatione
482 1059 695 1097 Sanctorum,
719 1058 932 1090 concedimus
962 1068 1062 1099 ange-

83 1102 136 1134 los
159 1108 191 1134 et
214 1107 351 1133 sanctos
373 1102 407 1133 in
431 1100 540 1133 Coelis
563 1102 650 1143 apud
670 1099 778 1132 Deum
800 1111 897 1133 orare
920 1112 982 1142 pro
1000 1101 1062 1132 Ec-

448 153 487 186 11.
532 152 762 185 APOLOGIA
783 122 1098 186 CONFESSlONIS
1121 148 1440 184 AUGUSTANAE.
1485 149 1526 181 A.
1571 147 1716 180 PRIOR.

2019 149 2088 182 29⁰

1110 250 1246 285 propter
1269 254 1354 285 quae
1376 242 1464 275 illam
1487 241 1629 285 amplexi
1650 251 1782 283 sumuS‚
1812 248 1845 274 et
1868 243 2015 283 cupimus
2031 245 2085 281 62)

1111 293 1247 327 propter
1269 286 1408 328 gloriam
1432 286 1495 318 Dei
1519 296 1632 327 puram
1653 286 1805 316 retinere.
1823 287 1875 323 (Ν)
1908 285 1993 317 Tota
2022 285 2084 318 Ec—

1112 327 1214 360 clesia
1246 327 1307 360 fuit
1339 335 1436 360 antea
1470 338 1632 370 oppressa
1667 329 1815 359 doctrina
1850 338 2006 368 operum,
2045 328 2087 360 Et

1112 370 1218 413 gloria
1241 372 1428 402 meritorum
1449 370 1572 403 Christi
1595 378 1625 402 et
1650 371 1798 402 iusticiae
1814 373 1866 408 Μ)
1896 370 1972 402 fidei
2001 372 2086 403 iace-

1113 415 1168 444 bat
1190 414 1312 455 ignota.
1358 413 1394 444 ln
1423 414 1638 445 concionibus
1666 414 1742 454 (fol.
1764 413 1834 449 29³)
1864 412 2013 444 nonnulli
2042 414 2088 444 ni.

1112 455 1158 487 llil
1182 457 1347 488 docebant
1371 456 1433 487 nisi
1456 457 1615 497 quasdam
1641 457 1891 488 obseruationes
1915 457 2088 494 humanas,

1113 505 1205 530 certa
1228 499 1364 537 ieiunia,
1394 505 1502 530 certas
1525 498 1643 538 ferias,
1672 499 1887 536 cerimonias,
1915 497 2087 541 indulgen-

1112 541 1195 579 tias,
1226 548 1338 573 certos
1366 542 1518 579 ordines,
1552 548 1662 573 certos
1697 540 1804 573 cultus
1835 548 2026 573 sanctorum
2055 547 2089 572 et

1112 582 1241 615 similia.
1277 584 1311 615 Si
1325 584 1380 625 qui
1393 584 1590 615 videbantur
1602 585 1841 625 prudentiores,
1855 585 2020 615 docebant
2035 586 2088 622 65)

1113 637 1216 667 opera
1252 625 1372 658 ciuilia.
1423 626 1475 657 De
1508 627 1573 657 fide
1606 628 1637 657 in
1667 626 1850 665 Christum,
1887 628 1927 658 de
1959 627 2090 659 iusticia

1112 669 1187 700 fidei
1211 668 1290 701 nihil
1313 670 1519 701 audiebatur.
1535 671 1588 706 ⁶⁶)
1629 670 1671 700 At
1696 668 1748 700 hic
1771 670 1968 711 praecipuus
1991 669 2089 701 locus

1113 718 1164 744 est
1187 713 1359 744 doctrinae
1375 714 1427 749 ⁶⁷)
1451 711 1601 743 doctrina
1624 712 1665 743 de
1688 713 1814 744 iusticia
1841 712 1928 754 fidej.

1199 755 1260 786 Est
1282 762 1315 786 et
1333 756 1386 792 6Β)
1410 754 1495 785 inter
1518 755 1712 795 praecipuos
1733 755 1827 786 locos
1841 755 1991 787 doctrina
2012 764 2090 796 poe—

1113 798 1279 829 nitentiae.
1343 797 1449 833 Quam
1488 797 1609 828 misere
1642 797 1726 828 hacc
1773 799 1994 829 contaminata
2039 803 2090 829 est

1113 850 1181 873 non
1215 839 1321 872 solum
1350 841 1393 871 ab
1429 840 1499 878 his,
1533 841 1587 881 qui
1612 840 1828 871 vendiderunt
1856 840 2090 882 indulgentias,

1113 883 1173 914 sed
1196 884 1237 914 ab
1258 883 1333 924 alijs
1363 881 1562 925 hypocritis,
1579 885 1631 920 ⁶⁹)
1657 884 1710 924 qui
1742 882 1833 914 obliti
1865 883 1939 915 fidei
1969 884 2090 915 docue-

1113 932 1189 957 runt
1221 932 1357 967 propter
1389 931 1504 957 nostra
1545 926 1661 957 metita
1696 926 1814 957 remitti
1848 932 2004 967 peccata,
2036 926 2091 967 qui

1115 970 1337 1000 conscientias
1361 968 1545 1010 adegerunt
1567 968 1610 999 ad
1641 969 1902 1009 desperationem
1932 979 1991 1010 per
2014 979 2092 1000 enu-

1113 1013 1327 1043 merationem
1350 1017 1580 1051 peccatorum.
1608 1021 1666 1052 per
1692 1012 1808 1053 impias
1833 1010 2091 1044 satisfactiones.

1201 1054 1283 1086 Cum
1306 1054 1408 1095 igitur
1430 1054 1462 1085 hi
1485 1052 1551 1085 loci
1575 1054 1615 1085 de
1628 1054 1829 1095 poenitentia
1852 1061 1884 1086 et
1908 1055 1949 1086 de
1961 1055 2093 1087 iusticia

1085 1078 1089 1131 Ι
1113 1096 1189 1128 fidei
1212 1097 1244 1128 in
1267 1096 1331 1128 hac
1355 1097 1523 1134 doctrina,
1552 1107 1648 1138 quam
1679 1099 1783 1128 nostri
1813 1098 1950 1136 docent,
1979 1107 2092 1139 repur-

84 1145 198 1176 clesia.
244 1144 339 1175 Sicut
363 1150 395 1175 et.
416 1145 580 1185 scriptura
604 1144 697 1182 dicit,
730 1144 818 1186 quod
842 1144 997 1186 gaudium
1019 1144 1087 1184 siti
1114 1140 1182 1182 gati
1205 1140 1289 1177 sint,
1315 1146 1347 1171 et
1371 1138 1478 1181 gloria
1509 1138 1631 1170 Christi
1660 1138 1824 1171 illustrata
1853 1141 1915 1179 sit,
1939 1141 2091 1183 agnosci-

84 1186 214 1229 angelis
243 1189 410 1227 ευριπ-60)
445 1193 621 1228 peccatore
662 1188 896 1228 poenitentiam
931 1193 1061 1228 agente,
1085 1190 1087 1213 1
1114 1193 1186 1214 mus
1220 1183 1361 1214 maxima
1393 1182 1481 1213 dona
1514 1182 1610 1213 nobis
1641 1193 1661 1213 a
1690 1183 1764 1213 Deo
1797 1185 1969 1225 proposita
2003 1192 2093 1221 esse,

83 1230 151 1262 Sed
173 1230 237 1261 hoc
260 1229 338 1261 nihil
357 1228 435 1261 facit
453 1230 495 1261 ad
508 1229 764 1267 lnuoeationem,
789 1229 959 1262 lnuocatio
983 1229 1060 1268 (fol.

83 1273 155 1307 28¹³)
178 1273 304 1304 incerta
327 1278 358 1303 et
386 1271 576 1313 periculosa
605 1279 668 1304 est.
713 1270 814 1303 Nulla
845 1273 929 1303 enim
959 1271 1062 1304 habet

83 1315 272 1346 testimonia
294 1315 488 1356 scripturae.
535 1315 613 1346 ldeo
637 1325 708 1345 eam
732 1325 797 1346 non
820 1315 1006 1355 recipimus.

168 1357 239 1389 Nec
261 1358 402 1398 patimur
424 1358 561 1398 aequari
583 1364 774 1388 sanctorum
802 1357 963 1388 honorem
987 1367 1062 1389 cum

81 1399 210 1432 honore
233 1399 366 1432 Christi.
401 1399 496 1431 Vnus
510 1399 664 1431 Christus
687 1397 762 1431 talis
785 1405 837 1430 est
859 1400 1062 1431 intercessor

82 1453 123 1475 ac
156 1443 336 1482 mediator,
359 1448 395 1474 vt
423 1443 465 1473 sit
494 1443 707 1484 propiciator.
752 1441 818 1484 Alij
849 1442 966 1474 Sancti
992 1452 1060 1474 non

82 1491 162 1518 sunt
183 1486 434 1527 propiciatores.
469 1485 660 1517 Mandatum
685 1491 718 1517 et
740 1486 995 1526 promissionem
1019 1486 1061 1517 de

83 1527 217 1561 Christo
239 1527 412 1567 habemus,
431 1527 594 1570 Quicquid
617 1529 775 1570 petieritis
797 1534 925 1570 patrem
946 1529 980 1559 in
1003 1539 1060 1560 no-

82 1572 171 1604 mine
188 1582 281 1610 meo,
305 1571 395 1603 dabit
422 1571 529 1603 vobis.
575 1571 689 1613 ltaque
716 1572 749 1602 in
777 1572 910 1603 nomine
938 1570 1061 1603 Christi

84 1615 245 1646 debemus
263 1615 433 1652 inuocare,
451 1613 543 1646 illum
572 1613 768 1645 Pontificem
797 1620 830 1646 et
856 1614 1061 1655 placatorem

83 1657 173 1689 Patri
198 1657 387 1696 ostendere,
399 1656 461 1689 Hic
483 1655 591 1689 honor
613 1655 705 1691 nullo
723 1657 822 1689 modo
846 1658 944 1689 debet
955 1663 1062 1689 trans-

82 1698 162 1732 ferri
183 1701 224 1732 ad
247 1698 331 1732 alios
352 1706 499 1733 sanctos.

409 1819 598 1851 Secunda
623 1820 735 1851 Pars.

170 1904 263 1936 Haec
283 1904 444 1943 doctrina,
469 1915 568 1946 quam
586 1903 733 1937 confessi
756 1915 886 1944 sumus,
902 1915 969 1937 non
993 1912 1063 1937 tan-

84 1953 152 1980 tum
180 1946 280 1979 habet
313 1948 575 1979 emendationem
602 1949 809 1990 quorundam
838 1950 1001 1981 abusuum
1030 1949 1063 1980 in

85 1991 232 2023 externis
264 1990 467 2029 ritibusffl),
500 1991 562 2023 sed
590 1990 693 2024 habet
721 1990 786 2024 alia
813 1992 939 2024 maiora
963 1993 1063 2031 bona,

154 2163 253 2194 aer-:psit
268 2161 345 2193 (vide,
363 2170 426 2194 quae
435 2156 511 2193 εὐρνα
523 2170 549 2194 p.
561 2162 609 2186 28⁷
621 2169 655 2194 aq.
668 2163 762 2187 uncinis
772 2163 869 2188 inclusa
885 2163 1062 2196 exhibuimus),

154 2196 249 2229 reliqua
267 2200 347 2220 omem
366 2196 427 2228 (sol.
449 2196 574 2227 22—27.)
595 2197 716 2222 continere
740 2197 788 2222 duo
810 2199 918 2231 scripta,
944 2207 1006 2231 quae
1030 2198 1062 2223 ab

154 2231 275 2264 Apolnyia
289 2238 394 2262 proretae
413 2231 495 2255 aliena
512 2234 576 2260 eunt,
595 2239 676 2263 nempe
692 2232 742 2261 fol.
762 2232 804 2256 22.
824 2236 846 2258 et
865 2233 907 2258 2⁷.
933 2234 1062 2258 consilium

153 2264 383 2289 Melanthonis
401 2264 425 2289 d.
446 2265 487 2290 27.
500 2265 554 2290 Οα.
568 2265 642 2290 1530.
661 2267 779 2298 scriptum
797 2270 870 2300 atque
881 2267 931 2299 fol.
950 2267 1062 2292 23—26.

152 2300 259 2331 primam
284 2298 468 2324 delineationem
491 2301 602 2332 responsi
627 2298 822 2326 Lurheranorum
847 2301 980 2326 Catholicis
1008 2301 1063 2327 red-

154 2333 236 2364 dendi,
254 2334 422 2365 Spoletini
442 2342 513 2357 manu
532 2335 649 2367 rm’ptam
668 2339 689 2359 et
714 2344 730 2359 α
754 2335 964 2361 Melanthoue
989 2345 1063 2360 manu

149 2369 257 2427 {⁰¹3⁰
275 2368 434 2436 εηιῗᾱᾳταω)
444 2368 514 2400 (vide
531 2377 593 2401 quae
610 2377 686 2401 eupra
702 2377 728 2401 p.
748 2369 798 2394 ²59
817 2377 851 2403 sq.
872 2371 925 2395 loco
944 2371 1064 2402 iry‘en'ore

236 2410 250 2426 c
266 2410 295 2427 re
331 2410 420 2427 inmun
437 2422 443 2427 .

86 2445 133 2476 58)
152 2444 183 2469 In
201 2444 292 2503 211va
311 2445 437 2476 Chytr.:
455 2446 486 2471 111
504 2446 722 2479 Decimoquinto,
747 2445 879 2472 Onold.:
904 2448 936 2472 In
953 2448 1004 2473 XV
1023 2457 1064 2474 ar-

156 2484 208 2503 tlcu
220 2487 235 2503 ο

86 2521 134 2554 59)
154 2523 255 2546 vnieum
274 2521 337 2554 hoc]
356 2522 483 2554 Chytr.:
501 2530 578 2548 vnum
759 2547 763 2551 ,

87 2563 136 2596 60)
155 2564 242 2597 super]
261 2565 298 2589 ηἰ-
315 2564 450 2595 Ouold.‚
469 2565 837 2598 chytr.;t3ue1t.:supra

88 2606 135 2638 61)
154 2606 265 2641 ritibus,]
284 2606 407 2638 chyum
427 2608 510 2639 rebus,

294 2666 442 2687 numu.
455 2667 536 2687 OPBR.
553 2667 615 2688 VOL.
630 2667 722 2687 xxvn.

1115 1226 1266 1256 videmus
1294 1225 1508 1266 conscientijs
1541 1230 1663 1256 certam
1698 1227 1798 1263 et70)
1831 1225 2094 1258 consolationem

1114 1268 1319 1309 propositam
1344 1277 1439 1305 esse,
1474 1267 1634 1299 Videmus
1669 1268 1701 1298 in
1731 1269 1851 1310 quibus
1880 1271 1981 1301 rebus
2007 1269 2094 1310 posi·

1114 1317 1167 1342 tus
1197 1311 1240 1341 sit
1271 1320 1372 1341 verus
1406 1310 1470 1341 Dei
1505 1309 1632 1349 cultus,
1666 1310 1825 1343 Videmus
1859 1322 1945 1353 quae
1979 1321 2094 1353 opera,

1114 1364 1199 1395 quae
1221 1363 1345 1394 genera
1361 1354 1412 1387 ⁷¹)
1436 1351 1699 1394 Deo<placeant.

1200 1395 1279 1435 (fol.
1302 1394 1374 1433 29¹³)
1397 1395 1522 1427 Harum
1545 1406 1654 1428 rerum
1677 1397 1821 1438 cognitio
1849 1398 2095 1430 coimnendauit

1113 1438 1211 1469 nobis
1232 1438 1373 1478 primum
1402 1436 1489 1469 hanc
1518 1438 1701 1470 doctrinam
1735 1445 1935 1471 nostrorum.
1980 1439 2023 1471 Et
2052 1450 2094 1472 ex

1113 1490 1152 1512 ea
1181 1481 1318 1512 multum
1351 1481 1422 1521 ipsi-
1444 1481 1628 1523 aduersarij
1658 1482 1722 1513 iam
1756 1482 1957 1523 decerpunt,
1990 1493 2094 1525 quan-

1113 1533 1211 1565 quam
1234 1523 1354 1555 malam
1376 1524 1518 1565 gratiam
1539 1524 1681 1555 reddant
1702 1523 1767 1564 his,
1791 1535 1811 1557 a
1833 1526 1954 1567 quibus
1978 1527 2093 1558 admo-

1113 1567 1170 1598 niti
1194 1572 1280 1598 sunt.

1156 1608 1282 1642 Postea
1304 1614 1485 1641 consecuta
1509 1614 1560 1641 est
1580 1610 1742 1651 quaedam
1765 1611 1799 1641 in
1815 1611 1932 1642 ritibus
1951 1612 2095 1643 externis

1113 1652 1262 1691 mutatio,
1282 1662 1367 1694 quae
1391 1652 1546 1694 quoniam
1569 1652 1668 1684 habet
1693 1662 1816 1685 causas
1839 1654 1871 1685 in
1899 1653 1965 1685 illis
1995 1664 2094 1695 prae·

1115 1695 1222 1737 cipuis
1240 1694 1402 1733 articulis,
1426 1705 1512 1736 quos
1534 1705 1635 1736 supra
1654 1697 1894 1735 recensuimus,
1911 1707 1978 1729 non
1992 1696 2094 1729 volui—

1114 1748 1188 1770 mus
1211 1748 1398 1781 repugnare
1419 1738 1524 1770 verbo
1547 1737 1621 1770 Dei.
1666 1738 1709 1770 Et
1730 1745 1839 1771 tamen
1860 1740 1905 1771 ita
1934 1740 2096 1773 moderati

1116 1917 1163 1949 62)
1183 1916 1309 1951 cupimus]
1329 1917 1457 1949 Chytr.:
1477 1919 1590 1950 cupimus
1610 1925 1666 1942 eam

1116 1961 1162 1993 63)
1182 1959 1315 1994 retinere.)
1335 1960 1467 1986 Onold.:
1486 1961 1602 1985 retineri.
1631 1959 1715 1985 Etiam
1726 1961 1923 1993 Spalatinus
1941 1963 1968 1986 in
1986 1961 2095 1988 Guelf.

1180 1995 1288 2027 primum
1306 1995 1454 2028 scripserat:
1474 1996 1589 2025 retineri,
1608 1995 1653 2020 sed
1669 1997 1722 2028 ipse
1739 1994 1783 2020 hoc
1800 1997 1902 2021 multavit
1920 1997 1957 2021 in:
1976 1998 2095 2022 retinere.

1115 2036 1162 2069 64)
1181 2038 1310 2069 iusticiae]
1330 2037 1464 2068 Onold.‚
1485 2037 1607 2069 Chytr.:
1626 2039 1729 2063 iusticia

1115 2080 1162 2112 65)
1182 2080 1322 2112 docebant]
1339 2084 1393 2114 posi
1412 2080 1456 2105 hoc
1474 2080 1572 2105 verbum
1595 2080 1794 2112 Spalatinus
1816 2083 1921 2115 primum
1945 2083 2095 2115 scripserat:

1185 2119 1223 2145 et,
1242 2115 1287 2139 sed
1303 2114 1365 2139 hanc
1382 2123 1462 2140 vocem
1481 2115 1568 2140 deinde
1585 2115 1681 2140 delem't.

1115 2157 1162 2190 66)
1182 2158 1356 2190 audiebatur]
1373 2166 1419 2190 pro
1439 2157 1486 2182 bac
1496 2159 1583 2190 forma
1601 2157 1800 2190 Spatatinus
1819 2159 1927 2192 primum
1946 2160 2095 2192 scripserat.

1185 2192 1338 2222 audiebant,
1358 2192 1402 2217 sed
1419 2191 1463 2217 Ιιοο
1481 2192 1568 2218 deinde
1585 2193 1637 2225 t'pce
1654 2194 1760 2218 mutavit
1777 2195 1817 2217 in:
1836 2194 1996 2218 audiebatur.

1114 2235 1161 2267 67)
1186 2234 1331 2268 doctrinae]
1360 2234 1417 2259 huic
1447 2237 1501 2260 voci
1526 2235 1728 2260 Melanthon
1758 2237 1785 2259 in
1808 2237 1919 2268 rmryinae
1944 2236 2095 2269 adam-ipsit:

1184 2269 1354 2299 christianae,
1384 2274 1533 2302 quapropter
1557 2269 1675 2295 Onold.
1701 2274 1722 2295 et
1752 2269 1861 2302 Chytr.
1884 2272 1911 2295 in
1933 2274 2002 2296 textu
2027 2271 2096 2296 alu*-

1186 2303 1252 2328 bent:
1272 2305 1406 2329 doctrinae
1428 2304 1586 2328 christianae

1114 2347 1161 2379 68)
1181 2345 1219 2379 et]
1237 2345 1296 2372 haec
1314 2354 1375 2377 vox,
1395 2355 1458 2379 quae
1480 2347 1553 2371 etiam
1578 2348 1601 2370 in
1627 2347 1743 2372 Onold.
1770 2351 1792 2371 et
1817 2346 1924 2378 Chytr.
1950 2347 2054 2379 ἱερέων,
2079 2357 2096 2373 α

1183 2380 1362 2412 Spalatino
1381 2389 1457 2414 supra
1475 2381 1562 2406 lineam
1580 2382 1674 2415 ιον-ι’ρια
1692 2384 1734 2406 est.

1115 2423 1162 2456 69)
1181 2423 1343 2457 hypocritis,]
1363 2422 1496 2448 onoid.:
1515 2424 1656 2457 hypocritis
1675 2431 1786 2455 quoque,

1116 2466 1162 2499 70)
1182 2466 1221 2498 et]
1235 2471 1293 2499 poet
1311 2466 1373 2491 hanc
1390 2474 1470 2492 vocem
1495 2466 1688 2491 Melanthea
1706 2466 1851 2499 adscripsit:
1873 2466 1988 2498 firmam,
2011 2468 2096 2501 itaque

1185 2500 1300 2526 Onold,
1321 2505 1343 2526 ει
1362 2501 1472 2533 Chytr.
1493 2501 1618 2526 abibant:
1638 2506 1663 2524 et
1681 2500 1780 2525 firmam
1798 2502 2001 2526 consolationem

1116 2544 1163 2575 71)
1183 2543 1288 2577 genera]
1308 2547 1364 2569 ante
1383 2543 1445 2568 hanc
1460 2551 1540 2569 vocem
1559 2543 1755 2568 Melanthea
1774 2544 1800 2567 in
1818 2543 1926 2569 Guelf.
1947 2553 2019 2570 manu
2032 2554 2093 2578 pro-

1181 2579 1242 2610 pria
1261 2577 1372 2602 addidit:
1398 2579 1479 2607 vitae,
1502 2581 1650 2611 quapropter
1668 2577 1788 2603 Onold.
1807 2581 1830 2603 et
1848 2579 1962 2611 Chytr.
1980 2580 2005 2603 s'n
2024 2583 2094 2606 tenu

1185 2611 1284 2637 habent:
1308 2613 1376 2637 vitae
1395 2619 1493 2643 genera

1856 2665 1891 2688 19
