2366 2958
69 1011 75 1014 ·
119 997 187 1027 dita
214 1002 292 1027 sunt
321 996 482 1037 quaedam
514 997 557 1027 ad
585 1003 737 1038 questum
764 995 930 1027 facientia.

122 136 187 169 593
464 135 502 167 11.

123 230 335 271 conquisiuit.
390 229 435 260 At
475 238 555 263 vero
587 229 726 269 prodest
757 228 890 266 audire,
931 228 1097 270 quomodo

122 273 228 303 sancti
256 273 318 303 viri
343 271 645 303 administrauerint
672 270 900 312 respublicas,
930 281 1015 313 quos
1043 280 1098 302 ca-

122 324 200 352 sus,
228 324 313 356 quae
342 313 490 355 pericula
510 314 690 352 subierint,
712 314 880 356 quomodo
903 314 1013 345 sancti
1035 313 1098 345 viri

121 358 258 399 regibus
287 356 408 389 auxilio
438 356 559 389 suerint
585 357 618 387 in
647 357 777 399 magnis
805 355 978 397 periculis,
1016 366 1098 398 quo-

121 400 220 431 modo
249 399 421 431 docuerint
450 397 683 441 Euangelium‚
716 409 799 441 quas
828 398 1003 431 habuerint
1024 408 1098 430 cum

119 441 296 474 haereticis
318 442 562 478 dimicationes,
584 448 725 483 prosunt
747 450 780 474 et
801 440 952 482 exempla
973 442 1099 473 miseri-

121 486 272 523 cordiae,
300 491 334 516 vt
357 495 431 516 cum
458 485 608 516 videmus
636 484 737 516 Petro
769 485 991 516 condonatam
1021 493 1098 515 esse

120 529 345 569 negationem,
383 537 456 558 cum
497 528 648 559 videmus
680 527 847 569 Cypriano
876 527 1098 558 condonatum

122 579 212 608 esse,
233 570 322 612 quod
344 580 463 613 magus
479 572 532 609 ³³)
564 569 694 609 suisset,
718 580 792 601 cum
814 570 963 601 videmus
986 569 1098 610 Augu-

121 614 241 644 stinum
274 614 306 643 in
335 615 453 644 morbo
487 620 658 654 expertum
688 613 751 644 vim
782 612 875 650 fidei,
904 618 1098 644 constanter

118 654 298 693 affirmare,
321 656 409 697 quod
434 666 512 687 vere
531 655 624 687 Deus
647 655 802 686 exaudiat
847 664 942 686 reces
963 655 1100 686 creden·

121 698 211 729 tium.
257 697 453 730 Huiusmodi
480 697 649 738 exempla,
678 707 764 740 quae
786 707 826 728 ve
862 697 960 728 fidem
983 696 1038 728 vel
1061 697 1099 727 ti-

83 772 90 775 ,
119 750 260 780 morem,
281 740 335 772 vel
358 741 672 772 administrationem
694 738 896 780 reipublicae
919 741 1099 777 continent,

120 783 274 823 proderat
316 784 456 815 recitari.
517 783 585 815 Sed
624 783 802 814 histriones
842 783 974 824 quidam
1006 781 1098 814 nulla

120 835 229 867 neque
253 825 346 860 fidei,
378 835 484 868 neque
511 836 621 857 rerum
648 823 856 866 publicarum
879 825 1098 866 regendarum

120 869 259 899 scientia
293 869 450 909 praediti,
483 868 715 899 confinxerunt
751 867 882 899 fabulas
912 868 1098 899 imitacione

120 910 327 949 poematum,
357 911 390 941 in
418 911 538 951 quibus
566 916 692 942 tantum
716 911 827 942 insunt
858 911 1098 951 supersticiosa

119 952 289 994 exempla,
311 954 352 984 de
375 954 475 985 certis
499 954 672 995 precibus,
694 954 793 985 certis
817 954 964 993 ieiuntjs,
987 959 1019 984 et
1041 954 1098 984 ad-

118 1039 205 1069 modi
238 1045 315 1070 sunt
349 1038 506 1070 miracula
536 1040 577 1070 de
606 1039 746 1080 rosarijs
769 1047 801 1071 et
825 1038 985 1071 similibus
1008 1049 1098 1070 cere-

118 1082 239 1121 monijs
279 1081 433 1113 conficta.
497 1082 613 1123 Neque
652 1092 736 1123 opus
777 1090 828 1113 est
869 1081 922 1114 hic
956 1083 1098 1113 recitare

119 1123 280 1164 exempla.
315 1123 437 1155 Extant
460 1126 545 1156 enim
569 1123 732 1166 legendae
754 1130 789 1156 vt
812 1130 946 1163 vocant,
969 1130 1002 1156 et
1024 1134 1098 1165 spe·
1119 1116 1125 1150 ι(

119 1165 194 1198 cula
217 1166 460 1207 exemplorum,
484 1174 515 1198 et
538 1166 695 1205 Rosaria,
719 1168 752 1198 in
778 1168 896 1208 quibus
919 1165 1099 1208 plaeraque

118 1215 195 1240 sunt
228 1219 294 1240 non
341 1209 512 1241 dissimilia
550 1210 638 1240 veris
671 1211 915 1241 narrationibus
949 1210 1097 1241 Luciani.

118 1251 176 1283 His
211 1253 415 1294 prodigiosis
445 1259 477 1284 et
506 1253 615 1294 impijs
646 1252 767 1284 sabulis
794 1252 998 1293 applaudunt
1021 1252 1098 1294 Epi-

118 1295 226 1335 scopi,
258 1293 441 1337 Theologi,
476 1294 652 1333 Monachi,
686 1296 763 1337 qnia
795 1295 920 1326 faciunt
954 1294 1030 1334 πρὸς
1064 1295 1099 1326 τά

118 1337 243 1377 ἄλφιτα,
287 1337 359 1367 Nos
387 1347 452 1368 non
482 1336 610 1376 serunt,
639 1339 694 1379 qui
725 1345 759 1369 vt
784 1337 904 1369 Christi
935 1337 1043 1370 honos
1067 1344 1100 1369 et

117 1377 263 1411 officium
292 1380 397 1421 magis
428 1381 575 1421 conspici
597 1382 718 1421 possit,
746 1391 812 1411 non
836 1381 1031 1422 requirimus
1055 1381 1099 1411 in-

118 1423 325 1454 uocationem
354 1430 565 1460 sanctorum,
588 1429 621 1454 et
643 1425 768 1454 abusus
793 1424 823 1454 in
850 1422 940 1455 cultu
965 1430 1099 1454 sancto-

117 1475 190 1496 rum
213 1471 382 1503 taxamus,
405 1464 553 1507 Cumque
577 1475 692 1497 omnes
717 1467 792 1496 boni
815 1466 876 1497 viri
900 1466 1021 1506 vbique
1044 1467 1099 1497 de-

118 1508 267 1539 siderent
299 1508 332 1538 in
366 1508 418 1539 his
453 1508 611 1539 abusibus
641 1509 846 1550 corrigendis
874 1507 929 1539 vel
961 1508 1099 1549 Episco-

118 1560 234 1592 porum
256 1551 482 1589 autoritatem,
512 1549 566 1581 vel
589 1550 792 1593 diligentiam
821 1552 1097 1589 concionantium,

117 1598 227 1623 tamen
267 1593 450 1633 aduersarij
492 1594 598 1624 nostri
632 1594 664 1625 in
699 1593 931 1625 confutacione
965 1595 1125 1628 omnin02

118 1633 325 1667 dissimulant
359 1636 455 1666 etiam
488 1634 664 1667 manifesta
697 1637 794 1674 vitia,
833 1637 929 1679 quasi
963 1642 1125 1678 recepta?

119 1676 371 1715 consutacione,
401 1677 501 1709 velint
529 1688 592 1709 nos
621 1688 743 1721 cogere
772 1685 807 1710 vt
836 1679 933 1710 etiam
963 1680 1095 1710 notissi-

117 1730 191 1751 mos
214 1721 340 1751 abusus
362 1722 595 1761 approbemus
640 1721 687 1752 lta
716 1722 875 1753 insidiose
898 1723 1023 1762 scripta
1045 1728 1098 1754 est

118 1762 308 1794 consutacio
338 1773 402 1794 non
432 1770 557 1794 tantum
579 1764 612 1795 in
635 1763 701 1795 hoc
724 1763 817 1802 loco,
846 1766 906 1796 sed
928 1763 999 1796 fere
1029 1766 1098 1796 vhi-

117 1815 192 1846 que.
236 1804 356 1837 Nullus
385 1812 437 1837 est
464 1805 561 1838 locus
588 1807 620 1837 in
651 1818 717 1848 quo
747 1818 767 1838 a
790 1807 1002 1849 dogmatibus
1025 1808 1097 1839 suis

117 1848 306 1879 discernant
325 1847 521 1880 manifestos
539 1850 677 1887 abusus,
697 1849 737 1880 Et
757 1856 866 1881 tamen
885 1851 973 1891 apud
991 1851 1097 1891 ipsos,

118 1891 144 1921 si
173 1891 227 1932 qui
256 1896 333 1921 sunt
357 1892 528 1930 saniores,
558 1890 719 1930 fatentur,
750 1892 871 1924 multas
895 1892 1001 1924 falsas
1024 1903 1097 1934 per-

117 1933 292 1964 suasiones
327 1934 465 1965 haerere
499 1935 531 1965 in
565 1935 716 1966 doctrina
745 1934 1032 1967 Scholasticorutn
1065 1942 1098 1967 et

118 1975 389 2014 canonistarum,
423 1976 545 2008 multos
577 1985 749 2018 praeterea
777 1979 903 2010 abusus
936 1979 969 2009 in
1004 1984 1096 2010 tanta

116 2019 246 2049 inscitia
269 2024 299 2049 et
323 2018 525 2061 negligentia
547 2026 716 2061 pastorum
734 2021 910 2062 irrepsisse
929 2022 961 2052 in
981 2020 1096 2052 Eccle-

117 2061 212 2091 siam.
266 2061 383 2103 Neque
415 2063 500 2093 enim
530 2063 654 2103 primus
687 2062 747 2095 fuit
774 2063 940 2096 Lutherus
972 2065 1025 2105 qui
1055 2065 1096 2095 de

117 2102 258 2145 publicis
291 2105 452 2136 abusibus
486 2108 758 2146 quereretur.³⁴)
813 2106 907 2138 Multi
941 2108 1029 2139 docti
1064 2112 1096 2138 et

117 2153 326 2187 praestantes
349 2147 409 2178 viri
433 2146 534 2189 longe
562 2154 638 2179 ante
667 2147 751 2180 haec
774 2155 922 2191 tempora
945 2148 1096 2191 deplora-

117 2195 235 2220 uerunt
257 2191 382 2221 abusus
404 2189 542 2229 Missae,
564 2191 717 2222 fiduciam
740 2192 1007 2225 obseruationum
1027 2193 1096 2224 Mo-

116 2233 338 2270 nasticarum,
362 2239 584 2273 quaestuosos
609 2233 718 2265 cultus
743 2242 948 2274 sanctorum,
980 2235 1094 2267 consu·

118 2275 245 2306 sionem
267 2276 437 2307 doctrinae
461 2276 501 2307 de
524 2277 735 2317 poenitentia,
759 2288 855 2319 quam
878 2277 932 2310 vel
954 2279 1095 2310 maxime

118 2319 292 2358 oportebat
319 2319 528 2359 perspicuam
557 2325 589 2350 et
618 2317 815 2360 explicatam
839 2327 954 2352 extare
976 2321 1009 2352 in
1032 2321 1096 2353 Ec·

119 2359 232 2392 clesia.
287 2361 353 2402 lpsi
381 2362 568 2393 audiuimus
594 2361 797 2394 excellentes
820 2363 1014 2407 Theologos
1043 2365 1095 2396 de-

117 2403 265 2435 siderare
281 2405 414 2436 modum
431 2404 463 2436 in
476 2404 687 2438 Scholastica
706 2405 867 2445 doctrina,
886 2417 972 2449 quae
989 2406 1094 2440 multo

118 2540 166 2571 33)
185 2540 286 2572 magus]
303 2540 352 2565 nd.
372 2542 412 2566 3.:
431 2543 513 2573 magis

119 2581 166 2612 34)
185 2583 356 2617 queret-etun]
375 2584 425 2609 Ed.
444 2585 469 2609 3.
487 2586 563 2611 nale:
582 2590 756 2618 quaereretur.

323 2642 471 2664 namra.
484 2643 566 2664 ΟΡΒΒ.
581 2643 644 2663 VOL.
654 2644 747 2664 nvn.

546 134 778 168 APOLOGIA
804 134 1121 168 coNFEssmNts
1145 135 1463 170 AUGUSTANAE.
1506 137 1547 169 Β.
1591 137 1781 171 ALTERA.

982 996 1098 1028 Cuius·
1123 986 1126 1026 i

2065 121 2130 173 59'4

1120 223 1131 308 [
1151 227 1226 269 plus
1249 229 1347 261 habet
1368 231 1512 262 rixarum
1533 229 1849 272 philosophicarum,
1872 243 1968 274 quam
1987 235 2129 275 pietatis.

1152 271 1193 302 Et
1220 277 1330 303 tamen
1358 273 1392 304 in
1419 272 1471 304 his
1495 280 1626 305 veteres
1654 273 1726 306 fere
1753 275 1926 316 propiores
1949 283 2027 308 sunt
2048 278 2129 309 scri·

1150 319 1282 354 ptume,
1305 325 1402 356 quam
1425 316 1636 347 recentiores.
1681 316 1729 348 lta
1751 318 1856 359 magis
1879 320 2052 361 magisque
2074 321 2129 351 de-

1151 357 1323 397 generauit
1350 357 1488 389 istorum
1516 358 1695 400 theologia.
1745 360 1816 391 Nec
1844 359 1908 392 alia
1942 372 2045 393 causa
2069 362 2128 394 fuit

1152 397 1259 430 multis
1285 400 1379 430 bonis
1403 401 1499 438 viris,
1523 402 1576 442 qui
1600 403 1696 433 inicio
1719 413 1830 434 amare
1853 403 2032 435 Lutherum
2055 415 2129 436 coe-

1151 448 1280 481 perunt,
1305 452 1402 482 quam
1425 444 1512 483 quod
1537 445 1691 475 videbant
1713 455 1786 476 enm
1815 445 1980 487 explicare
2001 448 2129 479 animos

1152 484 1318 514 hominum
1360 494 1401 515 ex
1435 484 1500 516 illis
1535 484 1731 528 labyrinthis
1762 488 2067 521 confusissimamm
2097 497 2129 521 et

1152 526 1350 557 infinitarum
1374 527 1646 567 disputationum,
1674 540 1758 571 quae
1782 538 1858 562 sunt
1879 532 1967 573 apud
1991 531 2129 564 Schola·

1152 569 1257 600 sticos
1273 570 1324 607 3⁵)
1347 568 1526 612 theologos
1549 578 1580 602 et
1601 571 1812 612 Canonistas,
1837 581 1869 605 et
1891 584 1946 606 res
1970 574 2067 606 vtiles
2087 576 2130 606 ad

1121 636 1127 652 ,
1152 611 1305 652 pietatem
1329 612 1462 644 docere.
1508 613 1618 648 Quare
1647 626 1712 646 non
1736 615 1886 648 fecerunt
1909 618 2049 649 candide
2072 618 2128 649 ad·

1151 655 1303 695 uersarij‚
1336 655 1425 695 quod
1459 666 1532 686 cum
1563 655 1686 688 veilent.
1715 669 1776 688 nos
1801 661 1955 691 assentiri
1979 659 2128 694 confuta-

1124 729 1127 740 1
1152 697 1249 735 610111,
1273 696 1563 729 dissimulauerunt
1582 700 1718 731 abusus.
1752 702 1803 732 Ac
1821 703 1848 733 si
1870 701 1991 734 vellent
2013 702 2127 735 Eccle-

1151 740 1221 771 siae
1245 740 1445 778 consultum,
1469 742 1609 772 maxime
1632 744 1695 773 isto
1718 744 1750 774 in
1774 744 1867 783 loco,
1892 746 1924 776 in
1946 746 2012 776 hac
2030 756 2129 778 occa·

1150 783 1261 820 sione,
1291 783 1457 814 debebant
1486 783 1610 815 hortari
1641 787 1795 826 optimum
1820 788 2067 828 imperatorem,
2093 794 2129 819 vt

1123 854 1126 861 ,
1150 825 1191 856 de
1215 826 1421 868 corrigendis
1454 827 1614 858 abusibus
1639 829 1812 859 consilium
1843 837 1995 870 caperet,
2032 842 2129 873 quem

1123 870 1126 907 i
1150 868 1281 909 quidem
1309 879 1375 900 non
1405 870 1549 901 obscure
1572 870 1860 904 animaduertimus
1884 875 2127 914 cupidissimum

1122 913 1227 948 gesse
1262 912 1345 943 bene
1379 913 1646 951 constituendae,
1683 920 1715 945 61.
1747 916 1916 946 sanandae
1948 915 2128 948 Ecclesiae.

1123 972 1126 981 .
1150 954 1217 985 Sed
1241 954 1424 996 aduersarij
1459 965 1526 986 non
1556 955 1621 986 hoc
1643 964 1764 998 agunt,
1793 965 1828 988 vt
1859 958 2126 990 honestissimam

1123 1001 1183 1041 ¹et
1211 997 1454 1028 sanctissimam
1484 997 1688 1029 voluntatem
1719 1000 1928 1039 imperatoris
1959 1003 2126 1040 adiuuent,

1122 1039 1218 1100 ‘Sed
1252 1045 1287 1069 vt
1320 1049 1383 1071 nos
1418 1050 1551 1081 quoquo
1585 1042 1683 1072 modo
1714 1044 1910 1083 opprimant.
1957 1043 2008 1075 De
2038 1051 2128 1075 statu

1123 1101 1125 1113 t
1150 1080 1323 1113 Ecclesiae
1351 1082 1456 1114 multa
1489 1084 1586 1124 signa
1609 1086 1787 1116 ostendunt
1816 1095 1876 1116 eos
1900 1097 2013 1127 parum
2036 1087 2127 1118 solli-

1150 1124 1235 1155 citos
1264 1134 1350 1156 esse.
1396 1125 1470 1156 Non
1501 1126 1580 1157 dant
1602 1137 1755 1167 operam,
1790 1135 1823 1158 vt
1848 1136 1937 1160 extet
1960 1130 2047 1169 apud
2071 1140 2128 1171 po·

1122 1160 1126 1194 i
1149 1165 1261 1206 pulum
1286 1174 1378 1198 certa
1409 1170 1570 1209 quaedam
1593 1179 1719 1201 summa
1749 1172 1938 1212 dogmatum
1961 1171 2128 1204 Ecclesia-

1122 1209 1125 1244 i
1149 1210 1319 1241 sticorutn.
1359 1210 1556 1242 Manifestus
1578 1213 1703 1244 abusus
1724 1224 1812 1244 noua
1830 1220 1861 1245 et
1883 1215 2036 1246 inusitata
2055 1225 2128 1246 cru-

1149 1251 1285 1284 delitate
1314 1252 1503 1285 defendunt.
1561 1254 1679 1286 Nullos
1707 1257 1882 1296 paciuntur
1906 1259 1936 1288 in
1964 1257 2129 1299 Ecclesijs

1122 1295 1287 1326 ·idoneos
1317 1295 1482 1328 doctores.
1539 1296 1631 1328 Haec
1662 1308 1726 1339 quo
1755 1306 1924 1339 spectent,
1960 1301 2036 1331 boni
2067 1301 2129 1332 viri

1122 1326 1126 1362 3
1149 1336 1247 1369 facile
1270 1339 1414 1370 iudicare
1429 1341 1481 1377 36)
1503 1346 1652 1380 possunt.
1691 1342 1756 1371 sed
1781 1342 1844 1374 hac
1868 1344 1920 1374 via
1938 1353 2045 1384 neque
2065 1353 2127 1374 suo

1150 1390 1270 1421 regno,
1302 1391 1409 1422 neque
1432 1381 1606 1414 Ecclesiae
1638 1384 1788 1421 bene-‘⁵7)
1813 1384 2000 1416 consulunt.
2045 1386 2129 1417 Nam

1123 1432 1125 1472 1
1150 1422 1330 1454 interfectis
1350 1425 1445 1455 bonis
1466 1426 1669 1462 doctoribus,
1689 1437 1851 1467 oppressa
1870 1438 1953 1459 sana
1966 1429 2128 1467 doctrina,

1123 1482 1126 1505 t
1149 1472 1266 1506 postea
1290 1467 1431 1498 existent
1454 1466 1589 1500 fanatici
1612 1469 1758 1509 spiritus,
1783 1480 1867 1511 quos
1891 1481 1955 1502 non
1975 1477 2130 1512 poterunt

1149 1509 1327 1550 reprimere
1349 1511 1547 1552 aduersarij,
1573 1512 1628 1553 qui
1651 1518 1683 1542 et
1707 1511 1892 1544 Ecclesiam
1917 1514 2023 1555 impijs
2049 1515 2130 1556 dog-

1123 1577 1125 1583 .
1149 1551 1290 1582 matibus
1313 1553 1571 1592 perturbabunt,
1599 1560 1632 1585 et
1654 1560 1755 1585 totam
1780 1555 2048 1588 Ecclesiasticam
2071 1567 2130 1598 po-

1148 1593 1251 1625 litiam
1274 1601 1432 1633 euertent,
1457 1606 1553 1637 quam
1577 1607 1640 1627 nos
1663 1599 1802 1628 :uas-ime
1822 1599 1972 1639 cupimus
1997 1609 2130 1631 conser-

1148 1646 1240 1668 uare.
1297 1637 1408 1672 Quare
1436 1645 1468 1669 te
1499 1640 1619 1680 optime
1645 1640 1823 1681 imperator
1849 1641 1970 1673 Carole
1993 1649 2130 1684 propter

1121 1682 1126 1718 ¹:
1150 1678 1290 1721 gloriam
1324 1680 1448 1712 Christi
1477 1692 1574 1723 quam
1608 1682 1688 1713 nihil
1719 1685 1905 1715 dubitamus
1932 1691 1965 1716 te
1995 1695 2129 1726 cupere,

1150 1732 1271 1753 ornare
1295 1730 1392 1764 atque
1415 1734 1550 1765 augere,
1575 1735 1719 1764 oramus,
1742 1736 1783 1756 116
1806 1726 1959 1758 violentis
1979 1727 2129 1769 consilijs

1151 1765 1418 1797 aduersariorum
1443 1773 1630 1798 nostrorum
1655 1770 1865 1807 assentiaris,
1891 1771 1950 1801 sed
1973 1778 2008 1801 vt
2031 1781 2130 1812 quae-

1151 1851 1235 1888 dae,
1266 1861 1307 1881 ne
1330 1852 1404 1892 piae
1427 1853 1651 1883 conscientiae
1675 1860 1875 1895 grauentur,
1899 1866 1983 1887 neue
2005 1858 2129 1887 seuicia

1148 1891 1259 1934 aliqua
1286 1895 1318 1924 in
1343 1895 1491 1925 homines
1515 1895 1730 1929 innocentes.
1763 1898 1850 1928 sicut
1874 1899 2034 1929 hactenus
2058 1900 2129 1930 fieri

1150 1936 1307 1975 vidimus,
1347 1944 1558 1977 exerceatur,
1598 1949 1684 1970 neue
1718 1949 1798 1970 sana
1816 1942 1867 1978 μ’)
1911 1942 2060 1973 doctrina
2096 1943 2129 1973 in

1150 1977 1300 2011 Ecclesia
1335 1982 1547 2021 opprimatur.
1569 1994 1573 2000 -
1599 1981 1671 2013 Hoc
1706 1982 1849 2013 osticium
1880 1983 1953 2015 Deo
1990 1985 2130 2016 maxime

1149 2022 1290 2053 omnium
1314 2023 1428 2061 debes,
1447 2033 1561 2054 sanant
1582 2025 1762 2055 doctrinam
1784 2036 1986 2058 conseruare
2004 2034 2036 2058 et
2054 2037 2129 2069 pro-

1148 2074 1272 2107 pagare
1305 2066 1345 2096 ad
1379 2072 1552 2107 postet-os,
1582 2074 1612 2098 et
1637 2066 1814 2099 defendere
1844 2076 1935 2100 recta
1956 2070 2126 2101 docentes.

1148 2107 1184 2139 ld
1214 2108 1298 2139 enim
1327 2107 1471 2149 postulat
1500 2109 1593 2141 Deus
1628 2120 1700 2141 611111
1733 2110 1844 2151 Reges
1879 2120 1974 2143 ornat
1990 2116 2042 2149 39)
2072 2123 2129 2144 no—

1147 2151 1234 2181 mine
1256 2161 1336 2189 suo,
1369 2158 1401 2183 et
1424 2151 1517 2182 Deos
1547 2152 1709 2193 appellat.
1742 2154 1916 2195 inquiens,
1950 2154 2021 2195 Ego
2049 2156 2126 2193 dixi,

1146 2193 1201 2233 Dij
1222 2195 1313 2231 estis,
1335 2200 1371 2226 vt
1393 2204 1445 2225 res
1465 2195 1604 2234 diuinas,
1628 2196 1693 2228 hoc
1713 2204 1774 2234 est,
1800 2197 2013 2239 Euangelium
2034 2198 2127 2229 Chri-

1147 2237 1190 2268 sti
1213 2237 1244 2268 in
1268 2238 1365 2269 terris
1389 2240 1580 2270 conseruari
1605 2245 1635 2270 61
1655 2242 1832 2281 propagat-i
1853 2246 1979 2278 curent,
2003 2246 2034 2272 et
2054 2247 2125 2272 tan-

1119 1825 1125 2070 ι
1151 1817 1207 1838 ras
1237 1807 1321 1839 alias
1354 1808 1513 1840 honestas
1537 1811 1608 1840 vias
1634 1812 1831 1842 concordiae
1860 1814 1901 1843 ita
1927 1814 2130 1844 constituen-

1147 2416 1194 2449 35)
1213 2416 1402 2449 scholasticos]
1420 2417 1469 2442 Eu.
1488 2418 1527 2442 3‚:
1547 2418 1708 2443 scolasticus

1147 2459 1194 2490 36)
1214 2460 1340 2492 indicare]
1359 2461 1408 2484 Ed.
1429 2461 1452 2484 3.
1472 2465 1522 2493 typ.
1543 2470 1603 2486 ern:
1625 2462 1732 2485 indit-ari

1146 2503 1192 2534 37)
1212 2503 1345 2527 Ecclesiae
1364 2504 1439 2535 berte]
1459 2503 1506 2528 Ed.
1526 2505 1564 2528 4.:
1584 2505 1718 2529 Ecclesiae
1738 2512 1797 2528 suae

1146 2544 1194 2577 38)
1213 2545 1285 2578 sana}
1306 2546 1356 2570 Ed.
1376 2547 1416 2570 4.:
1436 2554 1482 2570 sua

1146 2587 1192 2619 39)
1212 2588 1300 2620 emt]
1319 2589 1367 2613 Ed.
1387 2590 1425 2613 4..
1445 2593 1539 2613 ornant

1885 2641 1916 2665 3⁸
