2366 2958
179 183 242 217 611

181 287 224 310 ne
246 276 336 319 quod
358 277 542 308 membrum
564 274 640 307 111811
652 275 750 316 coqui
763 283 856 305 more
866 279 1060 315 quassatum
1072 272 1160 305 fran-

182 324 249 362 gat.
286 319 353 350 Sed
376 317 460 350 haec
482 324 660 359 praecepta
682 317 866 356 aduersarij
890 316 1063 358 magnifice
1081 326 1159 348 con·

181 367 345 400 temnunt,
380 371 421 392 ac
443 370 523 392 vere
546 367 624 392 sunt
646 359 734 391 iuxta
754 358 926 391 Platonem
948 361 1035 390 κακοὶ
1056 359 1160 399 peirn-

182 416 240 446 ροι,
264 403 420 445 sacrificij
439 405 585 435 membra
599 408 861 443 corrumpentes,
885 403 1159 443 quemadmodum

181 445 320 489 intellig-i
354 447 494 488 poterit,
533 456 607 478 cum
646 445 778 487 species
811 444 967 487 sacrificij
1002 455 1159 477 recensu-

182 500 314 522 enmus-

268 531 431 573 Tbeologi
454 537 546 562 recte
569 529 679 561 solent
700 530 905 572 distinguere
916 537 1159 562 sacramentum

181 580 215 607 et
237 574 446 606 sacrificium.
492 574 539 605 Sit
571 574 669 615 igitur
695 582 802 616 genus
825 573 962 611 horum,
984 572 1037 605 vel
1068 583 1159 605 cere·

182 618 310 656 monia,
341 615 393 648 vel
417 627 501 658 opus
530 626 675 647 sacrum.
720 616 968 648 Sacramentum
993 622 1044 647 est
1066 625 1157 647 cere·

625 180 740 215 PmL.
760 178 866 213 MEL.
883 178 1072 213 scmP'rA
1093 178 1366 212 DOGMA'rtcA
1387 179 1445 213 ΕΤ
1466 179 1734 213 SYMBoucA.
1834 174 1850 182 ⁶

2124 181 2189 214 612

1213 284 1299 308 mam
1331 284 1442 312 suam,
1474 274 1616 306 hostiam
1649 284 1711 316 pro
1740 273 1889 312 delictis,
1921 275 2046 307 videbit
2075 285 2188 309 semen

1212 315 1392 359 longeuum
1427 322 1490 349 etc.
1542 316 1624 348 Nam
1659 316 1856 349 vocabulum
1890 323 2002 360 mv&
2034 329 2101 360 quo
2133 319 2189 352 hic

1213 370 1295 391 vsus
1319 365 1387 397 est,
1422 358 1588 401 significat
1614 358 1754 391 hostiam
1782 369 1843 401 pro
1873 359 2010 399 delicto,
2045 371 2129 403 quae
2155 363 2188 393 in

1214 402 1290 445 lege
1312 401 1532 444 significauit,
1565 402 1654 444 quod
1678 409 1819 434 ventura
1841 409 1933 434 esset
1955 402 2065 435 hostia
2088 414 2188 446 quae·

1213 446 1288 477 dam
1312 444 1528 476 satisfactura
1549 455 1611 486 pro
1633 446 1782 486 peccatis
1803 446 1928 477 nostris
1951 452 1982 477 et
1995 445 2188 479 reconcilia·

1213 494 1286 520 tura
1309 487 1432 526 Deum,
1456 493 1490 519 vt
1513 489 1637 519 scirent
1659 487 1828 526 homines,
1853 489 1941 530 quod
1964 499 2029 520 non
2053 495 2189 531 propter

1213 537 1347 563 nostras
1371 531 1540 568 iusticias,
1564 531 1623 562 sed
1646 536 1782 572 propter
1802 529 1910 562 aliena
1936 532 2070 570 merita,
2100 533 2189 564 vide·

1213 572 1291 605 licet
1314 573 1446 609 Christi,
1468 572 1548 604 velit
1570 573 1664 605 Deus
1687 574 1784 604 nobis
1806 572 2024 606 reconciliari.
2061 573 2187 606 Paulas

1212 617 1298 648 idem
1327 627 1447 648 nomen
1471 623 1582 658 Dm&
1608 617 1843 658 interpretatur
1869 623 2043 657 peccatum
2071 616 2188 649 Roma.

182 661 302 698 monia,
326 658 379 691 vel
402 669 505 701 opuS,
538 659 571 690 in
605 669 670 700 quo
695 657 790 691 Deus
818 660 914 690 nobis
938 658 1072 690 exhibet
1094 658 1160 689 hoc
1184 675 1190 704 1
1213 659 1278 698 viij.
1302 660 1344 691 de
1366 666 1506 700 peccato
1530 660 1697 691 damnauit
1719 664 1905 699 peccatum,
1927 659 1961 691 id
1984 665 2047 698 est,
2071 670 2188 702 pecca·

182 703 271 744 quod
295 701 391 734 offert
419 712 550 734 annexa
582 702 790 733 ceremoniae
818 702 1012 743 promissio,
1038 707 1072 732 vt
1094 700 1158 732 Ba·
1184 709 1189 745 1
1214 708 1279 733 tum
1303 703 1430 744 puniuit
1458 702 1498 733 de
1527 708 1683 743 peccato,
1717 702 1750 733 id
1773 707 1843 739 est,
1871 711 1931 742 per
1957 701 2099 734 hostiam
2126 713 2188 743 pro

181 746 338 786 ptismus‚
372 750 422 776 est
446 755 548 785 opus,
580 754 648 775 non
680 745 769 785 quod
798 754 861 775 nos
887 744 958 775 Deo
977 743 1160 781 offerimus,

181 788 242 819 sed
264 789 295 819 in
320 798 384 829 quo
407 787 500 819 Deus
524 797 587 818 nos
617 787 781 828 baptizat,
815 786 982 820 videlicet,
1010 786 1160 817 minister

182 830 253 862 vice
277 830 353 868 Dei,
376 836 408 861 et
429 830 484 861 hic
508 829 603 861 offert
627 835 658 860 et
677 829 811 861 exhibet
824 829 917 861 Deus
931 830 1159 860 remissionem

180 879 392 914 peccatorum
416 879 477 905 etc.
502 873 591 904 iuxta
604 873 870 913 promissionem,
895 872 957 906 Qui
970 872 1158 909 crediderit,

182 922 215 948 et
239 916 428 956 baptizatus
453 915 561 950 suerit,
585 914 702 946 saluus
725 916 793 946 en‘t.
841 914 1000 952 liconti-a,
1024 913 1159 946 Sacrifi—

181 959 267 990 cium
292 965 343 990 est
367 960 574 996 ceremonia,
603 957 658 989 vel
681 967 766 998 opus
789 958 878 999 quod
902 967 965 988 nos
988 956 1064 988 Deo
1087 956 1159 988 red-

181 1002 300 1039 dimus,
319 1007 355 1032 vt
378 1011 451 1033 eum
475 1001 601 1033 honore
625 999 818 1032 afficiamus.
865 1000 951 1032 Sunt
974 1006 1082 1031 autern
1106 1008 1159 1030 sa-

180 1044 296 1085 crificij
331 1045 461 1085 species
496 1044 665 1085 proximae
695 1043 796 1081 duae,
830 1052 892 1075 nec
923 1049 1000 1074 sunt
1034 1040 1158 1084 plures.

180 1086 354 1123 Quoddam
390 1093 441 1118 est
478 1086 677 1118 sacrificium
713 1086 1000 1127 propiciatorium,
1036 1086 1067 1116 id
1097 1090 1160 1122 est,

180 1139 264 1171 opus
286 1129 542 1162 satisfactorium
571 1138 632 1169 pro
655 1127 772 1169 culpa,
797 1136 830 1160 et
851 1138 977 1170 poena,
1012 1128 1078 1159 hoc
1108 1133 1160 1159 est

181 1171 402 1204 reconcilians
415 1171 534 1210 Deum,
559 1181 619 1202 seu
633 1169 770 1212 placans
794 1172 876 1202 iram
890 1171 964 1209 Dei,
990 1180 1050 1202 seu
1069 1171 1158 1213 quod

181 1221 326 1247 merctur
349 1214 424 1255 alijs
449 1215 674 1246 remissionem
688 1219 914 1255 peccatorum.
944 1212 1062 1245 Altera
1085 1223 1160 1255 speu

181 1260 250 1290 cies
272 1264 324 1288 est
347 1258 544 1289 sacrificium
568 1256 790 1298 εὐχαρισιικόν,
814 1257 902 1298 quod
926 1266 992 1288 non
1015 1262 1161 1288 meretur

180 1301 410 1332 remissionem
431 1306 656 1340 peccatorum,
680 1306 736 1331 aut
759 1298 1076 1338 reconciliationem,
1098 1300 1159 1330 sed

182 1344 214 1375 fit
240 1354 259 1374 a
283 1343 518 1381 reconciliatis,
541 1349 576 1374 vt
599 1353 660 1384 pro
680 1349 820 1384 accepta
832 1343 1027 1374 remissione
1039 1352 1158 1384 pecca-

181 1392 301 1423 torum,
326 1392 358 1417 et
380 1397 440 1427 pro
465 1385 542 1427 alijs
566 1385 740 1427 beneficijs
761 1385 922 1427 acceptis,
944 1386 1069 1427 gratias
1082 1395 1160 1427 aga·

181 1439 266 1468 mus,
289 1439 350 1460 seu
372 1430 509 1470 gratiam
533 1428 730 1461 reseramus.

267 1471 337 1503 Has
360 1473 443 1503 duas
467 1473 598 1513 species
623 1470 779 1513 sacrificij
804 1480 1008 1513 magnopere
1025 1476 1160 1512 oportet

182 1521 214 1547 et
238 1516 268 1546 in
300 1513 363 1546 hac
387 1515 637 1553 controuersia,
671 1519 703 1545 et
725 1514 757 1545 in
780 1512 856 1555 alijs
880 1513 991 1545 multis
1015 1514 1160 1554 disputa-

183 1558 333 1590 cionibus
356 1558 388 1588 in
412 1563 608 1599 conspectu,
632 1563 662 1588 et
685 1557 727 1588 ob
747 1555 866 1588 oculos
879 1557 1007 1598 positas
1023 1556 1159 1594 habere,

183 1607 214 1632 et
237 1598 396 1641 singulari
420 1600 588 1641 diligentia
613 1600 794 1632 cauendum
814 1605 877 1637 est,
901 1609 943 1631 ne
957 1597 1160 1631 confundan-

181 1650 244 1675 tur.
292 1644 388 1678 Quod
410 1644 437 1674 si
461 1643 578 1674 modus
602 1643 700 1674 huius
724 1641 798 1673 libri
813 1648 989 1683 pateretur,
1013 1642 1160 1673 rationes

181 1685 279 1718 huius
302 1687 472 1717 diuisionis
493 1686 703 1718 adderemus.
737 1684 845 1716 Habet
866 1685 951 1716 enim
965 1686 1047 1716 satis
1060 1683 1161 1715 multa

182 1730 369 1761 testimonia
391 1730 422 1760 in
438 1728 587 1769 Epistola
610 1730 651 1760 ad
665 1729 793 1760 Ebreos
814 1734 847 1759 et
869 1727 958 1759 alibi.
993 1728 1034 1759 Et
1051 1728 1160 1759 omnia

182 1771 348 1803 sacrificia
363 1771 510 1803 Leuitica
523 1773 563 1802 ad
578 1771 660 1803 haec
683 1773 830 1802 membra
853 1769 981 1808 referri,
1003 1778 1160 1811 tanquam

183 1816 225 1846 ad
248 1825 308 1846 sua
333 1814 664 1854 domiciliapossuut.
700 1814 904 1845 Dicebantur
916 1813 1001 1845 enim
1024 1814 1057 1844 in
1082 1811 1159 1855 lege

184 1858 344 1900 quaedam
359 1858 593 1898 propiciatoria
606 1856 771 1888 sacrificia
790 1863 926 1898 propter
945 1856 1159 1898 significatio-

185 1911 270 1937 nem,
295 1910 354 1931 seu
379 1899 639 1938 similitudinem,
674 1909 738 1930 non
769 1900 858 1940 quod
882 1906 1086 1931 mererentur
1110 1908 1160 1929 re-

184 1943 374 1975 missionem
399 1949 609 1983 peccatorum
635 1953 746 1973 coram
770 1942 855 1973 Deo.
902 1942 969 1974 Sed
994 1942 1071 1983 quia
1094 1952 1159 1972 me-

185 1987 340 2017 rebantur
363 1987 589 2016 remissionom
618 1993 828 2027 pcccatorum
858 1985 1040 2016 secundum
1069 1985 1160 2015 iusti-

187 2030 270 2061 ciam
294 2028 389 2068 legis.
414 2039 454 2059 ne
479 2027 521 2059 illi
548 2039 606 2069 pro
631 2029 750 2069 quibus
769 2028 889 2059 liebant
904 2026 1161 2059 excluderentur

187 2073 228 2102 ab
251 2073 312 2102 ista
326 2070 444 2112 politia.
479 2070 685 2102 Diccliantur
706 2072 816 2112 itaque
834 2071 1078 2112 propiciatorio,
1101 2080 1161 2111 pro

185 2122 336 2156 peccato,
360 2125 419 2154 pro
439 2113 573 2149 delicto,
598 2113 839 2145 holocaustum.
885 2112 943 2145 llla
966 2124 1047 2145 vero
1066 2119 1160 2144 erant

185 2157 376 2196 εὐχιιρισεικιὶ
401 2155 537 2195 oblatio,
564 2156 690 2194 libatio,
714 2157 957 2189 retributiones.
983 2156 1160 2197 primiciae,

186 2200 342 2231 decimae.

272 2244 338 2272 ,ῆι-11
364 2252 479 2273 reuera
510 2243 639 2273 vnicum
670 2248 794 2273 tantum
819 2242 850 2272 in
874 2242 995 2273 mundo
1027 2240 1084 2272 fuit
1109 2252 1160 2272 sa-

186 2285 343 2316 crificiunt
367 2285 652 2326 propiciatorium,
677 2284 831 2315 videlicet
855 2295 944 2316 mors
970 2284 1105 2316 Christi.
1128 2291 1161 2314 vt

185 2329 283 2359 docet
299 2327 446 2369 Epistola
465 2329 506 2359 ad
528 2327 655 2359 librcos
680 2338 764 2369 quae
788 2328 841 2358 ait.
878 2327 1088 2369 lmpossibilc
1112 2333 1159 2357 est

186 2381 244 2401 san
272 2372 346 2402 uint·
371 2379 540 2401 taurorum
565 2377 593 2402 et
621 2370 785 2402 hircorum
800 2368 922 2401 auferri
938 2378 1085 2412 peccata.
1123 2369 1160 2400 Et

185 2424 246 2455 pau
265 2426 284 2444 o
309 2420 383 2455 post
408 2415 448 2444 «le
475 2413 644 2445 voluntate
664 2412 797 2444 Christi.
846 2412 879 2444 ln
903 2424 967 2455 qua
993 2412 1162 2444 voluntate

184 2457 382 2488 sanctificati
422 2467 535 2487 sumus
572 2467 630 2498 per
664 2455 863 2487 oblationem
901 2467 959 2487 cor
985 2457 1052 2487 oris
1087 2455 1160 2487 iesu

185 2499 307 2530 Phristi
333 2499 444 2530 semel.
493 2499 529 2529 Et
562 2499 681 2529 Esaias
712 2500 944 2539 interpretatur
979 2509 1093 2538 egem.
1129 2505 1162 2529 vt

185 2543 328 2573 sciamus
360 2550 496 2573 mortem
527 2542 648 2572 t'hristi
681 2553 757 2572 vere
791 2552 867 2571 csse
897 2542 1160 2572 satisfactionem

185 2596 245 2626 pro
271 2587 416 2625 pcccatis
447 2586 586 2618 nostris.
622 2595 681 2615 scu
706 2586 945 2625 expiationem,
976 2596 1040 2615 non
1072 2595 1161 2615 ccre-

185 2630 312 2659 monins
337 2628 438 2669 legis.
474 2639 576 2668 quare
609 2629 663 2657 nit.

711 2628 891 2668 Postquam
920 2628 1067 2669 posuerit
1093 2629 1159 2658 8111-
1187 2632 1191 2660 t
1217 2638 1317 2669 opere
1359 2634 1498 2668 operato
1532 2625 1652 2658 offerri.

1211 752 1364 786 peccato.
1399 744 1630 788 significantia
1648 745 1741 776 verbi
1765 743 1894 778 facilius
1916 743 2055 786 intelligi
2076 751 2188 787 potest

1213 797 1253 822 ex
1278 788 1425 819 moribus
1450 789 1608 828 gentium,
1632 798 1719 829 quos
1743 787 1894 819 videmus
1911 797 1951 818 ex
1965 787 2099 819 Patrum
2122 797 2189 820 ser-

1211 830 1366 862 monibus
1389 830 1476 861 male
1502 829 1678 862 intellectis
1708 837 1867 870 acceptos
1890 839 1979 868 esso,
2001 829 2108 862 Latini
2131 841 2188 862 vo-

1212 873 1334 906 cabant
1356 872 1534 913 piaculum,
1556 872 1710 910 hostiam,
1734 883 1819 914 quae
1842 873 1874 904 in
1898 874 2028 915 magnis
2052 871 2186 905 calami·

1213 915 1348 953 tatibus,
1371 916 1426 947 vbi
1448 916 1624 958 insigniter
1646 916 1820 947 videbatur
1831 914 1925 947 Deus
1948 916 2048 947 irasci
2069 915 2188 948 offere-

1212 955 1310 989 batur
1342 957 1385 989 ad
1417 957 1614 999 placandam
1643 959 1724 990 iram
1752 957 1831 997 Dei,
1865 965 1897 989 et
1925 957 2103 990 litauerunt
2129 957 2188 990 ali—

1213 1000 1346 1042 quando
1376 1000 1528 1032 humanis
1551 999 1689 1041 hostijs,
1721 999 1876 1032 fortassis
1909 1002 1986 1043 quia
2015 1002 2188 1033 audierant

1213 1043 1376 1085 quandam
1399 1042 1576 1075 humanam
1599 1043 1740 1074 hostiam
1763 1040 1966 1083 placaturam
1990 1053 2067 1075 esse
2079 1043 2188 1075 Deum

1212 1086 1272 1117 toti
1297 1086 1411 1127 generi
1434 1085 1589 1117 humano.
1634 1086 1755 1117 Graeci
1779 1083 1868 1124 alibi,
1892 1086 2086 1125 καθάρματα,
2110 1085 2187 1117 alibi

1213 1129 1412 1170 περιψήματα
1430 1127 1691 1169 appellauerunt.
1738 1126 1925 1170 intelligunt
1947 1128 2048 1170 igitur
2071 1127 2189 1159 Esaias

1212 1177 1245 1203 et
1269 1170 1394 1203 Paulus
1417 1171 1585 1203 Christum
1610 1170 1732 1203 sactum
1756 1180 1834 1203 esse
1858 1170 2012 1209 hostiam,
2036 1169 2102 1202 hoc
2125 1176 2190 1209 est,

1212 1212 1389 1255 piaculum,
1413 1219 1449 1245 vt
1468 1215 1572 1256 ipsius
1595 1215 1738 1252 meritis,
1759 1224 1826 1245 non
1851 1215 1973 1245 nostris
1997 1212 2190 1245 reconcilia-

1212 1263 1303 1289 retur
1325 1256 1431 1288 Deus.
1466 1257 1601 1288 Maneat
1624 1267 1706 1300 ergo
1726 1257 1790 1288 hoc
1814 1257 1844 1287 in
1864 1266 1979 1294 causa,
2001 1257 2090 1298 quod
2115 1255 2190 1288 sola

1211 1309 1303 1331 mors
1332 1299 1457 1331 Christi
1490 1306 1541 1331 est
1571 1309 1650 1332 vere
1680 1300 1945 1341 propiciatorium
1979 1299 2189 1331 sacrificium.

1212 1343 1295 1374 Nam
1318 1341 1467 1374 Leuitica
1496 1342 1555 1374 illa
1585 1342 1752 1374 sacrificia
1780 1343 2032 1384 propiciatoria,
2066 1348 2190 1373 tanmm

1212 1386 1261 1416 sic
1285 1384 1539 1426 appellabantur
1566 1387 1608 1417 ad
1638 1386 1890 1427 significandum
1913 1385 2057 1417 futurum
2080 1386 2190 1427 piacu-

1211 1427 1286 1459 lum.
1334 1428 1517 1469 Propterea
1550 1428 1761 1460 similitudine
1818 1428 1936 1460 uadam
1970 1433 2065 1460 erant
2093 1428 2189 1459 satis-

1212 1470 1377 1503 factiones
1401 1472 1598 1502 redimentes
1622 1472 1785 1503 iustieiam
1822 1471 1913 1512 egis.
1945 1480 1988 1502 ne
2011 1480 2051 1502 ex
2074 1469 2189 1511 politia

1212 1512 1468 1545 excluderentur
1490 1514 1542 1545 isti
1555 1514 1609 1555 qui
1622 1520 1854 1554 peccauerant.
1888 1512 2066 1545 Debebunt
2078 1519 2187 1544 autem

1213 1565 1349 1587 cessare.
1372 1563 1447 1596 post
1476 1556 1658 1588 reuelatum
1684 1555 1909 1598 Euangelium.
1956 1555 1997 1587 Et
2021 1556 2097 1597 quia
2119 1564 2189 1586 ces·

1212 1609 1288 1630 sare
1310 1599 1342 1629 in
1366 1597 1538 1640 Euangelij
1570 1598 1775 1630 reuelatione
1804 1599 1986 1636 debebant,
2008 1608 2076 1629 non
2094 1602 2191 1628 erant

1212 1652 1291 1673 vere
1315 1642 1583 1682 propiciationes,
1607 1652 1680 1673 cum
1705 1639 1921 1683 Euangelium
1951 1641 2027 1672 ideo
2051 1640 2191 1682 promis-

1211 1694 1284 1716 sum
1308 1684 1364 1722 sit,
1388 1690 1423 1715 vt
1445 1683 1598 1716 exhibeat
1622 1685 1904 1726 propiciationem.

1297 1726 1395 1758 Nunc
1418 1726 1546 1768 reliqua
1568 1734 1645 1758 sunt
1674 1727 1838 1759 sacrificia
1866 1725 2076 1766 εὖχαρισηκά,
2105 1734 2192 1766 quae

1211 1775 1376 1801 vocantur
1409 1770 1573 1802 sacrificia
1608 1769 1734 1804 laudis,
1769 1769 1973 1811 praedicatio
2004 1767 2189 1809 Euangelij,

1211 1813 1307 1851 tides,
1327 1813 1503 1850 inuocatio.
1522 1813 1701 1855 gratiarum
1714 1814 1814 1850 actio,
1836 1810 2019 1849 consessio,
2037 1809 2189 1842 affiictio-

1212 1865 1271 1887 nes
1295 1862 1494 1895 sanctorum,
1519 1856 1587 1887 11110
1611 1857 1721 1887 onmia
1744 1857 1831 1887 bona
1855 1864 1956 1896 opera
1985 1860 2188 1885 sanctorum.

1212 1898 1303 1929 Haec
1324 1899 1490 1930 sacrificia
1512 1909 1579 1929 non
1604 1905 1681 1930 sunt
1700 1897 1949 1930 satisfactiones
1968 1907 2028 1938 pro
2042 1895 2188 1927 facienti-

1213 1943 1287 1979 bus,
1309 1940 1363 1973 vel
1387 1940 1605 1983 applicabiles
1623 1952 1684 1982 pro
1707 1940 1795 1981 alijs,
1818 1950 1905 1982 quae
1928 1946 2117 1971 mereantur
2140 1938 2188 1969 eis

1212 1994 1254 2015 ex
1278 1994 1379 2025 opere
1402 1991 1538 2025 operato
1561 1985 1790 2015 remissionem
1813 1989 2039 2024 pcccatorum,
2062 1992 2122 2013 seu
2139 1990 2190 2012 re-

1214 2026 1490 2059 conciliationem.
1527 2027 1623 2057 Fiunt
1646 2027 1730 2058 enim
1750 2037 1769 2057 a
1789 2024 2023 2057 reconciliatis·
2060 2024 2100 2055 Et
2113 2022 2190 2055 talia

1212 2077 1290 2101 sunt
1313 2069 1479 2101 sacrificia
1499 2071 1574 2101 noui
1596 2070 1793 2107 testamenti,
1817 2070 1900 2100 sicut
1914 2069 2010 2099 docet
2026 2066 2145 2099 Petrus
2162 2067 2189 2097 1.

1216 2113 1302 2143 Petri
1326 2113 1358 2154 ij.
1398 2113 1626 2143 Sacerdotium
1648 2118 1811 2145 sanctum.
1836 2117 1869 2142 vt
1892 2110 2039 2142 offeratis
2062 2109 2191 2141 hostias

1213 2154 1415 2197 spirituales.
1462 2156 1683 2196 opponuntur
1706 2162 1814 2186 autem
1838 2154 1967 2185 hostiae
1990 2150 2191 2194 spirituales,

1214 2209 1280 2229 non
1305 2204 1428 2229 tantum
1455 2199 1650 2239 pecudibus,
1674 2199 1732 2229 secl
1752 2197 1848 2229 etiam
1861 2196 2011 2228 humanis
2023 2196 2192 2237 operibus,

1214 2252 1254 2273 ex
1278 2252 1381 2282 opere
1405 2248 1544 2282 operato
1569 2239 1708 2278 oblatis,
1732 2241 1808 2282 quia
1830 2238 2002 2280 spirituale
2023 2239 2052 2269 si
2081 2237 2191 2269 nificat

1214 2292 1323 2315 motus
1346 2285 1480 2324 spiritus
1504 2285 1610 2315 sancti
1635 2284 1666 2314 in
1689 2285 1795 2315 nobis.
1842 2282 1929 2313 ldent
1954 2282 2052 2313 docet
2095 2279 2192 2311 aulus

1216 2327 1329 2358 Roma.
1355 2328 1410 2366 xij.
1457 2326 1617 2357 Exhibcte
1650 2336 1793 2366 corpora
1816 2332 1950 2361 vestra,
1984 2324 2125 2355 hostiam
2148 2322 2193 2354 vi·

1215 2377 1365 2402 uentum.
1400 2376 1569 2402 sanctam.
1605 2369 1728 2400 cultum
1759 2366 1960 2400 rationalem.
2018 2366 2192 2406 Significat

1215 2421 1324 2444 autem
1348 2412 1459 2444 cultus
1483 2411 1666 2449 rationalis,
1689 2410 1810 2442 cultum
1834 2411 1866 2441 in
1890 2420 1955 2451 quo
1984 2408 2077 2440 Deua
2100 2406 2193 2440 intel-

1217 2456 1345 2495 ligitur,
1380 2463 1489 2486 mente
1511 2455 1788 2496 apprehenditur,
1820 2460 1853 2483 vt
1878 2454 1911 2483 lit
1937 2453 1967 2483 in
1992 2453 2135 2483 niotibus
2157 2451 2194 2482 tl·

1216 2500 1336 2530 tutoris.
1371 2505 1402 2529 et
1439 2499 1578 2529 fiduciae.
1608 2508 1689 2537 erga
1721 2497 1836 2528 Deum.
1884 2494 2069 2536 opponitur
2096 2494 2194 2535 igitur

1216 2552 1280 2572 non
1306 2540 1413 2572 solum
1435 2540 1535 2572 cultui
1562 2540 1724 2575 Leuitico,
1754 2540 1786 2570 in
1810 2550 1875 2580 11110
1900 2538 2046 2588 pecudes
2070 2544 2192 2569 macta·

1217 2586 1354 2621 buntur,
1387 2584 1448 2614 scd
1471 2585 1568 2615 etium
1595 2582 1715 2619 cultui,
1745 2583 1777 2613 111
1801 2592 1866 2623 quo
1891 2582 2024 2623 tingitur
2046 2590 2130 2621 opus
2152 2589 2194 2611 ex

1710 2625 1798 2657 idem
1833 2626 1932 2656 docet
1966 2622 2115 2665 Epintola
2151 2621 2194 2653 811
