2366 2958
256 202 318 233 431
707 201 815 233 PHlL.
838 201 941 232 MEL.
966 201 1153 236 SCRIPTA
1176 201 1445 234 DOGMATICA
1467 201 1523 233 ET
1546 201 1815 236 SYMBoLtcA.
2207 200 2272 233 432

257 301 340 333 stus,
365 302 397 326 vt
421 295 567 326 traderet
590 294 684 337 leges
708 296 880 336 quasdam,
905 305 965 336 per
988 306 1071 337 quas
1095 306 1234 328 merere·
1259 302 1263 336 ς
1287 305 1390 335 opera
1413 301 1574 336 quaerunt
1597 303 1628 327 et
1652 295 1831 334 cumulant,
1856 304 1890 328 vt
1917 298 2142 340 acquiescant.
2195 298 2268 332 Hae

256 349 342 389 mur‘
369 339 594 369 remissionem
636 344 863 378 peccatorum,
900 349 965 369 non
1006 339 1233 379 acciperemus
1259 340 1262 375 1
1286 348 1453 379 nunquam
1475 339 1628 369 senciunt
1651 348 1688 370 se
1707 341 1748 370 de
1771 340 1939 382 condigno
1962 342 2094 379 mereri,
2114 348 2145 373 et
2168 350 2266 374 ruunt

256 388 362 422 gratis
393 387 528 422 propter
556 381 657 421 ipsius
687 381 811 412 merita.
859 382 971 421 ltaque
1000 382 1027 412 si
1057 382 1234 423 recipimus
1260 377 1261 405 i
1286 381 1317 411 in
1347 381 1629 421 desperationem,
1665 383 1726 412 nist
1755 383 1891 414 audiant
1920 389 2052 424 praeter
2080 385 2265 417 doctrinam

254 424 309 454 bic
332 424 599 455 aduersariorum
623 423 817 462 doctrinam,
839 425 926 464 quod
950 434 1133 455 mereamur
1156 435 1233 465 ope-
1260 453 1261 456 ,
1286 422 1383 464 legiS,
1406 423 1623 465 Euangelium
1647 425 1687 455 de
1710 426 1854 466 gratuita
1883 426 2080 458 remissione
2113 434 2267 468 peccato·

254 467 345 498 ribus
370 467 506 496 rationi-s
531 466 758 496 remissionem
783 472 996 505 peccatorum
1025 473 1058 498 et
1081 466 1234 499 iustifica-
1260 462 1261 485 t
1286 476 1368 503 rum,
1392 473 1423 497 et
1447 467 1569 497 iustitia
1593 466 1679 497 fidei.

254 510 386 547 tionem,
409 507 487 539 nihil
516 509 578 539 iam
608 508 755 539 intererit
784 509 868 540 inter
899 509 1063 541 iusticiam
1091 508 1234 550 philoso-
1258 538 1261 542 ,
1373 510 1419 539 ita
1441 507 1519 539 nihil
1547 509 1669 539 docent
1696 510 1899 550 aduersarij,
1929 511 1991 542 nisi
2018 512 2180 544 iusticiam
2214 522 2268 543 ra·

254 553 396 593 phicam,
419 557 475 581 ant
500 558 588 582 certe
613 551 851 589 Pharisaicam,
875 558 907 583 et
930 551 1161 583 Christianam.
1286 551 1396 589 tionis,
1420 558 1476 582 aut
1499 559 1590 582 certe
1612 550 1696 592 legis
1720 553 1751 583 in
1776 563 1873 593 quam
1898 554 2084 585 intuentur.
2108 555 2195 585 sicut
2219 554 2265 586 lu-

340 594 535 635 Quanquam
558 594 740 633 aduersarij
755 604 797 625 ne
809 593 976 626 Christum
990 596 1123 626 omnino
1143 604 1234 635 prae-
1259 594 1261 626 i
1285 594 1358 625 daei
1382 595 1414 624 in
1436 593 1576 625 velatam
1599 593 1697 626 Moisi
1720 593 1858 633 faciem,
1887 602 1919 627 et
1947 597 1980 627 in
2011 588 2139 628 securis
2164 597 2265 639 hypo-

255 645 392 675 tereant,
417 637 586 678 requirunt
611 637 764 668 noticiam
788 636 945 668 historiae
969 638 1010 668 de
1033 638 1180 674 Christo,
1201 644 1233 668 et
1258 633 1261 676 Ι
1286 637 1389 675 critis,
1412 637 1465 678 qui
1489 643 1605 677 putant
1628 647 1666 667 se
1689 636 1757 679 legi
1780 636 1988 677 satisfacere,
2013 640 2158 671 excitant
2170 649 2265 681 prae-

253 681 398 711 tribuunt
423 680 464 717 ei,
489 680 577 720 quod
602 680 755 711 meruerit
778 681 873 712 nobis
898 681 967 711 dari
989 681 1151 721 quendam
1175 679 1232 710 ha·
1257 683 1261 720 j
1285 679 1504 720 sumptionem
1534 686 1566 710 et
1594 680 1724 711 inanem
1754 679 1906 712 fiduciam
1936 691 2086 722 operum,
2122 688 2155 713 et
2189 692 2268 714 con-

254 724 367 759 bhum,
390 723 462 753 siue
484 729 517 752 vt
542 722 605 763 ipsi
628 729 762 759 vocant,
786 723 922 763 primam
946 724 1104 764 gratiam,
1135 732 1233 763 quam
1257 727 1261 762 1
1285 728 1442 762 temptum
1455 723 1580 760 gratiae
1603 722 1736 753 Christi.
1771 721 1919 754 Econtra
1938 724 2076 764 pauidas
2095 726 2266 756 conscien-

252 764 438 807 intelligunt
461 764 608 796 habitum
631 775 709 796 esse
725 764 950 802 inclinantem,
971 772 1005 796 vt
1017 764 1149 796 facilius
1162 763 1232 795 dili·
1257 765 1261 784 ¹
1286 764 1348 795 tias
1371 765 1506 805 adigunt
1528 766 1569 796 ad
1594 766 1872 806 desperationem,
1890 776 1975 807 quae
1993 773 2169 807 operantes
2192 778 2267 799 cum

253 819 370 851 gamus
388 807 505 839 Deum.
535 807 698 850 Exiguum
713 815 820 840 tamen
834 816 898 845 est,
911 808 999 848 quod
1008 807 1084 839 huic
1107 806 1233 838 habitui
1284 807 1500 845 dubitatione,
1523 818 1691 849 nunquam
1715 815 1858 848 possunt
1871 809 2011 849 experiri
2024 810 2102 851 quid
2115 810 2158 840 sit
2170 809 2265 844 fides,

253 853 412 889 tribuunt,
437 851 513 892 quia
537 850 666 893 fingunt
696 858 793 883 actus
824 850 1002 882 xoluntatts
1031 857 1109 881 ante
1139 849 1232 880 habi·
1284 855 1316 880 et
1339 859 1437 890 quam
1465 850 1507 881 sit
1536 849 1673 888 efficax,
1703 851 1748 882 ita
1773 851 1815 882 ad
1845 857 2025 883 extremum
2054 853 2187 893 penitus
2212 852 2268 883 de-

253 902 320 926 tum
343 893 452 931 illum,
475 900 508 925 et
532 900 607 934 post
638 893 728 925 illrm
759 893 902 925 habitum
933 893 1080 924 eiusdem
1108 892 1233 932 speciei
1285 899 1431 932 sperant.

253 947 341 975 esse,
363 936 506 978 Fingunt
528 935 731 968 voluntatem
757 946 857 976 posse
876 935 1012 977 diligere
1029 934 1149 972 Deum,
1173 935 1233 966 sed
1371 934 1441 964 Nos
1471 939 1580 966 autem
1610 935 1651 966 de
1681 935 1810 967 iusticia
1837 936 1974 967 rationis
2009 937 2060 968 sic
2095 937 2266 973 sentimus,

252 979 386 1012 babitus
410 979 466 1011 ille
490 988 597 1010 tamen
622 979 801 1016 extimulat,
826 986 860 1010 vt
884 979 968 1009 idem
1002 976 1105 1009 faciat
1120 979 1172 1014 ²²)
1195 976 1234 1008 li·
1285 977 1374 1017 quod
1392 975 1486 1008 Deus
1510 978 1654 1017 requirat
1678 988 1768 1016 eam,
1793 984 1825 1010 et
1848 979 1936 1020 quod
1967 986 2105 1020 propter
2135 980 2267 1011 manda-

253 1024 394 1055 bentius.
440 1022 478 1053 Et
509 1022 618 1053 iubent
651 1023 767 1053 mereri
801 1022 887 1052 hunc
917 1020 1063 1052 habitum
1094 1021 1232 1061 primum
1258 1035 1261 1040 v
1285 1025 1352 1050 tum
1386 1018 1451 1050 Dei
1485 1021 1678 1050 necessario
1712 1021 1777 1051 sint
1807 1020 1960 1052 facienda
1994 1022 2136 1053 honesta
2165 1031 2268 1063 opera

252 1076 312 1108 per
334 1065 566 1107 praecedentia
585 1066 711 1102 merita,
737 1065 854 1095 deinde
877 1064 990 1095 iubent
1013 1064 1131 1095 mereri
1156 1073 1233 1104 ope·
1285 1072 1370 1103 quae
1393 1061 1579 1103 decalogus
1603 1063 1774 1103 praecipit,
1797 1063 1887 1094 iuxta
1910 1063 2004 1102 illud,
2024 1064 2092 1096 Lex
2115 1070 2167 1095 est
2192 1075 2269 1105 pae-

252 1110 343 1141 ribus
378 1108 463 1149 legis
497 1109 733 1139 incrementum
764 1107 851 1138 illius
885 1106 1036 1140 habitus,
1066 1112 1098 1137 et
1133 1107 1232 1137 vitam
1285 1106 1449 1146 «agogas.
1496 1103 1576 1136 ltem
1594 1103 1649 1136 lex
1678 1112 1728 1136 est
1758 1105 1888 1136 iniustis
1915 1107 2036 1147 posita.
2083 1105 2161 1138 Vult
2184 1108 2270 1139 enim

251 1159 430 1184 aeternam.
466 1151 513 1181 lta
536 1150 698 1191 sepeliunt
723 1151 902 1187 Christum,
924 1159 965 1180 ne
989 1159 1028 1180 eo
1052 1149 1233 1180 mediatore
1257 1146 1261 1177 Ι
1285 1146 1379 1178 Deus
1403 1146 1573 1179 coherceri
1599 1147 1753 1179 carnales
1776 1146 1832 1178 illa
1858 1147 1946 1179 ciuili
1966 1147 2154 1190 disciplina,
2170 1148 2213 1180 Et
2225 1150 2270 1181 ad

252 1201 385 1226 vtantur
408 1194 570 1231 homines,
594 1201 625 1224 et
646 1201 780 1234 propter
803 1194 908 1234 ipsum
928 1193 1081 1223 senciant
1100 1202 1138 1222 se
1161 1201 1233 1232 gra·
1258 1180 1261 1215 Ι
1286 1190 1373 1221 hanc
1397 1190 1661 1221 conseruandam
1685 1190 1775 1221 dedit
1797 1190 1906 1232 leges,
1932 1189 2061 1229 literas,
2086 1191 2271 1223 doctrinam

252 1239 293 1269 tis
317 1238 473 1277 accipere
496 1237 725 1268 remissionem
747 1242 964 1277 peccatorum
983 1240 1016 1266 et
1040 1233 1233 1266 reconcilia·
1258 1228 1262 1278 ξ
1285 1233 1582 1273 niagistratus‚²⁴)
1606 1242 1744 1274 poenas.
1791 1232 1833 1265 Et
1861 1239 1973 1273 potest
1990 1235 2041 1266 ²⁵)
2066 1234 2152 1265 hanc
2180 1235 2271 1266 iusti-

251 1282 388 1314 tionem,
418 1281 479 1310 sed
506 1280 669 1310 somnient
696 1289 734 1310 se
766 1279 899 1319 propria
927 1276 1124 1319 implecione
1147 1276 1234 1318 legis
1258 1279 1262 1316 Ι
1286 1276 1371 1307 ciam
1405 1281 1572 1317 vtcunque
1601 1277 1684 1307 ratio
1719 1276 1789 1307 suis
1825 1276 1952 1308 vitibus
1981 1275 2137 1314 efficere,
2167 1287 2271 1318 quan·

250 1323 369 1355 mereri
390 1323 617 1353 remissionem
642 1329 872 1362 peccatorum,
896 1328 929 1352 et
958 1321 1092 1361 propria
1120 1319 1233 1360 imple·
1259 1318 1262 1386 ‚
1286 1329 1385 1360 quam
1408 1328 1511 1358 saepe
1537 1318 1681 1350 vincitur
1709 1317 1936 1350 imbecillitate
1953 1321 2006 1352 ²⁶)
2042 1319 2204 1357 naturali,
2237 1325 2272 1351 et

252 1367 341 1398 tione
364 1365 448 1407 legis
473 1376 584 1396 coram
608 1364 682 1396 Deo
707 1366 814 1397 iustos
837 1365 1001 1405 reputari,
1026 1374 1099 1394 cuin
1123 1369 1233 1394 tamen
1259 1387 1262 1409 1
1285 1360 1475 1402 impellente
1513 1359 1648 1393 diabolo
1683 1361 1725 1392 ad
1760 1360 1936 1392 manifesta
1963 1361 2106 1404 flagicia.
2159 1362 2272 1398 Quan-

251 1409 317 1452 legi
340 1419 506 1450 nunquam
531 1407 689 1445 satisfiat,
712 1419 786 1439 cum
816 1408 900 1439 ratio
923 1405 1003 1437 nihil
1025 1405 1140 1440 saciat,
1170 1405 1234 1437 nisi
1287 1415 1385 1445 quam
1409 1409 1518 1435 autem
1541 1404 1618 1436 huic
1641 1404 1794 1435 iusticiae
1822 1405 1960 1436 rationis
1989 1403 2130 1436 libenter
2160 1405 2273 1437 tribui·

251 1453 412 1495 quaedam
436 1450 546 1483 ciuilia
568 1461 681 1492 opera,
706 1451 837 1482 Interim
856 1460 963 1492 neque
985 1450 1097 1481 timeat
1115 1447 1235 1486 Deum,
1287 1457 1360 1478 mus
1379 1457 1459 1478 suas
1478 1445 1607 1485 laudeS,
1629 1445 1764 1478 Nullum
1785 1447 1871 1478 enim
1891 1448 1998 1479 maius
2023 1448 2145 1479 bonum
2169 1446 2272 1479 habet

251 1506 359 1538 neque
383 1505 462 1527 vere
492 1495 607 1526 credat
637 1504 674 1525 se
701 1493 776 1526 Deo
807 1503 906 1525 curae
929 1503 1017 1524 esse.
1062 1491 1104 1522 Et
1132 1501 1234 1532 quan-
1287 1488 1372 1521 haec
1395 1495 1512 1520 natura
1535 1496 1701 1531 corrupta.
1747 1489 1788 1520 Et
1810 1496 1902 1521 recte
1924 1490 2029 1531 inquit
2055 1488 2272 1529 Aristoteles,

252 1549 351 1580 quam
375 1539 416 1569 de
439 1538 553 1569 habitu
576 1536 634 1567 illo
658 1536 848 1579 loquuntur,
868 1543 977 1567 tamen
1002 1535 1074 1566 sine
1103 1534 1235 1566 iusticia
1288 1542 1394 1573 neque
1429 1531 1631 1573 Hesperum,
1666 1542 1772 1573 neque
1808 1530 1998 1564 Luciferum
2036 1531 2272 1565 formosiorem

252 1582 346 1619 fidei,
381 1591 489 1622 neque
523 1581 667 1611 existere
700 1579 832 1611 dilectio
867 1578 932 1610 Dei
965 1579 998 1609 in
1036 1577 1235 1615 hominibus,
1287 1584 1364 1607 esse
1387 1575 1528 1606 iusticia.
1573 1575 1624 1606 Ac
1652 1574 1747 1606 Deus
1777 1575 1875 1606 etiam
1903 1577 2067 1608 ornat27)
2095 1585 2169 1607 eam
2199 1585 2272 1607 cor-

252 1635 360 1667 neque
384 1624 462 1666 quid
487 1624 529 1654 sit
553 1621 685 1655 dilectio
709 1621 792 1661 Dei,
816 1621 956 1664 intelligi
979 1627 1100 1662 potest.
1260 1638 1264 1675 Ι
1287 1615 1460 1660 poralibus
1484 1618 1659 1658 praemiJ's,
1688 1622 1799 1649 tamen
1827 1627 1894 1648 non
1923 1618 2023 1649 debet
2055 1627 2130 1651 cum
2159 1623 2273 1650 contu·

340 1667 381 1698 Et
403 1667 492 1709 quod
516 1666 643 1708 fingunt
668 1666 844 1697 discrimen
874 1666 959 1696 inter
983 1664 1134 1695 meritum
1157 1672 1235 1694 con·
1288 1658 1385 1692 melia
1410 1659 1534 1691 Christi
1557 1658 1699 1692 laudari.

253 1711 338 1753 grui,
361 1716 393 1742 et
417 1710 568 1741 meritum
589 1710 765 1750 condigni,
794 1708 911 1740 ludunt
941 1713 1086 1744 tantum,
1117 1716 1159 1737 ne
1188 1706 1235 1737 vi·
1376 1702 1512 1735 Falsum
1536 1708 1589 1734 est
1611 1703 1715 1740 enim,
1746 1703 1836 1743 quod
1859 1712 1919 1743 per
1941 1712 2046 1744 opera
2066 1708 2184 1735 nostra
2205 1712 2274 1735 me·

253 1755 394 1785 deantur
416 1758 529 1794 aperte
551 1754 776 1791 πελαγιανίζειν,
812 1751 898 1783 Nam
921 1751 950 1781 si
963 1749 1056 1781 Deus
1080 1758 1235 1781 necessa·
1287 1756 1420 1778 reamur
1442 1746 1672 1777 remissionem
1695 1751 1922 1786 peccatorum.

252 1797 302 1828 rio
322 1797 378 1828 dat
399 1796 538 1838 gratiam
568 1805 629 1836 pro
661 1795 776 1827 merito
806 1793 962 1836 congrui,
991 1793 1056 1824 iam
1087 1801 1154 1823 non
1184 1797 1236 1823 est
1374 1787 1509 1821 Falsum
1531 1795 1584 1820 est
1611 1794 1645 1820 et
1672 1787 1755 1825 hoc,
1785 1788 1874 1829 quod
1903 1788 2054 1819 homines
2079 1793 2274 1828 reputentur

253 1841 402 1871 meritum
437 1839 592 1880 congrui,
628 1838 688 1869 sed
723 1839 873 1869 meritum
904 1835 1071 1877 condigni.
1123 1834 1236 1870 Quan-
1289 1842 1367 1864 esse
1389 1832 1466 1863 iusti
1491 1841 1603 1863 coram
1627 1831 1713 1869 Deo,
1736 1836 1871 1872 propter
1894 1831 2055 1862 iusticiam
2078 1830 2228 1861 rationis.

253 1893 350 1924 quam
374 1882 451 1924 quid
476 1882 598 1920 dicant,
621 1891 686 1911 non
712 1881 833 1912 vident.
870 1880 952 1911 Post
974 1878 1121 1909 habitum
1143 1876 1236 1908 illum
1376 1874 1511 1906 Falsum
1535 1880 1586 1905 est
1608 1880 1641 1905 et
1659 1874 1735 1912 hoc,
1758 1873 1846 1923 qood
1870 1873 1954 1904 ratio
1976 1874 2121 1914 proprijs
2146 1873 2272 1904 viribus

252 1924 440 1957 dilectionis
461 1926 587 1966 lingunt
601 1923 764 1955 hominem
783 1924 823 1954 de
837 1923 1005 1964 condigno
1025 1921 1154 1952 mereri.
1170 1922 1236 1957 ¹²²¹⁸)
1311 1919 1395 1949 ossit
1431 1917 1540 1950 Deum
1575 1927 1676 1958 supra
1703 1926 1812 1948 omma
1841 1914 1997 1957 diligere,
2024 1922 2055 1946 et
2079 1914 2187 1957 legem
2208 1914 2273 1947 Dei

254 1968 296 2000 Et
315 1975 421 2000 tamen
442 1969 554 1999 iubent
572 1967 739 2005 dubitare,
763 1973 871 1998 vtrum
892 1966 980 1996 adsit
1009 1965 1151 2002 habitus,
1167 1964 1235 1999 22ι’)
1261 1982 1265 2003 ,
1302 1971 1410 1997 acere,
1435 1958 1602 1997 videlicet,
1622 1968 1701 1990 vere
1720 1959 1835 1990 timere
1858 1958 1986 1996 Deum,
2009 1968 2090 1989 vere
2112 1964 2273 1997 statuere,

254 2011 429 2047 Quomodo
452 2012 551 2053 igitur
581 2011 706 2047 sciunt,
737 2016 844 2041 vtrum
869 2009 910 2040 de
942 2017 1092 2049 congruo
1120 2017 1162 2037 an
1194 2006 1236 2037 de
1288 2005 1378 2046 quod
1401 2003 1493 2034 Deus
1516 2002 1688 2039 exaudiat,
1713 1999 1799 2032 velle
1832 2001 1968 2032 obedire
1993 2000 2068 2032 Deo
2096 2001 2129 2032 in
2153 2006 2273 2039 morte,

254 2055 422 2096 condigno
453 2059 651 2085 mereantur.
697 2052 763 2084 Sed
794 2058 864 2084 tota
894 2051 977 2083 baec
1007 2060 1060 2081 res
1092 2048 1239 2081 conficta
1288 2054 1321 2079 ot
1361 2045 1437 2086 alijs
1478 2045 1741 2076 ordinationibus
1782 2042 1856 2076 Dei.
1912 2043 1987 2075 Non
2028 2044 2273 2085 concupiscere

255 2104 307 2129 est
330 2099 371 2129 ab
396 2097 518 2129 ociosis
544 2096 749 2133 hominibus,
772 2096 826 2137 qui
850 2105 916 2126 non
941 2101 1077 2131 norant,
1100 2102 1237 2134 quomo·
1288 2089 1397 2122 aliena
1418 2095 1481 2119 etc.
1506 2088 1567 2119 etsi
1593 2086 1700 2119 ciuilia
1723 2097 1824 2127 opera
1839 2085 1974 2118 efficere
1987 2087 2071 2118 ratio
2083 2092 2203 2128 potest.
2219 2088 2273 2124 ²³)

256 2141 298 2172 do
323 2141 493 2181 contingat
517 2139 667 2170 remissio
692 2145 922 2180 peccatorum,
951 2144 984 2168 et
1008 2136 1173 2178 quomodo
1204 2135 1236 2165 in
1375 2130 1510 2163 Falsum
1533 2138 1584 2161 est
1607 2137 1640 2162 et
1663 2130 1728 2162 hoc
1749 2137 1780 2161 et
1810 2129 2088 2162 contumeliosum
2116 2130 2148 2160 in
2177 2127 2273 2161 Chri·

256 2183 375 2215 iudicio
399 2183 473 2221 Dei,
496 2188 528 2214 et
554 2182 737 2213 terroribus
762 2180 998 2218 conscientiae,
1015 2179 1136 2210 fiducia
1159 2187 1237 2219 ope·
1288 2182 1393 2212 stum,
1422 2174 1510 2215 quod
1543 2184 1608 2204 non
1638 2179 1779 2215 peccent
1808 2173 1958 2204 homines
1987 2171 2148 2204 facientes
2177 2182 2271 2213 prae—

256 2238 328 2258 rum
352 2227 449 2257 nobis
473 2226 670 2257 excutiatur.
716 2224 832 2255 Securi
848 2226 900 2263 ²³)
931 2222 1127 2265 hypocritae
1153 2231 1238 2252 sem·
1259 2246 1264 2262 ,
1289 2224 1387 2260 cepta
1417 2217 1481 2248 Dei
1515 2217 1588 2248 sine
1621 2217 1739 2257 gratia.
1786 2215 1890 2247 Huius
1914 2223 2050 2247 nostrae
2077 2215 2273 2246 sentenciae

257 2280 316 2311 per
339 2270 484 2301 iudicant
508 2279 545 2300 se
569 2268 610 2299 de
634 2268 802 2308 condigno
826 2267 956 2304 mereri,
980 2266 1052 2296 siue
1071 2265 1157 2296 adsit
1181 2263 1237 2294 ha·
1289 2261 1475 2293 testimonia
1500 2259 1676 2292 habemus.
1706 2268 1773 2290 non
1803 2257 1911 2290 solum
1944 2268 1985 2290 ex
2016 2258 2203 2299 scripturis,
2218 2259 2272 2294 ²⁹)

258 2314 345 2344 bitus
369 2311 442 2350 ille,
469 2313 540 2343 siue
571 2320 637 2341 non
666 2310 769 2343 adsit.
804 2310 879 2350 quia
913 2307 1108 2340 naturaliter
1135 2306 1238 2339 conti-
1260 2271 1264 2342 l
1290 2304 1351 2335 sed
1371 2304 1467 2335 etiam
1492 2312 1532 2334 ex
1557 2301 1721 2334 Patribus.
1766 2301 1849 2333 Nam
1875 2301 2084 2343 Augustinus
2113 2300 2274 2342 copiosis-

258 2356 338 2386 dnnt
362 2355 514 2387 homines
538 2354 670 2395 propria
695 2352 906 2384 iusticia.sed
927 2350 1152 2383 conscientiae
1166 2359 1238 2391 per·
1261 2347 1264 2378 i

260 2398 456 2430 terrefactae
478 2398 649 2439 ambigunt
675 2403 707 2428 et
740 2395 907 2433 dubitant,
937 2402 970 2426 et
999 2393 1139 2426 subinde
1173 2390 1238 2424 alia

1291 2443 1337 2473 2⁴)
1358 2442 1503 2466 doctrinam
1522 2439 1706 2471 magistratum!
1728 2439 1774 2462 Ed.
1794 2439 1832 2462 3.:
1853 2439 2010 2468 doctrinam,
2029 2437 2206 2469 Magistratus,

1292 2486 1337 2516 Ἡ»)
1358 2484 1454 2517 potest}
1475 2485 1523 2508 Ed.
1545 2486 1568 2508 3.
1588 2489 1637 2517 typi.
1654 2491 1718 2508 em:
1738 2486 1796 2513 post

260 2537 306 2565 22)
327 2535 414 2565 tarint}
435 2536 481 2559 Ed.
502 2537 525 2559 «t,
546 2539 596 2567 (ηρ.
616 2543 680 2558 ern:
701 2534 762 2558 fauit
1293 2530 1339 2558 26)
1360 2527 1549 2558 imbecillitate!
1570 2527 1616 2551 1¹:1¹.
1637 2527 1676 2549 8.:
1697 2525 1869 2549 imbecillitati

261 2580 324 2605 222)
345 2586 433 2601 mvn-ri
451 2578 456 2608 1
478 2579 522 2601 Ed.
544 2579 567 2601 21.
603 2579 704 2605 mero-ri,
1264 2554 1267 2600 Ι
1293 2572 1339 2602 27)
1360 2570 1448 2601 ornat}
1468 2572 1504 2594 σι’(
1518 2571 1597 2594 Editt.
1623 2570 1709 2595 t-³.:
1729 2568 1775 2591 Ed.
1795 2569 1834 2591 ⁴‚z
1853 2571 1928 2591 ornet

261 2622 324 2649 22t1)
345 2621 466 2651 habunt]
487 2621 532 2644 ΡΛ.
554 2623 591 2644 IL:
612 2621 722 2644 nubium.
1265 2608 1268 2647 ἶ
1295 2616 1340 2643 28)
1361 2613 1466 2646 potest}
1487 2621 1522 2636 ur
1543 2614 1621 2637 Editt.
1646 2614 1665 2635 Ι.
1688 2613 1710 2635 9.
1730 2613 1768 2636 4.;
1790 2610 1836 2634 Ed.
1857 2612 1895 2633 θη
1916 2617 1968 2633 nnn
1988 2612 2080 2640 potest.

262 2667 307 2694 225)
327 2664 426 2694 Securi}
448 2672 482 2686 nt*
504 2665 580 2686 liduit⁴
606 2665 612 2686 l
634 2665 692 2689 -:3.;
714 2663 760 2686 Ed.
783 2663 820 2685 L:
844 2662 924 2686 steno
1265 2661 1268 2683 Ι
1295 2658 1341 2687 29)
1361 2665 1393 2681 ox
1413 2656 1567 2688 srripttiris,1
1586 2663 1622 2679 no
1642 2655 1721 2679 Bdtn.
1747 2654 1833 2680 1—3.-.
1855 2653 1901 2677 Ed.
1924 2654 1960 2677 ⁴st
1982 2653 2006 2676 ln
2026 2651 2168 2683 scripturis,
