<?xml version="1.0" encoding="UTF-8"?>
<!DOCTYPE html PUBLIC "-//W3C//DTD XHTML 1.0 Transitional//EN"
    "http://www.w3.org/TR/xhtml1/DTD/xhtml1-transitional.dtd">
<html xmlns="http://www.w3.org/1999/xhtml" xml:lang="en" lang="en">
 <head>
  <title>
</title>
<meta http-equiv="Content-Type" content="text/html;charset=utf-8" />
  <meta name='ocr-system' content='tesseract 3.04.00' />
  <meta name='ocr-capabilities' content='ocr_page ocr_carea ocr_par ocr_line ocrx_word'/>
</head>
<body>
  <div class='ocr_page' id='page_1' title='image "./operaquaesupersu27melauoft_0329.png"; bbox 0 0 2366 2958; ppageno 0'>
   <div class='ocr_carea' id='block_1_1' title="bbox 155 150 544 184">
    <p class='ocr_par' dir='ltr' id='par_1_1' title="bbox 155 150 544 184">
     <span class='ocr_line' id='line_1_1' title="bbox 155 150 544 184; baseline -0.003 0"><span class='ocrx_word' id='word_1_1' title='bbox 155 152 221 184; x_wconf 77' lang='lat'>629</span> <span class='ocrx_word' id='word_1_2' title='bbox 506 150 544 183; x_wconf 82' lang='grc' dir='ltr'>ΙΙ.</span> 
     </span>
    </p>
   </div>
   <div class='ocr_carea' id='block_1_2' title="bbox 149 243 1136 2169">
    <p class='ocr_par' dir='ltr' id='par_1_2' title="bbox 155 243 1136 416">
     <span class='ocr_line' id='line_1_2' title="bbox 157 243 1135 286; baseline -0.001 -9"><span class='ocrx_word' id='word_1_3' title='bbox 157 247 265 277; x_wconf 89' lang='lat' dir='ltr'>bonos</span> <span class='ocrx_word' id='word_1_4' title='bbox 287 245 321 276; x_wconf 90' lang='lat' dir='ltr'>in</span> <span class='ocrx_word' id='word_1_5' title='bbox 344 244 556 286; x_wconf 83' lang='lat' dir='ltr'>Monasterijs</span> <span class='ocrx_word' id='word_1_6' title='bbox 579 254 665 283; x_wconf 89' lang='lat' dir='ltr'>esse,</span> <span class='ocrx_word' id='word_1_7' title='bbox 688 245 744 286; x_wconf 88' lang='lat' dir='ltr'>qui</span> <span class='ocrx_word' id='word_1_8' title='bbox 762 245 803 276; x_wconf 93' lang='lat' dir='ltr'>de</span> <span class='ocrx_word' id='word_1_9' title='bbox 821 245 970 277; x_wconf 86' lang='lat' dir='ltr'>humanis</span> <span class='ocrx_word' id='word_1_10' title='bbox 990 243 1135 276; x_wconf 87' lang='lat' dir='ltr'>cultibus</span> 
     </span>
     <span class='ocr_line' id='line_1_3' title="bbox 156 287 1136 329; baseline -0.002 -9"><span class='ocrx_word' id='word_1_11' title='bbox 156 294 190 320; x_wconf 87' lang='lat' dir='ltr'>et</span> <span class='ocrx_word' id='word_1_12' title='bbox 217 287 378 329; x_wconf 81' lang='lat' dir='ltr'>facticijs,</span> <span class='ocrx_word' id='word_1_13' title='bbox 411 294 447 319; x_wconf 90' lang='lat' dir='ltr'>vt</span> <span class='ocrx_word' id='word_1_14' title='bbox 475 288 606 329; x_wconf 88' lang='lat' dir='ltr'>quidam</span> <span class='ocrx_word' id='word_1_15' title='bbox 637 288 821 329; x_wconf 78' lang='lat' dir='ltr'><strong>scriptores</strong></span> <span class='ocrx_word' id='word_1_16' title='bbox 846 289 1046 325; x_wconf 78' lang='lat' dir='ltr'>vocant,⁹⁹)</span> <span class='ocrx_word' id='word_1_17' title='bbox 1069 296 1136 318; x_wconf 91' lang='lat' dir='ltr'>mo·</span> 
     </span>
     <span class='ocr_line' id='line_1_4' title="bbox 156 330 1135 371; baseline -0.002 -9"><span class='ocrx_word' id='word_1_18' title='bbox 156 331 270 363; x_wconf 88' lang='lat' dir='ltr'>derate</span> <span class='ocrx_word' id='word_1_19' title='bbox 292 331 456 368; x_wconf 81' lang='lat' dir='ltr'>senciunt,</span> <span class='ocrx_word' id='word_1_20' title='bbox 481 340 542 362; x_wconf 84' lang='lat' dir='ltr'>nec</span> <span class='ocrx_word' id='word_1_21' title='bbox 563 331 705 371; x_wconf 86' lang='lat' dir='ltr'>probant</span> <span class='ocrx_word' id='word_1_22' title='bbox 730 330 898 369; x_wconf 85' lang='lat' dir='ltr'>seuiciam,</span> <span class='ocrx_word' id='word_1_23' title='bbox 923 340 1023 371; x_wconf 88' lang='lat' dir='ltr'>quam</span> <span class='ocrx_word' id='word_1_24' title='bbox 1041 340 1135 362; x_wconf 86' lang='lat' dir='ltr'>exer-</span> 
     </span>
     <span class='ocr_line' id='line_1_5' title="bbox 155 372 680 416; baseline -0.004 -10"><span class='ocrx_word' id='word_1_25' title='bbox 155 379 232 406; x_wconf 87' lang='lat' dir='ltr'>cent</span> <span class='ocrx_word' id='word_1_26' title='bbox 253 372 446 416; x_wconf 82' lang='lat' dir='ltr'>hypocritae</span> <span class='ocrx_word' id='word_1_27' title='bbox 466 373 554 414; x_wconf 85' lang='lat' dir='ltr'>apud</span> <span class='ocrx_word' id='word_1_28' title='bbox 575 374 680 414; x_wconf 89' lang='lat' dir='ltr'>ipsos.</span> 
     </span>
    </p>

    <p class='ocr_par' dir='ltr' id='par_1_3' title="bbox 149 415 1133 1911">
     <span class='ocr_line' id='line_1_6' title="bbox 241 415 1133 457; baseline -0.003 -9"><span class='ocrx_word' id='word_1_29' title='bbox 241 415 311 448; x_wconf 91' lang='lat' dir='ltr'>Sed</span> <span class='ocrx_word' id='word_1_30' title='bbox 344 417 385 447; x_wconf 92' lang='lat' dir='ltr'>de</span> <span class='ocrx_word' id='word_1_31' title='bbox 423 426 547 457; x_wconf 86' lang='lat' dir='ltr'>genere</span> <span class='ocrx_word' id='word_1_32' title='bbox 581 416 752 447; x_wconf 83' lang='lat' dir='ltr'>doctrinae</span> <span class='ocrx_word' id='word_1_33' title='bbox 786 415 1010 456; x_wconf 67' lang='lat' dir='ltr'>disputamus»,</span> <span class='ocrx_word' id='word_1_34' title='bbox 1044 415 1133 456; x_wconf 84' lang='lat' dir='ltr'>quod</span> 
     </span>
     <span class='ocr_line' id='line_1_7' title="bbox 156 457 1132 492; baseline -0.001 -2"><span class='ocrx_word' id='word_1_35' title='bbox 156 469 244 491; x_wconf 87' lang='lat' dir='ltr'>nune</span> <span class='ocrx_word' id='word_1_36' title='bbox 266 457 446 490; x_wconf 80' lang='lat' dir='ltr'>defendunt</span> <span class='ocrx_word' id='word_1_37' title='bbox 463 458 646 490; x_wconf 79' lang='lat' dir='ltr'><strong>Architecti</strong></span> <span class='ocrx_word' id='word_1_38' title='bbox 669 457 1000 492; x_wconf 78' lang='lat' dir='ltr'>confutacionis,n0n</span> <span class='ocrx_word' id='word_1_39' title='bbox 1025 464 1132 489; x_wconf 91' lang='lat' dir='ltr'>vtrum</span> 
     </span>
     <span class='ocr_line' id='line_1_8' title="bbox 154 500 1131 539; baseline -0.003 -6"><span class='ocrx_word' id='word_1_40' title='bbox 154 508 234 534; x_wconf 83' lang='lat' dir='ltr'>vota</span> <span class='ocrx_word' id='word_1_41' title='bbox 256 502 422 533; x_wconf 86' lang='lat' dir='ltr'>seruanda</span> <span class='ocrx_word' id='word_1_42' title='bbox 445 502 526 539; x_wconf 85' lang='lat' dir='ltr'>sint,</span> <span class='ocrx_word' id='word_1_43' title='bbox 551 501 719 532; x_wconf 87' lang='lat' dir='ltr'>Sentimus</span> <span class='ocrx_word' id='word_1_44' title='bbox 743 501 828 532; x_wconf 88' lang='lat' dir='ltr'>enim</span> <span class='ocrx_word' id='word_1_45' title='bbox 851 500 941 531; x_wconf 87' lang='lat' dir='ltr'>licita</span> <span class='ocrx_word' id='word_1_46' title='bbox 964 505 1042 531; x_wconf 86' lang='lat' dir='ltr'>vota</span> <span class='ocrx_word' id='word_1_47' title='bbox 1061 510 1131 531; x_wconf 90' lang='lat' dir='ltr'>ser-</span> 
     </span>
     <span class='ocr_line' id='line_1_9' title="bbox 155 542 1131 582; baseline -0.003 -6"><span class='ocrx_word' id='word_1_48' title='bbox 155 545 227 576; x_wconf 82' lang='lat' dir='ltr'>uari</span> <span class='ocrx_word' id='word_1_49' title='bbox 255 545 394 582; x_wconf 85' lang='lat' dir='ltr'>debere,</span> <span class='ocrx_word' id='word_1_50' title='bbox 423 545 484 576; x_wconf 85' lang='lat' dir='ltr'>sed</span> <span class='ocrx_word' id='word_1_51' title='bbox 514 551 620 576; x_wconf 84' lang='lat' dir='ltr'>vtrum</span> <span class='ocrx_word' id='word_1_52' title='bbox 649 543 758 576; x_wconf 85' lang='lat' dir='ltr'>cultus</span> <span class='ocrx_word' id='word_1_53' title='bbox 789 542 835 574; x_wconf 84' lang='lat' dir='ltr'>illi</span> <span class='ocrx_word' id='word_1_54' title='bbox 865 551 1053 574; x_wconf 87' lang='lat' dir='ltr'>mereantur</span> <span class='ocrx_word' id='word_1_55' title='bbox 1081 552 1131 573; x_wconf 89' lang='lat' dir='ltr'>re-</span> 
     </span>
     <span class='ocr_line' id='line_1_10' title="bbox 155 585 1130 629; baseline -0.001 -11"><span class='ocrx_word' id='word_1_56' title='bbox 155 587 345 619; x_wconf 80' lang='lat' dir='ltr'>missionem</span> <span class='ocrx_word' id='word_1_57' title='bbox 382 593 595 629; x_wconf 88' lang='lat' dir='ltr'>peccatorum</span> <span class='ocrx_word' id='word_1_58' title='bbox 628 591 660 618; x_wconf 86' lang='lat' dir='ltr'>et</span> <span class='ocrx_word' id='word_1_59' title='bbox 693 585 977 623; x_wconf 79' lang='lat' dir='ltr'>iustificationem,</span> <span class='ocrx_word' id='word_1_60' title='bbox 1012 585 1130 617; x_wconf 89' lang='lat' dir='ltr'>Vtrum</span> 
     </span>
     <span class='ocr_line' id='line_1_11' title="bbox 153 628 1130 671; baseline -0.002 -11"><span class='ocrx_word' id='word_1_61' title='bbox 153 631 219 661; x_wconf 89' lang='lat' dir='ltr'>sint</span> <span class='ocrx_word' id='word_1_62' title='bbox 241 628 485 661; x_wconf 77' lang='lat' dir='ltr'>satisfactiones</span> <span class='ocrx_word' id='word_1_63' title='bbox 509 640 569 671; x_wconf 86' lang='lat' dir='ltr'>pro</span> <span class='ocrx_word' id='word_1_64' title='bbox 592 631 758 670; x_wconf 74' lang='lat' dir='ltr'>peccatis,</span> <span class='ocrx_word' id='word_1_65' title='bbox 789 628 907 659; x_wconf 90' lang='lat' dir='ltr'>Vtrum</span> <span class='ocrx_word' id='word_1_66' title='bbox 936 629 1001 659; x_wconf 90' lang='lat' dir='ltr'>sint</span> <span class='ocrx_word' id='word_1_67' title='bbox 1031 638 1130 669; x_wconf 87' lang='lat' dir='ltr'>pares</span> 
     </span>
     <span class='ocr_line' id='line_1_12' title="bbox 154 671 1131 714; baseline -0.003 -10"><span class='ocrx_word' id='word_1_68' title='bbox 154 673 336 714; x_wconf 82' lang='lat' dir='ltr'>baptismo,</span> <span class='ocrx_word' id='word_1_69' title='bbox 361 672 477 704; x_wconf 86' lang='lat' dir='ltr'>Vtrum</span> <span class='ocrx_word' id='word_1_70' title='bbox 504 674 569 704; x_wconf 91' lang='lat' dir='ltr'>sint</span> <span class='ocrx_word' id='word_1_71' title='bbox 597 671 788 703; x_wconf 83' lang='lat' dir='ltr'>obseruatio</span> <span class='ocrx_word' id='word_1_72' title='bbox 818 678 1069 712; x_wconf 83' lang='lat' dir='ltr'>praeceptorum</span> <span class='ocrx_word' id='word_1_73' title='bbox 1098 678 1131 701; x_wconf 89' lang='lat' dir='ltr'>et</span> 
     </span>
     <span class='ocr_line' id='line_1_13' title="bbox 154 712 1130 756; baseline -0.001 -11"><span class='ocrx_word' id='word_1_74' title='bbox 154 714 380 753; x_wconf 85' lang='lat' dir='ltr'>consiliorum,</span> <span class='ocrx_word' id='word_1_75' title='bbox 392 715 507 746; x_wconf 90' lang='lat' dir='ltr'>Vtrum</span> <span class='ocrx_word' id='word_1_76' title='bbox 526 716 592 746; x_wconf 90' lang='lat' dir='ltr'>sint</span> <span class='ocrx_word' id='word_1_77' title='bbox 612 713 770 756; x_wconf 83' lang='lat' dir='ltr'><strong>perfectio</strong></span> <span class='ocrx_word' id='word_1_78' title='bbox 782 712 996 755; x_wconf 82' lang='lat' dir='ltr'>Euangelica,</span> <span class='ocrx_word' id='word_1_79' title='bbox 1015 713 1130 744; x_wconf 85' lang='lat' dir='ltr'>Vtrum</span> 
     </span>
     <span class='ocr_line' id='line_1_14' title="bbox 152 755 1131 799; baseline -0.002 -10"><span class='ocrx_word' id='word_1_80' title='bbox 152 757 296 790; x_wconf 81' lang='lat' dir='ltr'>habeant</span> <span class='ocrx_word' id='word_1_81' title='bbox 319 758 434 789; x_wconf 85' lang='lat' dir='ltr'>merita</span> <span class='ocrx_word' id='word_1_82' title='bbox 456 757 771 799; x_wconf 80' lang='lat' dir='ltr'>supererogationis,</span> <span class='ocrx_word' id='word_1_83' title='bbox 796 755 911 787; x_wconf 90' lang='lat' dir='ltr'>Vtrum</span> <span class='ocrx_word' id='word_1_84' title='bbox 937 757 1052 787; x_wconf 86' lang='lat' dir='ltr'>merita</span> <span class='ocrx_word' id='word_1_85' title='bbox 1075 755 1131 787; x_wconf 88' lang='lat' dir='ltr'>illa</span> 
     </span>
     <span class='ocr_line' id='line_1_15' title="bbox 153 798 1129 842; baseline -0.003 -10"><span class='ocrx_word' id='word_1_86' title='bbox 153 799 319 842; x_wconf 80' lang='lat' dir='ltr'>applicata</span> <span class='ocrx_word' id='word_1_87' title='bbox 341 800 415 842; x_wconf 84' lang='lat' dir='ltr'>alijs</span> <span class='ocrx_word' id='word_1_88' title='bbox 435 803 490 838; x_wconf 88' lang='lat'><strong>¹⁰⁰)</strong></span> <span class='ocrx_word' id='word_1_89' title='bbox 513 799 645 831; x_wconf 88' lang='lat' dir='ltr'>saluent</span> <span class='ocrx_word' id='word_1_90' title='bbox 663 809 733 830; x_wconf 89' lang='lat' dir='ltr'>eos.</span> <span class='ocrx_word' id='word_1_91' title='bbox 764 798 881 830; x_wconf 85' lang='lat' dir='ltr'>Vtrum</span> <span class='ocrx_word' id='word_1_92' title='bbox 905 800 972 830; x_wconf 89' lang='lat' dir='ltr'>sint</span> <span class='ocrx_word' id='word_1_93' title='bbox 994 798 1087 830; x_wconf 90' lang='lat' dir='ltr'>licita</span> <span class='ocrx_word' id='word_1_94' title='bbox 1107 801 1129 834; x_wconf 83' lang='lat'>¹)</span> 
     </span>
     <span class='ocr_line' id='line_1_16' title="bbox 153 841 1131 885; baseline -0.003 -10"><span class='ocrx_word' id='word_1_95' title='bbox 153 852 232 875; x_wconf 85' lang='lat' dir='ltr'>vota</span> <span class='ocrx_word' id='word_1_96' title='bbox 254 843 306 874; x_wconf 91' lang='lat' dir='ltr'>his</span> <span class='ocrx_word' id='word_1_97' title='bbox 331 843 539 885; x_wconf 78' lang='lat' dir='ltr'>opinionibus</span> <span class='ocrx_word' id='word_1_98' title='bbox 562 842 663 880; x_wconf 83' lang='lat' dir='ltr'>facta,</span> <span class='ocrx_word' id='word_1_99' title='bbox 687 842 805 873; x_wconf 85' lang='lat' dir='ltr'>Vtrum</span> <span class='ocrx_word' id='word_1_100' title='bbox 833 841 922 873; x_wconf 85' lang='lat' dir='ltr'>licita</span> <span class='ocrx_word' id='word_1_101' title='bbox 945 842 1010 873; x_wconf 91' lang='lat' dir='ltr'>sint</span> <span class='ocrx_word' id='word_1_102' title='bbox 1041 848 1131 879; x_wconf 87' lang='lat' dir='ltr'>vota,</span> 
     </span>
     <span class='ocr_line' id='line_1_17' title="bbox 153 884 1129 928; baseline -0.002 -11"><span class='ocrx_word' id='word_1_103' title='bbox 153 896 240 928; x_wconf 90' lang='lat' dir='ltr'>quae</span> <span class='ocrx_word' id='word_1_104' title='bbox 274 891 446 927; x_wconf 87' lang='lat' dir='ltr'>praetextu</span> <span class='ocrx_word' id='word_1_105' title='bbox 479 884 649 928; x_wconf 86' lang='lat' dir='ltr'>religionis</span> <span class='ocrx_word' id='word_1_106' title='bbox 680 891 804 916; x_wconf 90' lang='lat' dir='ltr'>tantum</span> <span class='ocrx_word' id='word_1_107' title='bbox 839 885 964 916; x_wconf 90' lang='lat' dir='ltr'>ventris</span> <span class='ocrx_word' id='word_1_108' title='bbox 999 890 1031 916; x_wconf 92' lang='lat' dir='ltr'>et</span> <span class='ocrx_word' id='word_1_109' title='bbox 1066 884 1129 926; x_wconf 88' lang='lat' dir='ltr'>oeij</span> 
     </span>
     <span class='ocr_line' id='line_1_18' title="bbox 154 928 1131 969; baseline -0.003 -8"><span class='ocrx_word' id='word_1_110' title='bbox 154 939 257 961; x_wconf 87' lang='lat' dir='ltr'>causa</span> <span class='ocrx_word' id='word_1_111' title='bbox 279 935 434 969; x_wconf 86' lang='lat' dir='ltr'>suscepta</span> <span class='ocrx_word' id='word_1_112' title='bbox 457 934 552 966; x_wconf 83' lang='lat' dir='ltr'>sunt,</span> <span class='ocrx_word' id='word_1_113' title='bbox 576 928 694 969; x_wconf 85' lang='lat' dir='ltr'>Vtrum</span> <span class='ocrx_word' id='word_1_114' title='bbox 718 938 795 959; x_wconf 89' lang='lat' dir='ltr'>vere</span> <span class='ocrx_word' id='word_1_115' title='bbox 826 928 893 958; x_wconf 88' lang='lat' dir='ltr'>sint</span> <span class='ocrx_word' id='word_1_116' title='bbox 923 934 1015 966; x_wconf 89' lang='lat' dir='ltr'>vota,</span> <span class='ocrx_word' id='word_1_117' title='bbox 1044 937 1131 969; x_wconf 84' lang='lat' dir='ltr'>quae</span> 
     </span>
     <span class='ocr_line' id='line_1_19' title="bbox 153 970 1131 1012; baseline -0.001 -10"><span class='ocrx_word' id='word_1_118' title='bbox 153 978 230 1003; x_wconf 89' lang='lat' dir='ltr'>suut</span> <span class='ocrx_word' id='word_1_119' title='bbox 252 977 380 1002; x_wconf 81' lang='lat' dir='ltr'>extorta</span> <span class='ocrx_word' id='word_1_120' title='bbox 407 976 463 1003; x_wconf 91' lang='lat' dir='ltr'>aut</span> <span class='ocrx_word' id='word_1_121' title='bbox 492 971 619 1008; x_wconf 90' lang='lat' dir='ltr'>inuitis,</span> <span class='ocrx_word' id='word_1_122' title='bbox 644 977 701 1002; x_wconf 91' lang='lat' dir='ltr'>aut</span> <span class='ocrx_word' id='word_1_123' title='bbox 733 970 787 1001; x_wconf 89' lang='lat' dir='ltr'>his</span> <span class='ocrx_word' id='word_1_124' title='bbox 815 971 870 1012; x_wconf 87' lang='lat' dir='ltr'>qui</span> <span class='ocrx_word' id='word_1_125' title='bbox 898 980 957 1012; x_wconf 91' lang='lat' dir='ltr'>per</span> <span class='ocrx_word' id='word_1_126' title='bbox 987 976 1131 1001; x_wconf 91' lang='lat' dir='ltr'>aetatem</span> 
     </span>
     <span class='ocr_line' id='line_1_20' title="bbox 151 1013 1130 1055; baseline -0.001 -10"><span class='ocrx_word' id='word_1_127' title='bbox 151 1014 298 1045; x_wconf 88' lang='lat' dir='ltr'>nondum</span> <span class='ocrx_word' id='word_1_128' title='bbox 327 1014 471 1045; x_wconf 85' lang='lat' dir='ltr'>iudicare</span> <span class='ocrx_word' id='word_1_129' title='bbox 499 1019 652 1054; x_wconf 88' lang='lat' dir='ltr'>poterant</span> <span class='ocrx_word' id='word_1_130' title='bbox 682 1014 723 1044; x_wconf 90' lang='lat' dir='ltr'>de</span> <span class='ocrx_word' id='word_1_131' title='bbox 756 1023 879 1055; x_wconf 82' lang='lat' dir='ltr'>genere</span> <span class='ocrx_word' id='word_1_132' title='bbox 914 1013 1015 1051; x_wconf 89' lang='lat' dir='ltr'>vitae,</span> <span class='ocrx_word' id='word_1_133' title='bbox 1046 1023 1130 1054; x_wconf 90' lang='lat' dir='ltr'>quos</span> 
     </span>
     <span class='ocr_line' id='line_1_21' title="bbox 151 1055 1130 1099; baseline -0.002 -11"><span class='ocrx_word' id='word_1_134' title='bbox 151 1063 307 1099; x_wconf 84' lang='lat' dir='ltr'>parentes</span> <span class='ocrx_word' id='word_1_135' title='bbox 331 1063 386 1088; x_wconf 89' lang='lat' dir='ltr'>aut</span> <span class='ocrx_word' id='word_1_136' title='bbox 408 1057 504 1089; x_wconf 89' lang='lat' dir='ltr'>amici</span> <span class='ocrx_word' id='word_1_137' title='bbox 525 1057 728 1088; x_wconf 87' lang='lat' dir='ltr'>intruserunt</span> <span class='ocrx_word' id='word_1_138' title='bbox 750 1057 783 1087; x_wconf 93' lang='lat' dir='ltr'>in</span> <span class='ocrx_word' id='word_1_139' title='bbox 806 1055 1028 1094; x_wconf 84' lang='lat' dir='ltr'>Monasteria,</span> <span class='ocrx_word' id='word_1_140' title='bbox 1054 1061 1088 1087; x_wconf 91' lang='lat' dir='ltr'>vt</span> <span class='ocrx_word' id='word_1_141' title='bbox 1103 1056 1130 1094; x_wconf 70' lang='grc'>2)</span> 
     </span>
     <span class='ocr_line' id='line_1_22' title="bbox 153 1098 1130 1141; baseline -0.002 -10"><span class='ocrx_word' id='word_1_142' title='bbox 153 1100 194 1131; x_wconf 88' lang='lat' dir='ltr'>de</span> <span class='ocrx_word' id='word_1_143' title='bbox 216 1098 348 1141; x_wconf 89' lang='lat' dir='ltr'>publico</span> <span class='ocrx_word' id='word_1_144' title='bbox 370 1098 549 1138; x_wconf 87' lang='lat' dir='ltr'>alerentur,</span> <span class='ocrx_word' id='word_1_145' title='bbox 568 1100 639 1131; x_wconf 88' lang='lat' dir='ltr'>sine</span> <span class='ocrx_word' id='word_1_146' title='bbox 657 1099 842 1141; x_wconf 82' lang='lat' dir='ltr'>patrimonij</span> <span class='ocrx_word' id='word_1_147' title='bbox 856 1099 975 1140; x_wconf 84' lang='lat' dir='ltr'>priuati</span> <span class='ocrx_word' id='word_1_148' title='bbox 992 1099 1130 1130; x_wconf 84' lang='lat' dir='ltr'>iactura.</span> 
     </span>
     <span class='ocr_line' id='line_1_23' title="bbox 152 1141 1131 1184; baseline -0.001 -11"><span class='ocrx_word' id='word_1_149' title='bbox 152 1141 270 1173; x_wconf 86' lang='lat' dir='ltr'>Vtrum</span> <span class='ocrx_word' id='word_1_150' title='bbox 304 1141 394 1174; x_wconf 87' lang='lat' dir='ltr'>licita</span> <span class='ocrx_word' id='word_1_151' title='bbox 428 1143 494 1174; x_wconf 92' lang='lat' dir='ltr'>sint</span> <span class='ocrx_word' id='word_1_152' title='bbox 528 1148 622 1181; x_wconf 88' lang='lat' dir='ltr'>vota,</span> <span class='ocrx_word' id='word_1_153' title='bbox 656 1152 741 1184; x_wconf 86' lang='lat' dir='ltr'>quae</span> <span class='ocrx_word' id='word_1_154' title='bbox 774 1141 884 1183; x_wconf 86' lang='lat' dir='ltr'>palam</span> <span class='ocrx_word' id='word_1_155' title='bbox 913 1148 1056 1183; x_wconf 88' lang='lat' dir='ltr'>vergunt</span> <span class='ocrx_word' id='word_1_156' title='bbox 1088 1141 1131 1172; x_wconf 86' lang='lat' dir='ltr'>ad</span> 
     </span>
     <span class='ocr_line' id='line_1_24' title="bbox 152 1183 1130 1227; baseline -0.001 -11"><span class='ocrx_word' id='word_1_157' title='bbox 152 1183 273 1216; x_wconf 91' lang='lat' dir='ltr'>malum</span> <span class='ocrx_word' id='word_1_158' title='bbox 295 1186 427 1224; x_wconf 81' lang='lat' dir='ltr'>exitum,</span> <span class='ocrx_word' id='word_1_159' title='bbox 453 1184 507 1216; x_wconf 90' lang='lat' dir='ltr'>vel</span> <span class='ocrx_word' id='word_1_160' title='bbox 530 1186 605 1227; x_wconf 91' lang='lat' dir='ltr'>quia</span> <span class='ocrx_word' id='word_1_161' title='bbox 628 1191 763 1226; x_wconf 87' lang='lat' dir='ltr'>propter</span> <span class='ocrx_word' id='word_1_162' title='bbox 785 1183 1038 1216; x_wconf 77' lang='lat' dir='ltr'>imbecillitatem</span> <span class='ocrx_word' id='word_1_163' title='bbox 1064 1194 1130 1215; x_wconf 91' lang='lat' dir='ltr'>non</span> 
     </span>
     <span class='ocr_line' id='line_1_25' title="bbox 152 1226 1129 1270; baseline 0 -12"><span class='ocrx_word' id='word_1_164' title='bbox 152 1234 341 1266; x_wconf 89' lang='lat' dir='ltr'>seruantur,</span> <span class='ocrx_word' id='word_1_165' title='bbox 362 1226 416 1259; x_wconf 89' lang='lat' dir='ltr'>vel</span> <span class='ocrx_word' id='word_1_166' title='bbox 439 1228 515 1270; x_wconf 88' lang='lat' dir='ltr'>quia</span> <span class='ocrx_word' id='word_1_167' title='bbox 540 1229 571 1259; x_wconf 90' lang='lat' dir='ltr'>hi</span> <span class='ocrx_word' id='word_1_168' title='bbox 601 1228 656 1270; x_wconf 85' lang='lat' dir='ltr'>qui</span> <span class='ocrx_word' id='word_1_169' title='bbox 684 1234 761 1258; x_wconf 89' lang='lat' dir='ltr'>sunt</span> <span class='ocrx_word' id='word_1_170' title='bbox 791 1228 822 1258; x_wconf 91' lang='lat' dir='ltr'>in</span> <span class='ocrx_word' id='word_1_171' title='bbox 851 1226 915 1258; x_wconf 86' lang='lat' dir='ltr'>illis</span> <span class='ocrx_word' id='word_1_172' title='bbox 944 1226 1129 1268; x_wconf 85' lang='lat' dir='ltr'>sodalicijs,</span> 
     </span>
     <span class='ocr_line' id='line_1_26' title="bbox 152 1269 1131 1313; baseline -0.002 -11"><span class='ocrx_word' id='word_1_173' title='bbox 152 1277 318 1313; x_wconf 86' lang='lat' dir='ltr'>coguntur</span> <span class='ocrx_word' id='word_1_174' title='bbox 339 1271 465 1302; x_wconf 85' lang='lat' dir='ltr'>abusus</span> <span class='ocrx_word' id='word_1_175' title='bbox 489 1271 683 1308; x_wconf 76' lang='lat' dir='ltr'>Missamm,</span> <span class='ocrx_word' id='word_1_176' title='bbox 713 1270 831 1311; x_wconf 81' lang='lat' dir='ltr'>impios</span> <span class='ocrx_word' id='word_1_177' title='bbox 856 1269 966 1301; x_wconf 88' lang='lat' dir='ltr'>cultus</span> <span class='ocrx_word' id='word_1_178' title='bbox 998 1275 1131 1300; x_wconf 87' lang='lat' dir='ltr'>sancto-</span> 
     </span>
     <span class='ocr_line' id='line_1_27' title="bbox 152 1312 1131 1354; baseline -0.001 -9"><span class='ocrx_word' id='word_1_179' title='bbox 152 1324 241 1350; x_wconf 69' lang='lat' dir='ltr'>rnm,</span> <span class='ocrx_word' id='word_1_180' title='bbox 271 1312 409 1345; x_wconf 87' lang='lat' dir='ltr'>consilia</span> <span class='ocrx_word' id='word_1_181' title='bbox 437 1314 584 1345; x_wconf 81' lang='lat' dir='ltr'>seniendi</span> <span class='ocrx_word' id='word_1_182' title='bbox 612 1314 645 1345; x_wconf 89' lang='lat' dir='ltr'>in</span> <span class='ocrx_word' id='word_1_183' title='bbox 675 1314 781 1344; x_wconf 89' lang='lat' dir='ltr'>bonos</span> <span class='ocrx_word' id='word_1_184' title='bbox 809 1313 916 1352; x_wconf 85' lang='lat' dir='ltr'>viros,</span> <span class='ocrx_word' id='word_1_185' title='bbox 943 1313 1131 1354; x_wconf 87' lang='lat' dir='ltr'>approbare</span> 
     </span>
     <span class='ocr_line' id='line_1_28' title="bbox 152 1354 1132 1398; baseline -0.002 -10"><span class='ocrx_word' id='word_1_186' title='bbox 152 1362 185 1388; x_wconf 93' lang='lat' dir='ltr'>et</span> <span class='ocrx_word' id='word_1_187' title='bbox 208 1355 375 1387; x_wconf 80' lang='lat' dir='ltr'>adiuuare.</span> <span class='ocrx_word' id='word_1_188' title='bbox 421 1355 473 1388; x_wconf 92' lang='lat' dir='ltr'>De</span> <span class='ocrx_word' id='word_1_189' title='bbox 496 1355 548 1387; x_wconf 89' lang='lat' dir='ltr'>his</span> <span class='ocrx_word' id='word_1_190' title='bbox 572 1356 820 1398; x_wconf 88' lang='lat' dir='ltr'>quaestionibus</span> <span class='ocrx_word' id='word_1_191' title='bbox 843 1356 1066 1396; x_wconf 78' lang='lat' dir='ltr'>disputamus,</span> <span class='ocrx_word' id='word_1_192' title='bbox 1089 1354 1132 1386; x_wconf 90' lang='lat' dir='ltr'>Et</span> 
     </span>
     <span class='ocr_line' id='line_1_29' title="bbox 152 1398 1131 1440; baseline -0.001 -10"><span class='ocrx_word' id='word_1_193' title='bbox 152 1409 227 1430; x_wconf 87' lang='lat' dir='ltr'>cum</span> <span class='ocrx_word' id='word_1_194' title='bbox 248 1408 311 1429; x_wconf 89' lang='lat' dir='ltr'>nos</span> <span class='ocrx_word' id='word_1_195' title='bbox 335 1400 365 1430; x_wconf 90' lang='lat' dir='ltr'>in</span> <span class='ocrx_word' id='word_1_196' title='bbox 390 1398 604 1431; x_wconf 80' lang='lat' dir='ltr'>consessione</span> <span class='ocrx_word' id='word_1_197' title='bbox 627 1398 805 1440; x_wconf 80' lang='lat' dir='ltr'>plaeraque</span> <span class='ocrx_word' id='word_1_198' title='bbox 828 1399 967 1430; x_wconf 84' lang='lat' dir='ltr'>diximus</span> <span class='ocrx_word' id='word_1_199' title='bbox 985 1399 1027 1430; x_wconf 88' lang='lat' dir='ltr'>de</span> <span class='ocrx_word' id='word_1_200' title='bbox 1045 1399 1131 1430; x_wconf 91' lang='lat' dir='ltr'>eius-</span> 
     </span>
     <span class='ocr_line' id='line_1_30' title="bbox 149 1440 1130 1483; baseline -0.002 -10"><span class='ocrx_word' id='word_1_201' title='bbox 149 1441 238 1473; x_wconf 84' lang='lat' dir='ltr'>modi</span> <span class='ocrx_word' id='word_1_202' title='bbox 262 1442 361 1479; x_wconf 84' lang='lat' dir='ltr'>votis,</span> <span class='ocrx_word' id='word_1_203' title='bbox 380 1452 466 1483; x_wconf 87' lang='lat' dir='ltr'>quae</span> <span class='ocrx_word' id='word_1_204' title='bbox 488 1442 586 1474; x_wconf 89' lang='lat' dir='ltr'>etiam</span> <span class='ocrx_word' id='word_1_205' title='bbox 610 1441 766 1473; x_wconf 86' lang='lat' dir='ltr'>Canones</span> <span class='ocrx_word' id='word_1_206' title='bbox 790 1440 987 1473; x_wconf 85' lang='lat' dir='ltr'>Pontificum</span> <span class='ocrx_word' id='word_1_207' title='bbox 1011 1442 1130 1481; x_wconf 86' lang='lat' dir='ltr'>impro-</span> 
     </span>
     <span class='ocr_line' id='line_1_31' title="bbox 150 1484 1131 1526; baseline -0.001 -11"><span class='ocrx_word' id='word_1_208' title='bbox 150 1485 242 1523; x_wconf 90' lang='lat' dir='ltr'>bant,</span> <span class='ocrx_word' id='word_1_209' title='bbox 265 1490 373 1515; x_wconf 86' lang='lat' dir='ltr'>tamen</span> <span class='ocrx_word' id='word_1_210' title='bbox 397 1484 580 1525; x_wconf 85' lang='lat' dir='ltr'>aduersarij</span> <span class='ocrx_word' id='word_1_211' title='bbox 606 1484 718 1516; x_wconf 85' lang='lat' dir='ltr'>iubent</span> <span class='ocrx_word' id='word_1_212' title='bbox 741 1484 851 1515; x_wconf 89' lang='lat' dir='ltr'>omnia</span> <span class='ocrx_word' id='word_1_213' title='bbox 873 1493 959 1526; x_wconf 87' lang='lat' dir='ltr'>quae</span> <span class='ocrx_word' id='word_1_214' title='bbox 976 1484 1131 1524; x_wconf 64' lang='lat' dir='ltr'>produxi-</span> 
     </span>
     <span class='ocr_line' id='line_1_32' title="bbox 151 1527 1131 1568; baseline -0.002 -9"><span class='ocrx_word' id='word_1_215' title='bbox 151 1537 224 1559; x_wconf 86' lang='lat' dir='ltr'>mus</span> <span class='ocrx_word' id='word_1_216' title='bbox 246 1528 398 1567; x_wconf 85' lang='lat' dir='ltr'>reijcere.</span> <span class='ocrx_word' id='word_1_217' title='bbox 443 1528 503 1559; x_wconf 87' lang='lat' dir='ltr'>His</span> <span class='ocrx_word' id='word_1_218' title='bbox 523 1528 608 1558; x_wconf 88' lang='lat' dir='ltr'>enim</span> <span class='ocrx_word' id='word_1_219' title='bbox 633 1527 744 1558; x_wconf 86' lang='lat' dir='ltr'>verbis</span> <span class='ocrx_word' id='word_1_220' title='bbox 772 1528 823 1558; x_wconf 73' lang='lat' dir='ltr'>vsi</span> <span class='ocrx_word' id='word_1_221' title='bbox 849 1532 944 1564; x_wconf 74' lang='lat' dir='ltr'>sunt,</span> <span class='ocrx_word' id='word_1_222' title='bbox 974 1527 1026 1557; x_wconf 89' lang='lat' dir='ltr'>Ac</span> <span class='ocrx_word' id='word_1_223' title='bbox 1053 1537 1131 1568; x_wconf 88' lang='lat' dir='ltr'>ope-</span> 
     </span>
     <span class='ocr_line' id='line_1_33' title="bbox 151 1568 1130 1611; baseline -0.001 -10"><span class='ocrx_word' id='word_1_224' title='bbox 151 1580 209 1601; x_wconf 88' lang='lat' dir='ltr'>rae</span> <span class='ocrx_word' id='word_1_225' title='bbox 222 1571 263 1608; x_wconf 75' lang='grc'>2“)</span> <span class='ocrx_word' id='word_1_226' title='bbox 287 1570 432 1610; x_wconf 85' lang='lat' dir='ltr'>precium</span> <span class='ocrx_word' id='word_1_227' title='bbox 455 1576 507 1601; x_wconf 86' lang='lat' dir='ltr'>est</span> <span class='ocrx_word' id='word_1_228' title='bbox 527 1570 654 1607; x_wconf 87' lang='lat' dir='ltr'>audire,</span> <span class='ocrx_word' id='word_1_229' title='bbox 675 1570 840 1611; x_wconf 88' lang='lat' dir='ltr'>quomodo</span> <span class='ocrx_word' id='word_1_230' title='bbox 858 1568 1056 1601; x_wconf 88' lang='lat' dir='ltr'>cauillentur</span> <span class='ocrx_word' id='word_1_231' title='bbox 1074 1579 1130 1600; x_wconf 89' lang='lat' dir='ltr'>no-</span> 
     </span>
     <span class='ocr_line' id='line_1_34' title="bbox 151 1612 1130 1654; baseline -0.001 -10"><span class='ocrx_word' id='word_1_232' title='bbox 151 1618 240 1644; x_wconf 82' lang='lat' dir='ltr'>stras</span> <span class='ocrx_word' id='word_1_233' title='bbox 264 1613 421 1651; x_wconf 86' lang='lat' dir='ltr'>rationes,</span> <span class='ocrx_word' id='word_1_234' title='bbox 445 1618 477 1644; x_wconf 88' lang='lat' dir='ltr'>et</span> <span class='ocrx_word' id='word_1_235' title='bbox 499 1612 576 1654; x_wconf 91' lang='lat' dir='ltr'>quid</span> <span class='ocrx_word' id='word_1_236' title='bbox 599 1612 737 1644; x_wconf 85' lang='lat' dir='ltr'>afferant</span> <span class='ocrx_word' id='word_1_237' title='bbox 752 1612 794 1643; x_wconf 86' lang='lat' dir='ltr'>ad</span> <span class='ocrx_word' id='word_1_238' title='bbox 811 1612 1019 1643; x_wconf 85' lang='lat' dir='ltr'>muniendam</span> <span class='ocrx_word' id='word_1_239' title='bbox 1037 1622 1130 1644; x_wconf 88' lang='lat' dir='ltr'>suam</span> 
     </span>
     <span class='ocr_line' id='line_1_35' title="bbox 151 1654 1131 1696; baseline -0.001 -9"><span class='ocrx_word' id='word_1_240' title='bbox 151 1665 298 1687; x_wconf 86' lang='lat' dir='ltr'>causam.</span> <span class='ocrx_word' id='word_1_241' title='bbox 343 1654 420 1686; x_wconf 83' lang='lat' dir='ltr'>Ideo</span> <span class='ocrx_word' id='word_1_242' title='bbox 454 1656 599 1687; x_wconf 88' lang='lat' dir='ltr'>breuiter</span> <span class='ocrx_word' id='word_1_243' title='bbox 631 1664 862 1696; x_wconf 86' lang='lat' dir='ltr'>percurremus</span> <span class='ocrx_word' id='word_1_244' title='bbox 896 1665 1005 1696; x_wconf 90' lang='lat' dir='ltr'>pauca</span> <span class='ocrx_word' id='word_1_245' title='bbox 1033 1664 1131 1696; x_wconf 85' lang='lat' dir='ltr'>quae·</span> 
     </span>
     <span class='ocr_line' id='line_1_36' title="bbox 151 1697 1131 1740; baseline -0.001 -11"><span class='ocrx_word' id='word_1_246' title='bbox 151 1699 226 1730; x_wconf 89' lang='lat' dir='ltr'>dam</span> <span class='ocrx_word' id='word_1_247' title='bbox 249 1703 442 1740; x_wconf 88' lang='lat' dir='ltr'>argumenta</span> <span class='ocrx_word' id='word_1_248' title='bbox 471 1704 604 1736; x_wconf 86' lang='lat' dir='ltr'>nostra,</span> <span class='ocrx_word' id='word_1_249' title='bbox 633 1704 663 1729; x_wconf 90' lang='lat' dir='ltr'>et</span> <span class='ocrx_word' id='word_1_250' title='bbox 694 1697 855 1729; x_wconf 87' lang='lat' dir='ltr'>diluemus</span> <span class='ocrx_word' id='word_1_251' title='bbox 878 1698 910 1728; x_wconf 90' lang='lat' dir='ltr'>in</span> <span class='ocrx_word' id='word_1_252' title='bbox 941 1697 993 1728; x_wconf 87' lang='lat' dir='ltr'>his</span> <span class='ocrx_word' id='word_1_253' title='bbox 1023 1698 1131 1729; x_wconf 89' lang='lat' dir='ltr'>obiter</span> 
     </span>
     <span class='ocr_line' id='line_1_37' title="bbox 151 1739 1131 1773; baseline -0.001 -1"><span class='ocrx_word' id='word_1_254' title='bbox 151 1739 382 1773; x_wconf 83' lang='lat' dir='ltr'>cauillationes</span> <span class='ocrx_word' id='word_1_255' title='bbox 406 1741 685 1773; x_wconf 81' lang='lat' dir='ltr'>aduersariorum.</span> <span class='ocrx_word' id='word_1_256' title='bbox 721 1740 803 1772; x_wconf 91' lang='lat' dir='ltr'>Cum</span> <span class='ocrx_word' id='word_1_257' title='bbox 826 1746 935 1772; x_wconf 88' lang='lat' dir='ltr'>autem</span> <span class='ocrx_word' id='word_1_258' title='bbox 954 1739 1040 1771; x_wconf 85' lang='lat' dir='ltr'>haec</span> <span class='ocrx_word' id='word_1_259' title='bbox 1062 1745 1131 1771; x_wconf 85' lang='lat' dir='ltr'>tota</span> 
     </span>
     <span class='ocr_line' id='line_1_38' title="bbox 152 1782 1130 1825; baseline -0.002 -9"><span class='ocrx_word' id='word_1_260' title='bbox 152 1793 256 1816; x_wconf 86' lang='lat' dir='ltr'>causa</span> <span class='ocrx_word' id='word_1_261' title='bbox 279 1783 455 1825; x_wconf 85' lang='lat' dir='ltr'>diligenter</span> <span class='ocrx_word' id='word_1_262' title='bbox 478 1790 510 1815; x_wconf 91' lang='lat' dir='ltr'>et</span> <span class='ocrx_word' id='word_1_263' title='bbox 533 1784 670 1823; x_wconf 85' lang='lat' dir='ltr'>copiose</span> <span class='ocrx_word' id='word_1_264' title='bbox 692 1793 712 1814; x_wconf 84' lang='lat' dir='ltr'>a</span> <span class='ocrx_word' id='word_1_265' title='bbox 735 1782 881 1814; x_wconf 88' lang='lat' dir='ltr'>Luthero</span> <span class='ocrx_word' id='word_1_266' title='bbox 912 1789 1054 1814; x_wconf 87' lang='lat' dir='ltr'>tractata</span> <span class='ocrx_word' id='word_1_267' title='bbox 1076 1784 1130 1821; x_wconf 89' lang='lat' dir='ltr'>sit,</span> 
     </span>
     <span class='ocr_line' id='line_1_39' title="bbox 150 1825 1130 1864; baseline -0.002 -6"><span class='ocrx_word' id='word_1_268' title='bbox 150 1827 183 1858; x_wconf 88' lang='lat' dir='ltr'>in</span> <span class='ocrx_word' id='word_1_269' title='bbox 206 1825 291 1858; x_wconf 89' lang='lat' dir='ltr'>libro</span> <span class='ocrx_word' id='word_1_270' title='bbox 315 1827 367 1857; x_wconf 91' lang='lat' dir='ltr'>cui</span> <span class='ocrx_word' id='word_1_271' title='bbox 391 1825 520 1858; x_wconf 92' lang='lat' dir='ltr'>titulum</span> <span class='ocrx_word' id='word_1_272' title='bbox 545 1826 622 1858; x_wconf 85' lang='lat' dir='ltr'>fecit</span> <span class='ocrx_word' id='word_1_273' title='bbox 644 1825 696 1857; x_wconf 92' lang='lat' dir='ltr'>De</span> <span class='ocrx_word' id='word_1_274' title='bbox 722 1826 807 1857; x_wconf 90' lang='lat' dir='ltr'>votis</span> <span class='ocrx_word' id='word_1_275' title='bbox 831 1826 1044 1864; x_wconf 89' lang='lat' dir='ltr'>Monasticis,</span> <span class='ocrx_word' id='word_1_276' title='bbox 1074 1836 1130 1857; x_wconf 87' lang='lat' dir='ltr'>vo-</span> 
     </span>
     <span class='ocr_line' id='line_1_40' title="bbox 150 1868 999 1911; baseline 0 -11"><span class='ocrx_word' id='word_1_277' title='bbox 150 1868 260 1902; x_wconf 89' lang='lat' dir='ltr'>lumus</span> <span class='ocrx_word' id='word_1_278' title='bbox 282 1869 337 1900; x_wconf 89' lang='lat' dir='ltr'>bic</span> <span class='ocrx_word' id='word_1_279' title='bbox 360 1868 479 1901; x_wconf 86' lang='lat' dir='ltr'>librum</span> <span class='ocrx_word' id='word_1_280' title='bbox 502 1868 593 1901; x_wconf 91' lang='lat' dir='ltr'>illum</span> <span class='ocrx_word' id='word_1_281' title='bbox 617 1879 676 1910; x_wconf 92' lang='lat' dir='ltr'>pro</span> <span class='ocrx_word' id='word_1_282' title='bbox 700 1870 841 1911; x_wconf 89' lang='lat' dir='ltr'>repetito</span> <span class='ocrx_word' id='word_1_283' title='bbox 864 1868 999 1900; x_wconf 87' lang='lat' dir='ltr'>habere.</span> 
     </span>
    </p>

    <p class='ocr_par' dir='ltr' id='par_1_4' title="bbox 149 1910 1131 2169">
     <span class='ocr_line' id='line_1_41' title="bbox 238 1910 1129 1949; baseline -0.001 -6"><span class='ocrx_word' id='word_1_284' title='bbox 238 1911 381 1944; x_wconf 86' lang='lat' dir='ltr'>Primum</span> <span class='ocrx_word' id='word_1_285' title='bbox 409 1911 475 1944; x_wconf 89' lang='lat' dir='ltr'>hoc</span> <span class='ocrx_word' id='word_1_286' title='bbox 503 1913 723 1944; x_wconf 82' lang='lat' dir='ltr'>certissimum</span> <span class='ocrx_word' id='word_1_287' title='bbox 752 1917 820 1949; x_wconf 88' lang='lat' dir='ltr'>est,</span> <span class='ocrx_word' id='word_1_288' title='bbox 858 1922 925 1943; x_wconf 92' lang='lat' dir='ltr'>non</span> <span class='ocrx_word' id='word_1_289' title='bbox 955 1921 1033 1943; x_wconf 92' lang='lat' dir='ltr'>esse</span> <span class='ocrx_word' id='word_1_290' title='bbox 1061 1910 1129 1943; x_wconf 86' lang='lat' dir='ltr'>lici-</span> 
     </span>
     <span class='ocr_line' id='line_1_42' title="bbox 151 1955 1129 1997; baseline -0.002 -10"><span class='ocrx_word' id='word_1_291' title='bbox 151 1960 220 1987; x_wconf 79' lang='lat' dir='ltr'>tum</span> <span class='ocrx_word' id='word_1_292' title='bbox 243 1961 370 1992; x_wconf 82' lang='lat' dir='ltr'>votum,</span> <span class='ocrx_word' id='word_1_293' title='bbox 394 1966 460 1997; x_wconf 91' lang='lat' dir='ltr'>quo</span> <span class='ocrx_word' id='word_1_294' title='bbox 484 1956 583 1987; x_wconf 85' lang='lat' dir='ltr'>sentit</span> <span class='ocrx_word' id='word_1_295' title='bbox 604 1956 633 1986; x_wconf 92' lang='lat' dir='ltr'>is</span> <span class='ocrx_word' id='word_1_296' title='bbox 656 1955 711 1997; x_wconf 93' lang='lat' dir='ltr'>qui</span> <span class='ocrx_word' id='word_1_297' title='bbox 734 1961 850 1993; x_wconf 90' lang='lat' dir='ltr'>vouet,</span> <span class='ocrx_word' id='word_1_298' title='bbox 874 1965 911 1986; x_wconf 88' lang='lat' dir='ltr'>se</span> <span class='ocrx_word' id='word_1_299' title='bbox 934 1955 1052 1986; x_wconf 90' lang='lat' dir='ltr'>mereri</span> <span class='ocrx_word' id='word_1_300' title='bbox 1080 1965 1129 1985; x_wconf 89' lang='lat' dir='ltr'>re·</span> 
     </span>
     <span class='ocr_line' id='line_1_43' title="bbox 150 1996 1130 2040; baseline -0.002 -10"><span class='ocrx_word' id='word_1_301' title='bbox 150 1999 344 2030; x_wconf 85' lang='lat' dir='ltr'>missionem</span> <span class='ocrx_word' id='word_1_302' title='bbox 367 2004 578 2040; x_wconf 86' lang='lat' dir='ltr'>peccatorum</span> <span class='ocrx_word' id='word_1_303' title='bbox 603 2008 715 2030; x_wconf 87' lang='lat' dir='ltr'>coram</span> <span class='ocrx_word' id='word_1_304' title='bbox 738 1997 832 2036; x_wconf 90' lang='lat' dir='ltr'>Deo,</span> <span class='ocrx_word' id='word_1_305' title='bbox 856 2003 911 2029; x_wconf 88' lang='lat' dir='ltr'>aut</span> <span class='ocrx_word' id='word_1_306' title='bbox 933 1996 1130 2029; x_wconf 78' lang='lat' dir='ltr'>satisfacere</span> 
     </span>
     <span class='ocr_line' id='line_1_44' title="bbox 149 2040 1130 2083; baseline 0 -11"><span class='ocrx_word' id='word_1_307' title='bbox 149 2051 211 2083; x_wconf 88' lang='lat' dir='ltr'>pro</span> <span class='ocrx_word' id='word_1_308' title='bbox 246 2041 394 2081; x_wconf 88' lang='lat' dir='ltr'>peccatis</span> <span class='ocrx_word' id='word_1_309' title='bbox 429 2051 541 2072; x_wconf 87' lang='lat' dir='ltr'>coram</span> <span class='ocrx_word' id='word_1_310' title='bbox 575 2040 661 2072; x_wconf 90' lang='lat' dir='ltr'>Deo.</span> <span class='ocrx_word' id='word_1_311' title='bbox 705 2040 788 2072; x_wconf 85' lang='lat' dir='ltr'>Nam</span> <span class='ocrx_word' id='word_1_312' title='bbox 822 2040 906 2072; x_wconf 85' lang='lat' dir='ltr'>haee</span> <span class='ocrx_word' id='word_1_313' title='bbox 936 2041 1048 2082; x_wconf 88' lang='lat' dir='ltr'>opinio</span> <span class='ocrx_word' id='word_1_314' title='bbox 1078 2046 1130 2072; x_wconf 89' lang='lat' dir='ltr'>est</span> 
     </span>
     <span class='ocr_line' id='line_1_45' title="bbox 150 2082 1130 2126; baseline 0 -11"><span class='ocrx_word' id='word_1_315' title='bbox 150 2084 325 2116; x_wconf 75' lang='lat' dir='ltr'>manifesta</span> <span class='ocrx_word' id='word_1_316' title='bbox 347 2082 547 2115; x_wconf 81' lang='lat' dir='ltr'>contumelia</span> <span class='ocrx_word' id='word_1_317' title='bbox 570 2082 762 2125; x_wconf 79' lang='lat' dir='ltr'>Euangelij,</span> <span class='ocrx_word' id='word_1_318' title='bbox 790 2084 879 2126; x_wconf 92' lang='lat' dir='ltr'>quod</span> <span class='ocrx_word' id='word_1_319' title='bbox 910 2083 1009 2115; x_wconf 87' lang='lat' dir='ltr'>docet</span> <span class='ocrx_word' id='word_1_320' title='bbox 1033 2084 1130 2115; x_wconf 90' lang='lat' dir='ltr'>nobis</span> 
     </span>
     <span class='ocr_line' id='line_1_46' title="bbox 151 2125 1131 2169; baseline 0 -11"><span class='ocrx_word' id='word_1_321' title='bbox 151 2128 255 2169; x_wconf 86' lang='lat' dir='ltr'>gratis</span> <span class='ocrx_word' id='word_1_322' title='bbox 269 2127 384 2158; x_wconf 83' lang='lat' dir='ltr'>donari</span> <span class='ocrx_word' id='word_1_323' title='bbox 405 2127 630 2158; x_wconf 85' lang='lat' dir='ltr'>remissionem</span> <span class='ocrx_word' id='word_1_324' title='bbox 652 2132 866 2168; x_wconf 82' lang='lat' dir='ltr'>peccatorum</span> <span class='ocrx_word' id='word_1_325' title='bbox 884 2133 1021 2169; x_wconf 87' lang='lat' dir='ltr'>propter</span> <span class='ocrx_word' id='word_1_326' title='bbox 1035 2125 1131 2158; x_wconf 88' lang='lat' dir='ltr'>Chri-</span> 
     </span>
    </p>
   </div>
   <div class='ocr_carea' id='block_1_3' title="bbox 151 2197 359 2202">
    <p class='ocr_par' dir='ltr' id='par_1_5' title="bbox 151 2197 359 2202">
     <span class='ocr_line' id='line_1_47' title="bbox 151 2197 359 2202; baseline 0 0"><span class='ocrx_word' id='word_1_327' title='bbox 151 2197 359 2202; x_wconf 95' lang='lat' dir='ltr'> </span> 
     </span>
    </p>
   </div>
   <div class='ocr_carea' id='block_1_4' title="bbox 151 2229 1132 2642">
    <p class='ocr_par' dir='ltr' id='par_1_6' title="bbox 151 2229 1132 2289">
     <span class='ocr_line' id='line_1_48' title="bbox 151 2229 1132 2289; baseline -0.002 -33"><span class='ocrx_word' id='word_1_328' title='bbox 151 2231 243 2289; x_wconf 57' lang='lat' dir='ltr'>99)eit</span> <span class='ocrx_word' id='word_1_329' title='bbox 267 2231 392 2262; x_wconf 69' lang='lat' dir='ltr'>facficijs,</span> <span class='ocrx_word' id='word_1_330' title='bbox 418 2235 445 2254; x_wconf 72' lang='lat' dir='ltr'>vt</span> <span class='ocrx_word' id='word_1_331' title='bbox 469 2230 571 2262; x_wconf 83' lang='lat' dir='ltr'>quidam</span> <span class='ocrx_word' id='word_1_332' title='bbox 595 2230 733 2261; x_wconf 75' lang='lat' dir='ltr'>scriptores</span> <span class='ocrx_word' id='word_1_333' title='bbox 758 2229 870 2264; x_wconf 84' lang='lat' dir='ltr'>vocant,]</span> <span class='ocrx_word' id='word_1_334' title='bbox 895 2231 921 2254; x_wconf 78' lang='lat' dir='ltr'>in</span> <span class='ocrx_word' id='word_1_335' title='bbox 944 2230 1026 2254; x_wconf 87' lang='lat' dir='ltr'>Editt.</span> <span class='ocrx_word' id='word_1_336' title='bbox 1055 2230 1132 2255; x_wconf 80' lang='grc'><strong>2-4.</strong></span> 
     </span>
    </p>

    <p class='ocr_par' dir='ltr' id='par_1_7' title="bbox 239 2269 315 2289">
     <span class='ocr_line' id='line_1_49' title="bbox 239 2269 315 2289; baseline 0 0"><span class='ocrx_word' id='word_1_337' title='bbox 239 2269 315 2289; x_wconf 68' lang='lat' dir='ltr'>esunt.</span> 
     </span>
    </p>

    <p class='ocr_par' dir='ltr' id='par_1_8' title="bbox 154 2306 1132 2442">
     <span class='ocr_line' id='line_1_50' title="bbox 154 2306 1132 2340; baseline -0.004 -7"><span class='ocrx_word' id='word_1_338' title='bbox 154 2309 216 2340; x_wconf 86' lang='lat'><strong>100)</strong></span> <span class='ocrx_word' id='word_1_339' title='bbox 236 2308 367 2339; x_wconf 81' lang='lat' dir='ltr'>applicata</span> <span class='ocrx_word' id='word_1_340' title='bbox 385 2306 510 2339; x_wconf 73' lang='lat' dir='ltr'>alijs1n&#39;c</span> <span class='ocrx_word' id='word_1_341' title='bbox 534 2307 662 2331; x_wconf 82' lang='lat' dir='ltr'>Editionis</span> <span class='ocrx_word' id='word_1_342' title='bbox 690 2307 712 2331; x_wconf 89' lang='lat' dir='ltr'>l.</span> <span class='ocrx_word' id='word_1_343' title='bbox 739 2307 882 2338; x_wconf 87' lang='lat' dir='ltr'>exemplum</span> <span class='ocrx_word' id='word_1_344' title='bbox 907 2307 981 2332; x_wconf 85' lang='lat' dir='ltr'>Nor.</span> <span class='ocrx_word' id='word_1_345' title='bbox 1006 2311 1028 2332; x_wconf 74' lang='lat' dir='ltr'>et</span> <span class='ocrx_word' id='word_1_346' title='bbox 1054 2315 1132 2330; x_wconf 85' lang='lat' dir='ltr'>unum</span> 
     </span>
     <span class='ocr_line' id='line_1_51' title="bbox 222 2342 1131 2374; baseline -0.001 -8"><span class='ocrx_word' id='word_1_347' title='bbox 222 2350 336 2366; x_wconf 87' lang='lat' dir='ltr'>meorum</span> <span class='ocrx_word' id='word_1_348' title='bbox 355 2343 530 2373; x_wconf 86' lang='lat' dir='ltr'>exemplorum</span> <span class='ocrx_word' id='word_1_349' title='bbox 550 2345 621 2374; x_wconf 79' lang='lat' dir='ltr'>atque</span> <span class='ocrx_word' id='word_1_350' title='bbox 646 2342 724 2366; x_wconf 73' lang='lat' dir='ltr'>Editt.</span> <span class='ocrx_word' id='word_1_351' title='bbox 745 2342 835 2370; x_wconf 77' lang='lat'>2—4.;</span> <span class='ocrx_word' id='word_1_352' title='bbox 861 2342 912 2365; x_wconf 88' lang='lat' dir='ltr'>duo</span> <span class='ocrx_word' id='word_1_353' title='bbox 938 2342 993 2365; x_wconf 81' lang='lat' dir='ltr'>alia</span> <span class='ocrx_word' id='word_1_354' title='bbox 1015 2348 1131 2365; x_wconf 86' lang='lat' dir='ltr'>meorum</span> 
     </span>
     <span class='ocr_line' id='line_1_52' title="bbox 222 2374 1132 2408; baseline -0.001 -8"><span class='ocrx_word' id='word_1_355' title='bbox 222 2377 411 2408; x_wconf 85' lang='lat' dir='ltr'>exemplorum,</span> <span class='ocrx_word' id='word_1_356' title='bbox 437 2377 571 2408; x_wconf 81' lang='lat' dir='ltr'>aliudque,</span> <span class='ocrx_word' id='word_1_357' title='bbox 601 2377 669 2407; x_wconf 85' lang='lat' dir='ltr'>quod</span> <span class='ocrx_word' id='word_1_358' title='bbox 698 2376 878 2400; x_wconf 71' lang='lat' dir='ltr'>Bibliothecae</span> <span class='ocrx_word' id='word_1_359' title='bbox 901 2374 1132 2408; x_wconf 84' lang='lat' dir='ltr'>Orphanotrophei</span> 
     </span>
     <span class='ocr_line' id='line_1_53' title="bbox 222 2409 803 2442; baseline -0.002 -7"><span class='ocrx_word' id='word_1_360' title='bbox 222 2411 329 2436; x_wconf 78' lang='lat' dir='ltr'>Halens.</span> <span class='ocrx_word' id='word_1_361' title='bbox 349 2415 396 2440; x_wconf 81' lang='lat' dir='ltr'>est,</span> <span class='ocrx_word' id='word_1_362' title='bbox 415 2409 515 2435; x_wconf 61' lang='lat' dir='ltr'>habant:</span> <span class='ocrx_word' id='word_1_363' title='bbox 534 2411 663 2442; x_wconf 77' lang='lat' dir='ltr'>applicata</span> <span class='ocrx_word' id='word_1_364' title='bbox 680 2418 727 2442; x_wconf 90' lang='lat' dir='ltr'>pro</span> <span class='ocrx_word' id='word_1_365' title='bbox 746 2411 803 2442; x_wconf 84' lang='lat' dir='ltr'>alijs</span> 
     </span>
    </p>

    <p class='ocr_par' dir='ltr' id='par_1_9' title="bbox 171 2452 1131 2555">
     <span class='ocr_line' id='line_1_54' title="bbox 171 2452 1130 2486; baseline -0.001 -8"><span class='ocrx_word' id='word_1_366' title='bbox 171 2454 200 2486; x_wconf 87' lang='lat'>1)</span> <span class='ocrx_word' id='word_1_367' title='bbox 219 2455 271 2478; x_wconf 79' lang='lat' dir='ltr'>sint</span> <span class='ocrx_word' id='word_1_368' title='bbox 288 2453 369 2486; x_wconf 83' lang='lat' dir='ltr'>licita]</span> <span class='ocrx_word' id='word_1_369' title='bbox 393 2455 428 2478; x_wconf 70' lang='lat' dir='ltr'>uic</span> <span class='ocrx_word' id='word_1_370' title='bbox 446 2454 575 2478; x_wconf 84' lang='lat' dir='ltr'>Editionis</span> <span class='ocrx_word' id='word_1_371' title='bbox 600 2454 622 2477; x_wconf 86' lang='lat'>1.</span> <span class='ocrx_word' id='word_1_372' title='bbox 646 2453 791 2484; x_wconf 87' lang='lat' dir='ltr'>exemplum</span> <span class='ocrx_word' id='word_1_373' title='bbox 814 2452 889 2477; x_wconf 84' lang='lat' dir='ltr'>Nor.</span> <span class='ocrx_word' id='word_1_374' title='bbox 915 2456 937 2478; x_wconf 70' lang='lat' dir='ltr'>d</span> <span class='ocrx_word' id='word_1_375' title='bbox 961 2460 1039 2478; x_wconf 86' lang='lat' dir='ltr'>unum</span> <span class='ocrx_word' id='word_1_376' title='bbox 1062 2460 1130 2477; x_wconf 87' lang='lat' dir='ltr'>meo-</span> 
     </span>
     <span class='ocr_line' id='line_1_55' title="bbox 223 2487 1130 2520; baseline -0.001 -8"><span class='ocrx_word' id='word_1_377' title='bbox 223 2496 279 2512; x_wconf 80' lang='lat' dir='ltr'>rum</span> <span class='ocrx_word' id='word_1_378' title='bbox 297 2489 488 2520; x_wconf 65' lang='lat' dir='ltr'>exemplarium</span> <span class='ocrx_word' id='word_1_379' title='bbox 511 2489 562 2513; x_wconf 91' lang='lat' dir='ltr'>duo</span> <span class='ocrx_word' id='word_1_380' title='bbox 585 2488 637 2513; x_wconf 84' lang='lat' dir='ltr'>alia</span> <span class='ocrx_word' id='word_1_381' title='bbox 660 2495 774 2512; x_wconf 82' lang='lat' dir='ltr'>meorum</span> <span class='ocrx_word' id='word_1_382' title='bbox 798 2487 989 2519; x_wconf 73' lang='lat' dir='ltr'>exemplorum,</span> <span class='ocrx_word' id='word_1_383' title='bbox 1006 2487 1130 2519; x_wconf 76' lang='lat' dir='ltr'>aliudque</span> 
     </span>
     <span class='ocr_line' id='line_1_56' title="bbox 223 2521 1131 2555; baseline -0.001 -9"><span class='ocrx_word' id='word_1_384' title='bbox 223 2522 348 2546; x_wconf 76' lang='lat' dir='ltr'>Biblioth.</span> <span class='ocrx_word' id='word_1_385' title='bbox 368 2521 484 2554; x_wconf 84' lang='lat' dir='ltr'>Orphau.</span> <span class='ocrx_word' id='word_1_386' title='bbox 504 2523 562 2548; x_wconf 66' lang='lat'>1121.</span> <span class='ocrx_word' id='word_1_387' title='bbox 583 2526 656 2555; x_wconf 74' lang='lat' dir='ltr'>atque</span> <span class='ocrx_word' id='word_1_388' title='bbox 673 2523 754 2547; x_wconf 76' lang='lat' dir='ltr'>Editt.</span> <span class='ocrx_word' id='word_1_389' title='bbox 768 2522 844 2546; x_wconf 80' lang='lat'>2-4.</span> <span class='ocrx_word' id='word_1_390' title='bbox 865 2521 965 2546; x_wconf 73' lang='lat' dir='ltr'>habent:</span> <span class='ocrx_word' id='word_1_391' title='bbox 986 2523 1060 2547; x_wconf 82' lang='lat' dir='ltr'>licita</span> <span class='ocrx_word' id='word_1_392' title='bbox 1079 2523 1131 2546; x_wconf 79' lang='lat' dir='ltr'>siut</span> 
     </span>
    </p>

    <p class='ocr_par' dir='ltr' id='par_1_10' title="bbox 154 2565 550 2642">
     <span class='ocr_line' id='line_1_57' title="bbox 172 2565 447 2597; baseline 0 -7"><span class='ocrx_word' id='word_1_393' title='bbox 172 2566 202 2597; x_wconf 90' lang='grc'>2)</span> <span class='ocrx_word' id='word_1_394' title='bbox 222 2565 260 2597; x_wconf 79' lang='lat' dir='ltr'>vt]</span> <span class='ocrx_word' id='word_1_395' title='bbox 280 2565 327 2590; x_wconf 73' lang='lat' dir='ltr'>Ed.</span> <span class='ocrx_word' id='word_1_396' title='bbox 346 2566 384 2589; x_wconf 53' lang='grc' dir='ltr'>ιε</span> <span class='ocrx_word' id='word_1_397' title='bbox 403 2570 447 2590; x_wconf 79' lang='lat' dir='ltr'>aut</span> 
     </span>
     <span class='ocr_line' id='line_1_58' title="bbox 154 2607 550 2642; baseline -0.003 -9"><span class='ocrx_word' id='word_1_398' title='bbox 154 2609 201 2641; x_wconf 79' lang='lat' dir='ltr'>2a)</span> <span class='ocrx_word' id='word_1_399' title='bbox 221 2607 325 2642; x_wconf 78' lang='lat' dir='ltr'>operae]</span> <span class='ocrx_word' id='word_1_400' title='bbox 345 2608 393 2633; x_wconf 76' lang='lat' dir='ltr'>Ed.</span> <span class='ocrx_word' id='word_1_401' title='bbox 412 2609 450 2634; x_wconf 79' lang='lat'>3.:</span> <span class='ocrx_word' id='word_1_402' title='bbox 470 2615 550 2641; x_wconf 76' lang='lat' dir='ltr'>opera</span> 
     </span>
    </p>
   </div>
   <div class='ocr_carea' id='block_1_5' title="bbox 590 149 1819 185">
    <p class='ocr_par' dir='ltr' id='par_1_11' title="bbox 590 149 1819 185">
     <span class='ocr_line' id='line_1_59' title="bbox 590 149 1819 185; baseline 0.001 -3"><span class='ocrx_word' id='word_1_403' title='bbox 590 150 823 183; x_wconf 79' lang='lat' dir='ltr'>APOLOGIA</span> <span class='ocrx_word' id='word_1_404' title='bbox 845 149 1160 183; x_wconf 81' lang='lat' dir='ltr'>CONFESSIONlS</span> <span class='ocrx_word' id='word_1_405' title='bbox 1183 151 1500 185; x_wconf 77' lang='lat' dir='ltr'>AUGUSTANAE.</span> <span class='ocrx_word' id='word_1_406' title='bbox 1545 151 1584 184; x_wconf 84' lang='lat' dir='ltr'>B.</span> <span class='ocrx_word' id='word_1_407' title='bbox 1628 151 1819 185; x_wconf 80' lang='lat' dir='ltr'><strong>ALTERA.</strong></span> 
     </span>
    </p>
   </div>
   <div class='ocr_carea' id='block_1_6' title="bbox 2097 152 2163 186">
    <p class='ocr_par' dir='ltr' id='par_1_12' title="bbox 2097 152 2163 186">
     <span class='ocr_line' id='line_1_60' title="bbox 2097 152 2163 186; baseline 0.015 -1"><span class='ocrx_word' id='word_1_408' title='bbox 2097 152 2163 186; x_wconf 81' lang='lat'>630</span> 
     </span>
    </p>
   </div>
   <div class='ocr_carea' id='block_1_7' title="bbox 1181 245 2164 2211">
    <p class='ocr_par' dir='ltr' id='par_1_13' title="bbox 1181 245 2164 2211">
     <span class='ocr_line' id='line_1_61' title="bbox 1190 245 2163 289; baseline 0.003 -13"><span class='ocrx_word' id='word_1_409' title='bbox 1190 251 1295 284; x_wconf 90' lang='lat' dir='ltr'>stum,</span> <span class='ocrx_word' id='word_1_410' title='bbox 1324 252 1360 277; x_wconf 86' lang='lat' dir='ltr'>vt</span> <span class='ocrx_word' id='word_1_411' title='bbox 1388 255 1491 287; x_wconf 86' lang='lat' dir='ltr'>supra</span> <span class='ocrx_word' id='word_1_412' title='bbox 1519 246 1656 288; x_wconf 87' lang='lat' dir='ltr'>copiose</span> <span class='ocrx_word' id='word_1_413' title='bbox 1678 246 1800 277; x_wconf 89' lang='lat' dir='ltr'>dictum</span> <span class='ocrx_word' id='word_1_414' title='bbox 1823 251 1885 277; x_wconf 87' lang='lat' dir='ltr'>est.</span> <span class='ocrx_word' id='word_1_415' title='bbox 1930 245 2035 278; x_wconf 88' lang='lat' dir='ltr'>Recte</span> <span class='ocrx_word' id='word_1_416' title='bbox 2063 247 2163 289; x_wconf 86' lang='lat' dir='ltr'>igitur</span> 
     </span>
     <span class='ocr_line' id='line_1_62' title="bbox 1190 285 2162 321; baseline 0.002 -2"><span class='ocrx_word' id='word_1_417' title='bbox 1190 288 1361 320; x_wconf 89' lang='lat' dir='ltr'>citauimus</span> <span class='ocrx_word' id='word_1_418' title='bbox 1384 288 1479 320; x_wconf 85' lang='lat' dir='ltr'>Pauli</span> <span class='ocrx_word' id='word_1_419' title='bbox 1501 285 1611 321; x_wconf 81' lang='lat' dir='ltr'>locum</span> <span class='ocrx_word' id='word_1_420' title='bbox 1633 289 1676 320; x_wconf 89' lang='lat' dir='ltr'>ad</span> <span class='ocrx_word' id='word_1_421' title='bbox 1700 287 1848 320; x_wconf 81' lang='lat' dir='ltr'>Galatas.</span> <span class='ocrx_word' id='word_1_422' title='bbox 1893 287 2052 320; x_wconf 85' lang='lat' dir='ltr'>Euaeuati</span> <span class='ocrx_word' id='word_1_423' title='bbox 2081 290 2162 321; x_wconf 86' lang='lat' dir='ltr'>estis</span> 
     </span>
     <span class='ocr_line' id='line_1_63' title="bbox 1189 329 2161 373; baseline 0.002 -11"><span class='ocrx_word' id='word_1_424' title='bbox 1189 341 1209 362; x_wconf 83' lang='lat' dir='ltr'>a</span> <span class='ocrx_word' id='word_1_425' title='bbox 1227 329 1374 370; x_wconf 87' lang='lat' dir='ltr'>Christo,</span> <span class='ocrx_word' id='word_1_426' title='bbox 1396 332 1451 372; x_wconf 84' lang='lat' dir='ltr'>qui</span> <span class='ocrx_word' id='word_1_427' title='bbox 1472 332 1505 362; x_wconf 94' lang='lat' dir='ltr'>in</span> <span class='ocrx_word' id='word_1_428' title='bbox 1527 330 1602 373; x_wconf 84' lang='lat' dir='ltr'>lege</span> <span class='ocrx_word' id='word_1_429' title='bbox 1631 331 1867 369; x_wconf 82' lang='lat' dir='ltr'>iustificamini,</span> <span class='ocrx_word' id='word_1_430' title='bbox 1896 341 1916 362; x_wconf 79' lang='lat' dir='ltr'>a</span> <span class='ocrx_word' id='word_1_431' title='bbox 1944 333 2050 373; x_wconf 84' lang='lat' dir='ltr'>gratia</span> <span class='ocrx_word' id='word_1_432' title='bbox 2078 333 2161 364; x_wconf 84' lang='lat' dir='ltr'>exci-</span> 
     </span>
     <span class='ocr_line' id='line_1_64' title="bbox 1189 373 2162 415; baseline 0.003 -11"><span class='ocrx_word' id='word_1_433' title='bbox 1189 373 1292 404; x_wconf 89' lang='lat' dir='ltr'>distis.</span> <span class='ocrx_word' id='word_1_434' title='bbox 1328 373 1391 409; x_wconf 90' lang='lat' dir='ltr'>Qui</span> <span class='ocrx_word' id='word_1_435' title='bbox 1414 381 1575 415; x_wconf 87' lang='lat' dir='ltr'>quaerunt</span> <span class='ocrx_word' id='word_1_436' title='bbox 1597 375 1828 405; x_wconf 85' lang='lat' dir='ltr'>remissionem</span> <span class='ocrx_word' id='word_1_437' title='bbox 1847 381 2072 414; x_wconf 88' lang='lat' dir='ltr'>peccatorum,</span> <span class='ocrx_word' id='word_1_438' title='bbox 2095 385 2162 407; x_wconf 91' lang='lat' dir='ltr'>non</span> 
     </span>
     <span class='ocr_line' id='line_1_65' title="bbox 1188 415 2163 458; baseline 0.002 -11"><span class='ocrx_word' id='word_1_439' title='bbox 1188 415 1252 447; x_wconf 84' lang='lat' dir='ltr'>fide</span> <span class='ocrx_word' id='word_1_440' title='bbox 1274 417 1307 447; x_wconf 88' lang='lat' dir='ltr'>in</span> <span class='ocrx_word' id='word_1_441' title='bbox 1335 416 1520 454; x_wconf 89' lang='lat' dir='ltr'>Christum,</span> <span class='ocrx_word' id='word_1_442' title='bbox 1549 418 1610 448; x_wconf 90' lang='lat' dir='ltr'>sed</span> <span class='ocrx_word' id='word_1_443' title='bbox 1640 417 1797 458; x_wconf 86' lang='lat' dir='ltr'>operibus</span> <span class='ocrx_word' id='word_1_444' title='bbox 1820 416 2030 455; x_wconf 81' lang='lat' dir='ltr'>Monasticis,</span> <span class='ocrx_word' id='word_1_445' title='bbox 2055 419 2163 449; x_wconf 81' lang='lat' dir='ltr'>detra-</span> 
     </span>
     <span class='ocr_line' id='line_1_66' title="bbox 1187 457 2162 502; baseline 0.003 -13"><span class='ocrx_word' id='word_1_446' title='bbox 1187 457 1268 490; x_wconf 91' lang='lat' dir='ltr'>hunt</span> <span class='ocrx_word' id='word_1_447' title='bbox 1291 459 1332 490; x_wconf 90' lang='lat' dir='ltr'>de</span> <span class='ocrx_word' id='word_1_448' title='bbox 1353 459 1479 490; x_wconf 88' lang='lat' dir='ltr'>honore</span> <span class='ocrx_word' id='word_1_449' title='bbox 1498 459 1632 498; x_wconf 87' lang='lat' dir='ltr'>Christi,</span> <span class='ocrx_word' id='word_1_450' title='bbox 1655 466 1687 491; x_wconf 87' lang='lat' dir='ltr'>et</span> <span class='ocrx_word' id='word_1_451' title='bbox 1709 460 1826 491; x_wconf 86' lang='lat' dir='ltr'>iterum</span> <span class='ocrx_word' id='word_1_452' title='bbox 1849 459 2046 502; x_wconf 80' lang='lat' dir='ltr'>crucifigunt</span> <span class='ocrx_word' id='word_1_453' title='bbox 2069 459 2162 492; x_wconf 90' lang='lat' dir='ltr'>Chri-</span> 
     </span>
     <span class='ocr_line' id='line_1_67' title="bbox 1185 501 2162 544; baseline 0.002 -12"><span class='ocrx_word' id='word_1_454' title='bbox 1185 507 1284 532; x_wconf 87' lang='lat' dir='ltr'>stum.</span> <span class='ocrx_word' id='word_1_455' title='bbox 1329 502 1450 533; x_wconf 79' lang='lat' dir='ltr'>Audite</span> <span class='ocrx_word' id='word_1_456' title='bbox 1473 509 1582 533; x_wconf 87' lang='lat' dir='ltr'>autem</span> <span class='ocrx_word' id='word_1_457' title='bbox 1605 503 1732 540; x_wconf 85' lang='lat' dir='ltr'>audite,</span> <span class='ocrx_word' id='word_1_458' title='bbox 1755 503 1921 544; x_wconf 86' lang='lat' dir='ltr'>quomodo</span> <span class='ocrx_word' id='word_1_459' title='bbox 1951 502 2004 534; x_wconf 91' lang='lat' dir='ltr'>hic</span> <span class='ocrx_word' id='word_1_460' title='bbox 2028 501 2162 534; x_wconf 81' lang='lat' dir='ltr'>elaban-</span> 
     </span>
     <span class='ocr_line' id='line_1_68' title="bbox 1187 543 2163 578; baseline 0.003 -4"><span class='ocrx_word' id='word_1_461' title='bbox 1187 550 1239 575; x_wconf 83' lang='lat' dir='ltr'>tur</span> <span class='ocrx_word' id='word_1_462' title='bbox 1269 543 1450 575; x_wconf 83' lang='lat' dir='ltr'>Architecti</span> <span class='ocrx_word' id='word_1_463' title='bbox 1478 544 1729 576; x_wconf 85' lang='lat' dir='ltr'>confutacionis.</span> <span class='ocrx_word' id='word_1_464' title='bbox 1777 544 1872 576; x_wconf 89' lang='lat' dir='ltr'>Pauli</span> <span class='ocrx_word' id='word_1_465' title='bbox 1899 544 2008 577; x_wconf 87' lang='lat' dir='ltr'>locum</span> <span class='ocrx_word' id='word_1_466' title='bbox 2037 551 2163 578; x_wconf 89' lang='lat' dir='ltr'>tantum</span> 
     </span>
     <span class='ocr_line' id='line_1_69' title="bbox 1186 585 2163 628; baseline 0.002 -10"><span class='ocrx_word' id='word_1_467' title='bbox 1186 587 1226 618; x_wconf 92' lang='lat' dir='ltr'>de</span> <span class='ocrx_word' id='word_1_468' title='bbox 1249 585 1325 628; x_wconf 81' lang='lat' dir='ltr'>lege</span> <span class='ocrx_word' id='word_1_469' title='bbox 1346 586 1444 618; x_wconf 83' lang='lat' dir='ltr'>Moisi</span> <span class='ocrx_word' id='word_1_470' title='bbox 1468 593 1644 628; x_wconf 87' lang='lat' dir='ltr'>exponunt,</span> <span class='ocrx_word' id='word_1_471' title='bbox 1663 594 1695 620; x_wconf 88' lang='lat' dir='ltr'>et</span> <span class='ocrx_word' id='word_1_472' title='bbox 1713 588 1836 619; x_wconf 79' lang='lat' dir='ltr'>addunt</span> <span class='ocrx_word' id='word_1_473' title='bbox 1853 587 2039 619; x_wconf 86' lang='lat' dir='ltr'>Monachos</span> <span class='ocrx_word' id='word_1_474' title='bbox 2053 590 2163 620; x_wconf 90' lang='lat' dir='ltr'>omnia</span> 
     </span>
     <span class='ocr_line' id='line_1_70' title="bbox 1185 629 2164 672; baseline 0.004 -13"><span class='ocrx_word' id='word_1_475' title='bbox 1185 636 1321 671; x_wconf 85' lang='lat' dir='ltr'>propter</span> <span class='ocrx_word' id='word_1_476' title='bbox 1344 629 1508 660; x_wconf 69' lang='lat' dir='ltr'>Christum</span> <span class='ocrx_word' id='word_1_477' title='bbox 1532 631 1731 669; x_wconf 88' lang='lat' dir='ltr'>obseruare,</span> <span class='ocrx_word' id='word_1_478' title='bbox 1755 637 1788 662; x_wconf 91' lang='lat' dir='ltr'>et</span> <span class='ocrx_word' id='word_1_479' title='bbox 1811 631 1924 662; x_wconf 81' lang='lat' dir='ltr'>conari</span> <span class='ocrx_word' id='word_1_480' title='bbox 1952 631 2086 672; x_wconf 86' lang='lat' dir='ltr'>propius</span> <span class='ocrx_word' id='word_1_481' title='bbox 2111 641 2164 663; x_wconf 91' lang='lat' dir='ltr'>se-</span> 
     </span>
     <span class='ocr_line' id='line_1_71' title="bbox 1185 671 2164 714; baseline 0.001 -10"><span class='ocrx_word' id='word_1_482' title='bbox 1185 672 1327 704; x_wconf 88' lang='lat' dir='ltr'>cundum</span> <span class='ocrx_word' id='word_1_483' title='bbox 1362 671 1577 714; x_wconf 87' lang='lat' dir='ltr'>Euangelium</span> <span class='ocrx_word' id='word_1_484' title='bbox 1611 673 1742 710; x_wconf 82' lang='lat' dir='ltr'>viuere,</span> <span class='ocrx_word' id='word_1_485' title='bbox 1777 679 1812 705; x_wconf 85' lang='lat' dir='ltr'>vt</span> <span class='ocrx_word' id='word_1_486' title='bbox 1843 680 2030 705; x_wconf 89' lang='lat' dir='ltr'>mereantur</span> <span class='ocrx_word' id='word_1_487' title='bbox 2063 674 2164 706; x_wconf 86' lang='lat' dir='ltr'>vitam</span> 
     </span>
     <span class='ocr_line' id='line_1_72' title="bbox 1184 714 2162 758; baseline 0.002 -12"><span class='ocrx_word' id='word_1_488' title='bbox 1184 721 1363 746; x_wconf 82' lang='lat' dir='ltr'>aeternam.</span> <span class='ocrx_word' id='word_1_489' title='bbox 1397 715 1439 746; x_wconf 89' lang='lat' dir='ltr'>Et</span> <span class='ocrx_word' id='word_1_490' title='bbox 1461 715 1585 747; x_wconf 87' lang='lat' dir='ltr'>addunt</span> <span class='ocrx_word' id='word_1_491' title='bbox 1608 714 1798 747; x_wconf 90' lang='lat' dir='ltr'>horribilem</span> <span class='ocrx_word' id='word_1_492' title='bbox 1817 715 1995 758; x_wconf 76' lang='lat' dir='ltr'>epilogum,</span> <span class='ocrx_word' id='word_1_493' title='bbox 2017 716 2068 747; x_wconf 90' lang='lat' dir='ltr'>his</span> <span class='ocrx_word' id='word_1_494' title='bbox 2089 727 2162 748; x_wconf 88' lang='lat' dir='ltr'>ver-</span> 
     </span>
     <span class='ocr_line' id='line_1_73' title="bbox 1185 757 2162 800; baseline 0.002 -12"><span class='ocrx_word' id='word_1_495' title='bbox 1185 758 1246 789; x_wconf 86' lang='lat' dir='ltr'>bis.</span> <span class='ocrx_word' id='word_1_496' title='bbox 1294 757 1405 794; x_wconf 85' lang='lat' dir='ltr'>Quare</span> <span class='ocrx_word' id='word_1_497' title='bbox 1428 758 1526 799; x_wconf 90' lang='lat' dir='ltr'>impia</span> <span class='ocrx_word' id='word_1_498' title='bbox 1549 765 1641 796; x_wconf 91' lang='lat' dir='ltr'>sunt,</span> <span class='ocrx_word' id='word_1_499' title='bbox 1672 768 1757 800; x_wconf 87' lang='lat' dir='ltr'>quae</span> <span class='ocrx_word' id='word_1_500' title='bbox 1780 759 1833 789; x_wconf 90' lang='lat' dir='ltr'>hic</span> <span class='ocrx_word' id='word_1_501' title='bbox 1857 764 1973 790; x_wconf 84' lang='lat' dir='ltr'>contra</span> <span class='ocrx_word' id='word_1_502' title='bbox 2001 758 2162 791; x_wconf 86' lang='lat' dir='ltr'>Monasti-</span> 
     </span>
     <span class='ocr_line' id='line_1_74' title="bbox 1184 799 2161 842; baseline 0.002 -10"><span class='ocrx_word' id='word_1_503' title='bbox 1184 810 1245 832; x_wconf 90' lang='lat' dir='ltr'>cen</span> <span class='ocrx_word' id='word_1_504' title='bbox 1269 799 1469 832; x_wconf 73' lang='lat' dir='ltr'>allen-antur.</span> <span class='ocrx_word' id='word_1_505' title='bbox 1515 801 1544 831; x_wconf 84' lang='grc' dir='ltr'><strong>Ο</strong></span> <span class='ocrx_word' id='word_1_506' title='bbox 1573 800 1721 839; x_wconf 81' lang='lat' dir='ltr'>Christe,</span> <span class='ocrx_word' id='word_1_507' title='bbox 1751 801 1905 842; x_wconf 86' lang='lat' dir='ltr'>quamdiu</span> <span class='ocrx_word' id='word_1_508' title='bbox 1934 800 2024 832; x_wconf 88' lang='lat' dir='ltr'>feres</span> <span class='ocrx_word' id='word_1_509' title='bbox 2039 804 2066 838; x_wconf 84' lang='lat'>³)</span> <span class='ocrx_word' id='word_1_510' title='bbox 2099 801 2161 834; x_wconf 83' lang='lat' dir='ltr'>has</span> 
     </span>
     <span class='ocr_line' id='line_1_75' title="bbox 1185 826 2162 885; baseline 0.002 -11"><span class='ocrx_word' id='word_1_511' title='bbox 1185 826 1401 875; x_wconf 48' lang='lat' dir='ltr'>contumel-‘ias</span> <span class='ocrx_word' id='word_1_512' title='bbox 1425 843 1546 885; x_wconf 87' lang='lat' dir='ltr'>quibus</span> <span class='ocrx_word' id='word_1_513' title='bbox 1570 843 1786 885; x_wconf 86' lang='lat' dir='ltr'>Euangelium</span> <span class='ocrx_word' id='word_1_514' title='bbox 1809 851 1898 875; x_wconf 81' lang='lat' dir='ltr'>tuum</span> <span class='ocrx_word' id='word_1_515' title='bbox 1926 842 2076 875; x_wconf 80' lang='lat' dir='ltr'>afficiunt</span> <span class='ocrx_word' id='word_1_516' title='bbox 2103 844 2162 877; x_wconf 92' lang='lat' dir='ltr'>ho-</span> 
     </span>
     <span class='ocr_line' id='line_1_76' title="bbox 1184 885 2162 919; baseline 0.002 -2"><span class='ocrx_word' id='word_1_517' title='bbox 1184 893 1255 917; x_wconf 88' lang='lat' dir='ltr'>stes</span> <span class='ocrx_word' id='word_1_518' title='bbox 1286 886 1401 917; x_wconf 88' lang='lat' dir='ltr'>nostri.</span> <span class='ocrx_word' id='word_1_519' title='bbox 1447 885 1597 918; x_wconf 84' lang='lat' dir='ltr'>Diximus</span> <span class='ocrx_word' id='word_1_520' title='bbox 1626 887 1658 917; x_wconf 90' lang='lat' dir='ltr'>in</span> <span class='ocrx_word' id='word_1_521' title='bbox 1689 886 1903 917; x_wconf 83' lang='lat' dir='ltr'>confessione</span> <span class='ocrx_word' id='word_1_522' title='bbox 1933 887 2162 919; x_wconf 84' lang='lat' dir='ltr'>remissionem</span> 
     </span>
     <span class='ocr_line' id='line_1_77' title="bbox 1185 928 2163 972; baseline 0.002 -12"><span class='ocrx_word' id='word_1_523' title='bbox 1185 935 1397 969; x_wconf 84' lang='lat' dir='ltr'>peccatorum</span> <span class='ocrx_word' id='word_1_524' title='bbox 1433 930 1537 971; x_wconf 88' lang='lat' dir='ltr'>gratis</span> <span class='ocrx_word' id='word_1_525' title='bbox 1576 929 1699 969; x_wconf 88' lang='lat' dir='ltr'>accipi,</span> <span class='ocrx_word' id='word_1_526' title='bbox 1734 935 1870 970; x_wconf 85' lang='lat' dir='ltr'>propter</span> <span class='ocrx_word' id='word_1_527' title='bbox 1905 928 2070 961; x_wconf 89' lang='lat' dir='ltr'>Christum</span> <span class='ocrx_word' id='word_1_528' title='bbox 2103 940 2163 972; x_wconf 87' lang='lat' dir='ltr'>per</span> 
     </span>
     <span class='ocr_line' id='line_1_78' title="bbox 1184 970 2163 1013; baseline 0.001 -10"><span class='ocrx_word' id='word_1_529' title='bbox 1184 971 1292 1003; x_wconf 85' lang='lat' dir='ltr'>fidem.</span> <span class='ocrx_word' id='word_1_530' title='bbox 1328 971 1363 1003; x_wconf 83' lang='lat' dir='ltr'>Si</span> <span class='ocrx_word' id='word_1_531' title='bbox 1384 972 1468 1004; x_wconf 88' lang='lat' dir='ltr'>haec</span> <span class='ocrx_word' id='word_1_532' title='bbox 1490 982 1558 1002; x_wconf 90' lang='lat' dir='ltr'>non</span> <span class='ocrx_word' id='word_1_533' title='bbox 1581 977 1633 1003; x_wconf 86' lang='lat' dir='ltr'>est</span> <span class='ocrx_word' id='word_1_534' title='bbox 1655 972 1729 1013; x_wconf 83' lang='lat' dir='ltr'>ipsa</span> <span class='ocrx_word' id='word_1_535' title='bbox 1748 970 1918 1013; x_wconf 76' lang='lat' dir='ltr'>Euangelij</span> <span class='ocrx_word' id='word_1_536' title='bbox 1944 982 2022 1010; x_wconf 80' lang='lat' dir='ltr'>vox,</span> <span class='ocrx_word' id='word_1_537' title='bbox 2044 973 2073 1003; x_wconf 88' lang='lat' dir='ltr'>si</span> <span class='ocrx_word' id='word_1_538' title='bbox 2096 983 2163 1004; x_wconf 91' lang='lat' dir='ltr'>non</span> 
     </span>
     <span class='ocr_line' id='line_1_79' title="bbox 1184 1015 2163 1056; baseline 0.002 -11"><span class='ocrx_word' id='word_1_539' title='bbox 1184 1020 1235 1045; x_wconf 87' lang='lat' dir='ltr'>est</span> <span class='ocrx_word' id='word_1_540' title='bbox 1258 1015 1427 1046; x_wconf 75' lang='lat' dir='ltr'>sentencia</span> <span class='ocrx_word' id='word_1_541' title='bbox 1441 1015 1549 1046; x_wconf 87' lang='lat' dir='ltr'>Patris</span> <span class='ocrx_word' id='word_1_542' title='bbox 1573 1016 1711 1053; x_wconf 88' lang='lat' dir='ltr'>aeterni,</span> <span class='ocrx_word' id='word_1_543' title='bbox 1737 1024 1834 1056; x_wconf 89' lang='lat' dir='ltr'>quam</span> <span class='ocrx_word' id='word_1_544' title='bbox 1854 1021 1887 1045; x_wconf 91' lang='lat' dir='ltr'>tu</span> <span class='ocrx_word' id='word_1_545' title='bbox 1912 1015 1966 1056; x_wconf 91' lang='lat' dir='ltr'>qui</span> <span class='ocrx_word' id='word_1_546' title='bbox 1986 1025 2022 1045; x_wconf 91' lang='lat' dir='ltr'>es</span> <span class='ocrx_word' id='word_1_547' title='bbox 2035 1015 2067 1046; x_wconf 93' lang='lat' dir='ltr'>in</span> <span class='ocrx_word' id='word_1_548' title='bbox 2087 1016 2163 1048; x_wconf 91' lang='lat' dir='ltr'>sinu</span> 
     </span>
     <span class='ocr_line' id='line_1_80' title="bbox 1184 1056 2164 1097; baseline 0.001 -9"><span class='ocrx_word' id='word_1_549' title='bbox 1184 1057 1304 1094; x_wconf 86' lang='lat' dir='ltr'>Patris,</span> <span class='ocrx_word' id='word_1_550' title='bbox 1328 1056 1484 1089; x_wconf 83' lang='lat' dir='ltr'>reuelasti</span> <span class='ocrx_word' id='word_1_551' title='bbox 1511 1057 1651 1095; x_wconf 86' lang='lat' dir='ltr'>mundo,</span> <span class='ocrx_word' id='word_1_552' title='bbox 1677 1058 1749 1089; x_wconf 91' lang='lat' dir='ltr'>iure</span> <span class='ocrx_word' id='word_1_553' title='bbox 1778 1056 1964 1097; x_wconf 85' lang='lat' dir='ltr'>plectimur.</span> <span class='ocrx_word' id='word_1_554' title='bbox 2010 1058 2079 1089; x_wconf 91' lang='lat' dir='ltr'>Sed</span> <span class='ocrx_word' id='word_1_555' title='bbox 2107 1065 2164 1089; x_wconf 86' lang='lat' dir='ltr'>tua</span> 
     </span>
     <span class='ocr_line' id='line_1_81' title="bbox 1183 1099 2162 1141; baseline 0.001 -10"><span class='ocrx_word' id='word_1_556' title='bbox 1183 1110 1273 1131; x_wconf 91' lang='lat' dir='ltr'>mors</span> <span class='ocrx_word' id='word_1_557' title='bbox 1295 1101 1390 1131; x_wconf 80' lang='lat' dir='ltr'>testis</span> <span class='ocrx_word' id='word_1_558' title='bbox 1415 1106 1483 1138; x_wconf 91' lang='lat' dir='ltr'>est,</span> <span class='ocrx_word' id='word_1_559' title='bbox 1506 1106 1562 1131; x_wconf 89' lang='lat' dir='ltr'>tua</span> <span class='ocrx_word' id='word_1_560' title='bbox 1585 1101 1787 1131; x_wconf 85' lang='lat' dir='ltr'>resurrectio</span> <span class='ocrx_word' id='word_1_561' title='bbox 1806 1100 1902 1131; x_wconf 86' lang='lat' dir='ltr'>testis</span> <span class='ocrx_word' id='word_1_562' title='bbox 1925 1106 1994 1138; x_wconf 88' lang='lat' dir='ltr'>est,</span> <span class='ocrx_word' id='word_1_563' title='bbox 2019 1099 2162 1141; x_wconf 88' lang='lat' dir='ltr'>Spiritus</span> 
     </span>
     <span class='ocr_line' id='line_1_82' title="bbox 1183 1142 2163 1181; baseline 0.001 -8"><span class='ocrx_word' id='word_1_564' title='bbox 1183 1148 1319 1174; x_wconf 83' lang='lat' dir='ltr'>sanctus</span> <span class='ocrx_word' id='word_1_565' title='bbox 1344 1143 1438 1174; x_wconf 88' lang='lat' dir='ltr'>testis</span> <span class='ocrx_word' id='word_1_566' title='bbox 1461 1149 1524 1181; x_wconf 90' lang='lat' dir='ltr'>est,</span> <span class='ocrx_word' id='word_1_567' title='bbox 1547 1149 1616 1174; x_wconf 87' lang='lat' dir='ltr'>tota</span> <span class='ocrx_word' id='word_1_568' title='bbox 1639 1142 1793 1174; x_wconf 86' lang='lat' dir='ltr'>Ecclesia</span> <span class='ocrx_word' id='word_1_569' title='bbox 1816 1148 1870 1174; x_wconf 89' lang='lat' dir='ltr'>tua</span> <span class='ocrx_word' id='word_1_570' title='bbox 1894 1143 1988 1174; x_wconf 86' lang='lat' dir='ltr'>testis</span> <span class='ocrx_word' id='word_1_571' title='bbox 2007 1150 2070 1181; x_wconf 88' lang='lat' dir='ltr'>est,</span> <span class='ocrx_word' id='word_1_572' title='bbox 2083 1153 2163 1175; x_wconf 88' lang='lat' dir='ltr'>vere</span> 
     </span>
     <span class='ocr_line' id='line_1_83' title="bbox 1183 1184 2163 1227; baseline 0.001 -11"><span class='ocrx_word' id='word_1_573' title='bbox 1183 1185 1269 1217; x_wconf 81' lang='lat' dir='ltr'>hanc</span> <span class='ocrx_word' id='word_1_574' title='bbox 1289 1195 1366 1217; x_wconf 89' lang='lat' dir='ltr'>esse</span> <span class='ocrx_word' id='word_1_575' title='bbox 1393 1184 1563 1227; x_wconf 86' lang='lat' dir='ltr'>Euangelij</span> <span class='ocrx_word' id='word_1_576' title='bbox 1595 1187 1820 1223; x_wconf 86' lang='lat' dir='ltr'>sentenciam,</span> <span class='ocrx_word' id='word_1_577' title='bbox 1855 1185 1944 1226; x_wconf 87' lang='lat' dir='ltr'>quod</span> <span class='ocrx_word' id='word_1_578' title='bbox 1978 1195 2163 1227; x_wconf 86' lang='lat' dir='ltr'>consequa-</span> 
     </span>
     <span class='ocr_line' id='line_1_84' title="bbox 1182 1229 2163 1269; baseline 0.002 -10"><span class='ocrx_word' id='word_1_579' title='bbox 1182 1239 1254 1259; x_wconf 86' lang='lat' dir='ltr'>mur</span> <span class='ocrx_word' id='word_1_580' title='bbox 1276 1229 1506 1260; x_wconf 87' lang='lat' dir='ltr'>remissionem</span> <span class='ocrx_word' id='word_1_581' title='bbox 1525 1235 1750 1269; x_wconf 86' lang='lat' dir='ltr'>peccatorum,</span> <span class='ocrx_word' id='word_1_582' title='bbox 1769 1238 1835 1259; x_wconf 90' lang='lat' dir='ltr'>non</span> <span class='ocrx_word' id='word_1_583' title='bbox 1855 1234 1991 1269; x_wconf 88' lang='lat' dir='ltr'>propter</span> <span class='ocrx_word' id='word_1_584' title='bbox 2010 1235 2125 1261; x_wconf 82' lang='lat' dir='ltr'>nostra</span> <span class='ocrx_word' id='word_1_585' title='bbox 2135 1230 2163 1268; x_wconf 91' lang='lat'>⁴)</span> 
     </span>
     <span class='ocr_line' id='line_1_85' title="bbox 1182 1270 2163 1312; baseline 0.002 -10"><span class='ocrx_word' id='word_1_586' title='bbox 1182 1273 1314 1309; x_wconf 83' lang='lat' dir='ltr'>merita,</span> <span class='ocrx_word' id='word_1_587' title='bbox 1348 1271 1409 1302; x_wconf 83' lang='lat' dir='ltr'>sed</span> <span class='ocrx_word' id='word_1_588' title='bbox 1437 1277 1572 1312; x_wconf 89' lang='lat' dir='ltr'>propter</span> <span class='ocrx_word' id='word_1_589' title='bbox 1601 1277 1650 1309; x_wconf 83' lang='lat' dir='ltr'>te,</span> <span class='ocrx_word' id='word_1_590' title='bbox 1684 1281 1743 1312; x_wconf 89' lang='lat' dir='ltr'>per</span> <span class='ocrx_word' id='word_1_591' title='bbox 1777 1271 1885 1302; x_wconf 87' lang='lat' dir='ltr'>fidem.</span> <span class='ocrx_word' id='word_1_592' title='bbox 1931 1270 2054 1302; x_wconf 86' lang='lat' dir='ltr'>Paulus</span> <span class='ocrx_word' id='word_1_593' title='bbox 2088 1281 2163 1304; x_wconf 88' lang='lat' dir='ltr'>cum</span> 
     </span>
     <span class='ocr_line' id='line_1_86' title="bbox 1183 1313 2162 1356; baseline 0.002 -11"><span class='ocrx_word' id='word_1_594' title='bbox 1183 1320 1285 1356; x_wconf 83' lang='lat' dir='ltr'>negat</span> <span class='ocrx_word' id='word_1_595' title='bbox 1307 1314 1458 1345; x_wconf 81' lang='lat' dir='ltr'>homines</span> <span class='ocrx_word' id='word_1_596' title='bbox 1480 1313 1558 1356; x_wconf 82' lang='lat' dir='ltr'>lege</span> <span class='ocrx_word' id='word_1_597' title='bbox 1579 1313 1677 1345; x_wconf 90' lang='lat' dir='ltr'>Moisi</span> <span class='ocrx_word' id='word_1_598' title='bbox 1700 1314 1820 1345; x_wconf 91' lang='lat' dir='ltr'>mereri</span> <span class='ocrx_word' id='word_1_599' title='bbox 1839 1314 2066 1346; x_wconf 81' lang='lat' dir='ltr'>remissionem</span> <span class='ocrx_word' id='word_1_600' title='bbox 2083 1324 2162 1356; x_wconf 88' lang='lat' dir='ltr'>pee-</span> 
     </span>
     <span class='ocr_line' id='line_1_87' title="bbox 1183 1355 2163 1398; baseline 0.001 -10"><span class='ocrx_word' id='word_1_601' title='bbox 1183 1362 1350 1396; x_wconf 87' lang='lat' dir='ltr'>catorum,</span> <span class='ocrx_word' id='word_1_602' title='bbox 1379 1355 1480 1389; x_wconf 88' lang='lat' dir='ltr'>multo</span> <span class='ocrx_word' id='word_1_603' title='bbox 1505 1356 1611 1398; x_wconf 82' lang='lat' dir='ltr'>magis</span> <span class='ocrx_word' id='word_1_604' title='bbox 1636 1355 1777 1388; x_wconf 85' lang='lat' dir='ltr'>detrahit</span> <span class='ocrx_word' id='word_1_605' title='bbox 1798 1356 1886 1388; x_wconf 88' lang='lat' dir='ltr'>hanc</span> <span class='ocrx_word' id='word_1_606' title='bbox 1909 1355 2040 1388; x_wconf 88' lang='lat' dir='ltr'>laudem</span> <span class='ocrx_word' id='word_1_607' title='bbox 2062 1358 2163 1389; x_wconf 87' lang='lat' dir='ltr'>tradi-</span> 
     </span>
     <span class='ocr_line' id='line_1_88' title="bbox 1182 1397 2162 1441; baseline 0.002 -11"><span class='ocrx_word' id='word_1_608' title='bbox 1182 1399 1327 1432; x_wconf 89' lang='lat' dir='ltr'>tionibus</span> <span class='ocrx_word' id='word_1_609' title='bbox 1350 1399 1519 1438; x_wconf 85' lang='lat' dir='ltr'>humanis,</span> <span class='ocrx_word' id='word_1_610' title='bbox 1543 1399 1643 1441; x_wconf 85' lang='lat' dir='ltr'>quue</span> <span class='ocrx_word' id='word_1_611' title='bbox 1665 1405 1778 1440; x_wconf 89' lang='lat' dir='ltr'>aperte</span> <span class='ocrx_word' id='word_1_612' title='bbox 1803 1399 1845 1430; x_wconf 85' lang='lat' dir='ltr'>ad</span> <span class='ocrx_word' id='word_1_613' title='bbox 1869 1397 2094 1431; x_wconf 83' lang='lat' dir='ltr'>Colossenses</span> <span class='ocrx_word' id='word_1_614' title='bbox 2117 1406 2162 1432; x_wconf 89' lang='lat' dir='ltr'>te·</span> 
     </span>
     <span class='ocr_line' id='line_1_89' title="bbox 1182 1441 2163 1483; baseline 0.002 -11"><span class='ocrx_word' id='word_1_615' title='bbox 1182 1448 1299 1474; x_wconf 84' lang='lat' dir='ltr'>statur.</span> <span class='ocrx_word' id='word_1_616' title='bbox 1347 1443 1382 1474; x_wconf 89' lang='lat' dir='ltr'>Si</span> <span class='ocrx_word' id='word_1_617' title='bbox 1404 1441 1460 1473; x_wconf 82' lang='lat' dir='ltr'>lex</span> <span class='ocrx_word' id='word_1_618' title='bbox 1483 1441 1580 1473; x_wconf 86' lang='lat' dir='ltr'>Moisi</span> <span class='ocrx_word' id='word_1_619' title='bbox 1604 1452 1689 1483; x_wconf 85' lang='lat' dir='ltr'>quae</span> <span class='ocrx_word' id='word_1_620' title='bbox 1718 1448 1789 1473; x_wconf 88' lang='lat' dir='ltr'>erat</span> <span class='ocrx_word' id='word_1_621' title='bbox 1818 1441 1972 1473; x_wconf 87' lang='lat' dir='ltr'>diuinitus</span> <span class='ocrx_word' id='word_1_622' title='bbox 2001 1441 2163 1482; x_wconf 85' lang='lat' dir='ltr'>reuelata,</span> 
     </span>
     <span class='ocr_line' id='line_1_90' title="bbox 1182 1485 2163 1526; baseline 0.002 -11"><span class='ocrx_word' id='word_1_623' title='bbox 1182 1495 1248 1516; x_wconf 92' lang='lat' dir='ltr'>non</span> <span class='ocrx_word' id='word_1_624' title='bbox 1283 1486 1470 1517; x_wconf 88' lang='lat' dir='ltr'>merebatur</span> <span class='ocrx_word' id='word_1_625' title='bbox 1500 1485 1728 1516; x_wconf 86' lang='lat' dir='ltr'>remissionem</span> <span class='ocrx_word' id='word_1_626' title='bbox 1762 1492 1995 1526; x_wconf 85' lang='lat' dir='ltr'>peccatorum,</span> <span class='ocrx_word' id='word_1_627' title='bbox 2037 1492 2163 1526; x_wconf 90' lang='lat' dir='ltr'>quanto</span> 
     </span>
     <span class='ocr_line' id='line_1_91' title="bbox 1182 1527 2163 1564; baseline 0.002 -6"><span class='ocrx_word' id='word_1_628' title='bbox 1182 1529 1290 1559; x_wconf 89' lang='lat' dir='ltr'>minus</span> <span class='ocrx_word' id='word_1_629' title='bbox 1324 1529 1408 1559; x_wconf 89' lang='lat' dir='ltr'>istae</span> <span class='ocrx_word' id='word_1_630' title='bbox 1440 1527 1550 1559; x_wconf 86' lang='lat' dir='ltr'>fatuae</span> <span class='ocrx_word' id='word_1_631' title='bbox 1581 1527 1853 1564; x_wconf 80' lang='lat' dir='ltr'>obseruationes,</span> <span class='ocrx_word' id='word_1_632' title='bbox 1888 1527 2109 1560; x_wconf 82' lang='lat' dir='ltr'>abhorrentes</span> <span class='ocrx_word' id='word_1_633' title='bbox 2141 1539 2163 1560; x_wconf 89' lang='lat' dir='ltr'>a</span> 
     </span>
     <span class='ocr_line' id='line_1_92' title="bbox 1183 1569 2162 1608; baseline 0.001 -7"><span class='ocrx_word' id='word_1_634' title='bbox 1183 1569 1271 1602; x_wconf 91' lang='lat' dir='ltr'>ciuili</span> <span class='ocrx_word' id='word_1_635' title='bbox 1305 1571 1546 1602; x_wconf 91' lang='lat' dir='ltr'>consuetudine</span> <span class='ocrx_word' id='word_1_636' title='bbox 1585 1571 1690 1608; x_wconf 88' lang='lat' dir='ltr'>vitae,</span> <span class='ocrx_word' id='word_1_637' title='bbox 1727 1577 1895 1601; x_wconf 84' lang='lat' dir='ltr'>merentur</span> <span class='ocrx_word' id='word_1_638' title='bbox 1932 1571 2162 1602; x_wconf 85' lang='lat' dir='ltr'>remissionem</span> 
     </span>
     <span class='ocr_line' id='line_1_93' title="bbox 1182 1611 2162 1655; baseline 0 -10"><span class='ocrx_word' id='word_1_639' title='bbox 1182 1619 1407 1654; x_wconf 87' lang='lat' dir='ltr'>peccatorum.</span> <span class='ocrx_word' id='word_1_640' title='bbox 1460 1613 1656 1655; x_wconf 79' lang='lat' dir='ltr'>Aduersarij</span> <span class='ocrx_word' id='word_1_641' title='bbox 1692 1612 1820 1655; x_wconf 81' lang='lat' dir='ltr'>fingunt</span> <span class='ocrx_word' id='word_1_642' title='bbox 1854 1611 1992 1644; x_wconf 86' lang='lat' dir='ltr'>Paulum</span> <span class='ocrx_word' id='word_1_643' title='bbox 2025 1611 2162 1645; x_wconf 85' lang='lat' dir='ltr'>abolere</span> 
     </span>
     <span class='ocr_line' id='line_1_94' title="bbox 1182 1655 2162 1699; baseline 0 -11"><span class='ocrx_word' id='word_1_644' title='bbox 1182 1655 1290 1699; x_wconf 82' lang='lat' dir='ltr'>legem</span> <span class='ocrx_word' id='word_1_645' title='bbox 1320 1656 1436 1691; x_wconf 85' lang='lat' dir='ltr'>Moisi,</span> <span class='ocrx_word' id='word_1_646' title='bbox 1465 1662 1498 1687; x_wconf 90' lang='lat' dir='ltr'>et</span> <span class='ocrx_word' id='word_1_647' title='bbox 1528 1655 1695 1687; x_wconf 89' lang='lat' dir='ltr'>Christum</span> <span class='ocrx_word' id='word_1_648' title='bbox 1723 1656 1768 1687; x_wconf 87' lang='lat' dir='ltr'>ita</span> <span class='ocrx_word' id='word_1_649' title='bbox 1797 1656 1997 1694; x_wconf 86' lang='lat' dir='ltr'>succedere,</span> <span class='ocrx_word' id='word_1_650' title='bbox 2029 1662 2065 1688; x_wconf 85' lang='lat' dir='ltr'>vt</span> <span class='ocrx_word' id='word_1_651' title='bbox 2095 1666 2162 1688; x_wconf 92' lang='lat' dir='ltr'>non</span> 
     </span>
     <span class='ocr_line' id='line_1_95' title="bbox 1182 1698 2162 1741; baseline 0 -11"><span class='ocrx_word' id='word_1_652' title='bbox 1182 1699 1286 1741; x_wconf 87' lang='lat' dir='ltr'>gratis</span> <span class='ocrx_word' id='word_1_653' title='bbox 1310 1699 1411 1731; x_wconf 89' lang='lat' dir='ltr'>donet</span> <span class='ocrx_word' id='word_1_654' title='bbox 1432 1699 1660 1731; x_wconf 89' lang='lat' dir='ltr'>remissionem</span> <span class='ocrx_word' id='word_1_655' title='bbox 1683 1703 1913 1739; x_wconf 86' lang='lat' dir='ltr'>peccatorum,</span> <span class='ocrx_word' id='word_1_656' title='bbox 1937 1698 2003 1730; x_wconf 87' lang='lat' dir='ltr'>Sed</span> <span class='ocrx_word' id='word_1_657' title='bbox 2027 1705 2162 1740; x_wconf 88' lang='lat' dir='ltr'>propter</span> 
     </span>
     <span class='ocr_line' id='line_1_96' title="bbox 1182 1741 2161 1783; baseline 0 -10"><span class='ocrx_word' id='word_1_658' title='bbox 1182 1752 1284 1783; x_wconf 80' lang='lat' dir='ltr'>opera</span> <span class='ocrx_word' id='word_1_659' title='bbox 1307 1741 1444 1773; x_wconf 90' lang='lat' dir='ltr'>aliarum</span> <span class='ocrx_word' id='word_1_660' title='bbox 1473 1741 1599 1783; x_wconf 84' lang='lat' dir='ltr'>legum,</span> <span class='ocrx_word' id='word_1_661' title='bbox 1629 1742 1658 1772; x_wconf 91' lang='lat' dir='ltr'>si</span> <span class='ocrx_word' id='word_1_662' title='bbox 1687 1751 1772 1782; x_wconf 78' lang='lat' dir='ltr'>quae</span> <span class='ocrx_word' id='word_1_663' title='bbox 1801 1751 1890 1773; x_wconf 89' lang='lat' dir='ltr'>nunc</span> <span class='ocrx_word' id='word_1_664' title='bbox 1920 1742 2161 1783; x_wconf 85' lang='lat' dir='ltr'>excogitentur.</span> 
     </span>
     <span class='ocr_line' id='line_1_97' title="bbox 1182 1783 2162 1826; baseline 0.001 -11"><span class='ocrx_word' id='word_1_665' title='bbox 1182 1785 1254 1816; x_wconf 87' lang='lat' dir='ltr'>Hae</span> <span class='ocrx_word' id='word_1_666' title='bbox 1275 1785 1373 1825; x_wconf 90' lang='lat' dir='ltr'>impia</span> <span class='ocrx_word' id='word_1_667' title='bbox 1396 1790 1428 1815; x_wconf 91' lang='lat' dir='ltr'>et</span> <span class='ocrx_word' id='word_1_668' title='bbox 1455 1783 1600 1816; x_wconf 80' lang='lat' dir='ltr'>fanatica</span> <span class='ocrx_word' id='word_1_669' title='bbox 1627 1784 1861 1826; x_wconf 85' lang='lat' dir='ltr'>imaginatione</span> <span class='ocrx_word' id='word_1_670' title='bbox 1891 1785 2035 1816; x_wconf 90' lang='lat' dir='ltr'>obruunt</span> <span class='ocrx_word' id='word_1_671' title='bbox 2065 1786 2162 1816; x_wconf 88' lang='lat' dir='ltr'>bene·</span> 
     </span>
     <span class='ocr_line' id='line_1_98' title="bbox 1181 1826 2162 1869; baseline 0.001 -11"><span class='ocrx_word' id='word_1_672' title='bbox 1181 1826 1291 1858; x_wconf 90' lang='lat' dir='ltr'>ficium</span> <span class='ocrx_word' id='word_1_673' title='bbox 1321 1826 1454 1859; x_wconf 83' lang='lat' dir='ltr'>Christi.</span> <span class='ocrx_word' id='word_1_674' title='bbox 1500 1826 1629 1858; x_wconf 89' lang='lat' dir='ltr'>Deinde</span> <span class='ocrx_word' id='word_1_675' title='bbox 1658 1826 1786 1868; x_wconf 87' lang='lat' dir='ltr'>fingunt</span> <span class='ocrx_word' id='word_1_676' title='bbox 1815 1827 1900 1858; x_wconf 90' lang='lat' dir='ltr'>inter</span> <span class='ocrx_word' id='word_1_677' title='bbox 1928 1827 1991 1858; x_wconf 84' lang='lat' dir='ltr'>hos</span> <span class='ocrx_word' id='word_1_678' title='bbox 2020 1828 2075 1869; x_wconf 90' lang='lat' dir='ltr'>qui</span> <span class='ocrx_word' id='word_1_679' title='bbox 2103 1828 2162 1859; x_wconf 89' lang='lat' dir='ltr'>ob-</span> 
     </span>
     <span class='ocr_line' id='line_1_99' title="bbox 1182 1868 2162 1911; baseline 0.002 -12"><span class='ocrx_word' id='word_1_680' title='bbox 1182 1875 1317 1902; x_wconf 85' lang='lat' dir='ltr'>seruant</span> <span class='ocrx_word' id='word_1_681' title='bbox 1340 1868 1427 1901; x_wconf 90' lang='lat' dir='ltr'>illam</span> <span class='ocrx_word' id='word_1_682' title='bbox 1451 1868 1558 1911; x_wconf 87' lang='lat' dir='ltr'>legem</span> <span class='ocrx_word' id='word_1_683' title='bbox 1583 1868 1714 1905; x_wconf 82' lang='lat' dir='ltr'>Christi,</span> <span class='ocrx_word' id='word_1_684' title='bbox 1734 1868 1920 1900; x_wconf 79' lang='lat' dir='ltr'>Monachos</span> <span class='ocrx_word' id='word_1_685' title='bbox 1943 1870 2080 1910; x_wconf 88' lang='lat' dir='ltr'>propius</span> <span class='ocrx_word' id='word_1_686' title='bbox 2104 1871 2162 1901; x_wconf 92' lang='lat' dir='ltr'>ob-</span> 
     </span>
     <span class='ocr_line' id='line_1_100' title="bbox 1182 1911 2161 1954; baseline 0.001 -11"><span class='ocrx_word' id='word_1_687' title='bbox 1182 1923 1331 1950; x_wconf 86' lang='lat' dir='ltr'>seruare,</span> <span class='ocrx_word' id='word_1_688' title='bbox 1344 1923 1442 1954; x_wconf 85' lang='lat' dir='ltr'>quam</span> <span class='ocrx_word' id='word_1_689' title='bbox 1460 1912 1557 1950; x_wconf 85' lang='lat' dir='ltr'>alios,</span> <span class='ocrx_word' id='word_1_690' title='bbox 1569 1917 1705 1952; x_wconf 82' lang='lat' dir='ltr'>propter</span> <span class='ocrx_word' id='word_1_691' title='bbox 1728 1911 1919 1954; x_wconf 85' lang='lat' dir='ltr'>hypocrisin</span> <span class='ocrx_word' id='word_1_692' title='bbox 1943 1913 2161 1954; x_wconf 77' lang='lat' dir='ltr'>paupertatis,</span> 
     </span>
     <span class='ocr_line' id='line_1_101' title="bbox 1182 1955 2163 1998; baseline 0 -11"><span class='ocrx_word' id='word_1_693' title='bbox 1182 1955 1408 1993; x_wconf 86' lang='lat' dir='ltr'>obedientiae,</span> <span class='ocrx_word' id='word_1_694' title='bbox 1443 1961 1475 1987; x_wconf 89' lang='lat' dir='ltr'>et</span> <span class='ocrx_word' id='word_1_695' title='bbox 1511 1955 1736 1998; x_wconf 69' lang='lat' dir='ltr'>castitatis‚‘)</span> <span class='ocrx_word' id='word_1_696' title='bbox 1772 1965 1846 1986; x_wconf 86' lang='lat' dir='ltr'>eum</span> <span class='ocrx_word' id='word_1_697' title='bbox 1881 1955 2012 1997; x_wconf 88' lang='lat' dir='ltr'>quidem</span> <span class='ocrx_word' id='word_1_698' title='bbox 2052 1956 2163 1987; x_wconf 91' lang='lat' dir='ltr'>omnia</span> 
     </span>
     <span class='ocr_line' id='line_1_102' title="bbox 1182 1997 2162 2040; baseline 0.001 -11"><span class='ocrx_word' id='word_1_699' title='bbox 1182 1998 1248 2030; x_wconf 89' lang='lat' dir='ltr'>sint</span> <span class='ocrx_word' id='word_1_700' title='bbox 1270 1997 1370 2040; x_wconf 88' lang='lat' dir='ltr'>plena</span> <span class='ocrx_word' id='word_1_701' title='bbox 1391 1997 1618 2030; x_wconf 83' lang='lat' dir='ltr'>simulationis.</span> <span class='ocrx_word' id='word_1_702' title='bbox 1663 1997 1897 2038; x_wconf 78' lang='lat' dir='ltr'>Paupertatem</span> <span class='ocrx_word' id='word_1_703' title='bbox 1909 1999 1961 2035; x_wconf 73' lang='lat'>”)</span> <span class='ocrx_word' id='word_1_704' title='bbox 1984 1998 2107 2030; x_wconf 81' lang='lat' dir='ltr'>iactant</span> <span class='ocrx_word' id='word_1_705' title='bbox 2129 1999 2162 2030; x_wconf 90' lang='lat' dir='ltr'>in</span> 
     </span>
     <span class='ocr_line' id='line_1_103' title="bbox 1182 2040 2163 2082; baseline 0.001 -10"><span class='ocrx_word' id='word_1_706' title='bbox 1182 2051 1309 2073; x_wconf 88' lang='lat' dir='ltr'>summa</span> <span class='ocrx_word' id='word_1_707' title='bbox 1322 2042 1418 2082; x_wconf 88' lang='lat' dir='ltr'>copia</span> <span class='ocrx_word' id='word_1_708' title='bbox 1428 2051 1539 2073; x_wconf 89' lang='lat' dir='ltr'>rerum</span> <span class='ocrx_word' id='word_1_709' title='bbox 1558 2041 1713 2078; x_wconf 90' lang='lat' dir='ltr'>omnium,</span> <span class='ocrx_word' id='word_1_710' title='bbox 1726 2040 1947 2072; x_wconf 88' lang='lat' dir='ltr'>obedientiam</span> <span class='ocrx_word' id='word_1_711' title='bbox 1959 2041 2010 2079; x_wconf 77' lang='lat'><strong>¹¹¹⁸)</strong></span> <span class='ocrx_word' id='word_1_712' title='bbox 2028 2042 2163 2080; x_wconf 80' lang='lat' dir='ltr'>iactant,</span> 
     </span>
     <span class='ocr_line' id='line_1_104' title="bbox 1183 2082 2162 2125; baseline 0 -10"><span class='ocrx_word' id='word_1_713' title='bbox 1183 2094 1258 2116; x_wconf 90' lang='lat' dir='ltr'>cum</span> <span class='ocrx_word' id='word_1_714' title='bbox 1280 2083 1405 2116; x_wconf 83' lang='lat' dir='ltr'>nullum</span> <span class='ocrx_word' id='word_1_715' title='bbox 1428 2094 1533 2125; x_wconf 87' lang='lat' dir='ltr'>genus</span> <span class='ocrx_word' id='word_1_716' title='bbox 1557 2083 1722 2114; x_wconf 89' lang='lat' dir='ltr'>hominum</span> <span class='ocrx_word' id='word_1_717' title='bbox 1746 2082 1929 2115; x_wconf 86' lang='lat' dir='ltr'>libertatem</span> <span class='ocrx_word' id='word_1_718' title='bbox 1952 2083 2073 2115; x_wconf 88' lang='lat' dir='ltr'>habeat</span> <span class='ocrx_word' id='word_1_719' title='bbox 2095 2094 2162 2115; x_wconf 87' lang='lat' dir='ltr'>ma-</span> 
     </span>
     <span class='ocr_line' id='line_1_105' title="bbox 1182 2124 2163 2169; baseline 0 -11"><span class='ocrx_word' id='word_1_720' title='bbox 1182 2128 1297 2165; x_wconf 90' lang='lat' dir='ltr'>iorem,</span> <span class='ocrx_word' id='word_1_721' title='bbox 1320 2137 1417 2169; x_wconf 86' lang='lat' dir='ltr'>quam</span> <span class='ocrx_word' id='word_1_722' title='bbox 1442 2125 1607 2158; x_wconf 87' lang='lat' dir='ltr'>Monachi.</span> <span class='ocrx_word' id='word_1_723' title='bbox 1653 2125 1706 2157; x_wconf 92' lang='lat' dir='ltr'>De</span> <span class='ocrx_word' id='word_1_724' title='bbox 1735 2125 1901 2158; x_wconf 82' lang='lat' dir='ltr'>coelibatu</span> <span class='ocrx_word' id='word_1_725' title='bbox 1915 2126 1968 2164; x_wconf 53' lang='lat' dir='ltr'>st)</span> <span class='ocrx_word' id='word_1_726' title='bbox 1991 2136 2058 2157; x_wconf 91' lang='lat' dir='ltr'>non</span> <span class='ocrx_word' id='word_1_727' title='bbox 2081 2124 2163 2158; x_wconf 87' lang='lat' dir='ltr'>libet</span> 
     </span>
     <span class='ocr_line' id='line_1_106' title="bbox 1184 2167 2161 2211; baseline 0 -10"><span class='ocrx_word' id='word_1_728' title='bbox 1184 2169 1306 2208; x_wconf 86' lang='lat' dir='ltr'>dicere,</span> <span class='ocrx_word' id='word_1_729' title='bbox 1326 2170 1381 2211; x_wconf 91' lang='lat' dir='ltr'>qui</span> <span class='ocrx_word' id='word_1_730' title='bbox 1403 2179 1501 2211; x_wconf 88' lang='lat' dir='ltr'>quam</span> <span class='ocrx_word' id='word_1_731' title='bbox 1524 2178 1626 2210; x_wconf 91' lang='lat' dir='ltr'>purus</span> <span class='ocrx_word' id='word_1_732' title='bbox 1649 2169 1691 2200; x_wconf 89' lang='lat' dir='ltr'>sit</span> <span class='ocrx_word' id='word_1_733' title='bbox 1714 2169 1746 2200; x_wconf 91' lang='lat' dir='ltr'>in</span> <span class='ocrx_word' id='word_1_734' title='bbox 1760 2167 1948 2210; x_wconf 83' lang='lat' dir='ltr'>plaerisque</span> <span class='ocrx_word' id='word_1_735' title='bbox 1960 2170 2015 2211; x_wconf 91' lang='lat' dir='ltr'>qui</span> <span class='ocrx_word' id='word_1_736' title='bbox 2027 2169 2161 2201; x_wconf 84' lang='lat' dir='ltr'>student</span> 
     </span>
    </p>
   </div>
   <div class='ocr_carea' id='block_1_8' title="bbox 1185 2211 2162 2254">
    <p class='ocr_par' dir='ltr' id='par_1_14' title="bbox 1185 2211 2162 2254">
     <span class='ocr_line' id='line_1_107' title="bbox 1185 2211 2162 2254; baseline 0 -11"><span class='ocrx_word' id='word_1_737' title='bbox 1185 2213 1354 2245; x_wconf 89' lang='lat' dir='ltr'>continere</span> <span class='ocrx_word' id='word_1_738' title='bbox 1378 2212 1511 2244; x_wconf 90' lang='lat' dir='ltr'>Gerson</span> <span class='ocrx_word' id='word_1_739' title='bbox 1533 2212 1665 2244; x_wconf 89' lang='lat' dir='ltr'>indicat.</span> <span class='ocrx_word' id='word_1_740' title='bbox 1711 2211 1753 2243; x_wconf 87' lang='lat' dir='ltr'>Et</span> <span class='ocrx_word' id='word_1_741' title='bbox 1774 2218 1895 2253; x_wconf 87' lang='lat' dir='ltr'>quotus</span> <span class='ocrx_word' id='word_1_742' title='bbox 1918 2213 2060 2254; x_wconf 88' lang='lat' dir='ltr'>quisque</span> <span class='ocrx_word' id='word_1_743' title='bbox 2083 2221 2162 2243; x_wconf 85' lang='lat' dir='ltr'>con·</span> 
     </span>
    </p>
   </div>
   <div class='ocr_carea' id='block_1_9' title="bbox 1183 2291 1314 2297">
    <p class='ocr_par' dir='ltr' id='par_1_15' title="bbox 1183 2291 1314 2297">
     <span class='ocr_line' id='line_1_108' title="bbox 1183 2291 1314 2297; baseline 0 0"><span class='ocrx_word' id='word_1_744' title='bbox 1183 2291 1314 2297; x_wconf 95' lang='lat' dir='ltr'> </span> 
     </span>
    </p>
   </div>
   <div class='ocr_carea' id='block_1_10' title="bbox 1186 2341 2163 2638">
    <p class='ocr_par' dir='ltr' id='par_1_16' title="bbox 1202 2341 1546 2373">
     <span class='ocr_line' id='line_1_109' title="bbox 1202 2341 1546 2373; baseline -0.003 -7"><span class='ocrx_word' id='word_1_745' title='bbox 1202 2343 1231 2373; x_wconf 87' lang='grc'>3)</span> <span class='ocrx_word' id='word_1_746' title='bbox 1250 2341 1329 2373; x_wconf 77' lang='lat' dir='ltr'>feres]</span> <span class='ocrx_word' id='word_1_747' title='bbox 1351 2342 1401 2366; x_wconf 88' lang='lat' dir='ltr'>Ed.</span> <span class='ocrx_word' id='word_1_748' title='bbox 1421 2343 1460 2365; x_wconf 76' lang='lat'>4.:</span> <span class='ocrx_word' id='word_1_749' title='bbox 1478 2341 1546 2365; x_wconf 77' lang='lat' dir='ltr'>feras</span> 
     </span>
    </p>

    <p class='ocr_par' dir='ltr' id='par_1_17' title="bbox 1200 2383 1685 2417">
     <span class='ocr_line' id='line_1_110' title="bbox 1200 2383 1685 2417; baseline -0.002 -8"><span class='ocrx_word' id='word_1_750' title='bbox 1200 2386 1231 2417; x_wconf 77' lang='lat'>4)</span> <span class='ocrx_word' id='word_1_751' title='bbox 1250 2384 1350 2417; x_wconf 78' lang='lat' dir='ltr'>nostra]</span> <span class='ocrx_word' id='word_1_752' title='bbox 1369 2385 1396 2408; x_wconf 69' lang='lat' dir='ltr'>in</span> <span class='ocrx_word' id='word_1_753' title='bbox 1411 2384 1493 2408; x_wconf 81' lang='lat' dir='ltr'>Editt.</span> <span class='ocrx_word' id='word_1_754' title='bbox 1514 2385 1590 2409; x_wconf 76' lang='lat'>2-4.</span> <span class='ocrx_word' id='word_1_755' title='bbox 1610 2383 1685 2408; x_wconf 71' lang='lat' dir='ltr'>deest.</span> 
     </span>
    </p>

    <p class='ocr_par' dir='ltr' id='par_1_18' title="bbox 1202 2424 2163 2528">
     <span class='ocr_line' id='line_1_111' title="bbox 1202 2424 2162 2486; baseline -0.003 0"><span class='ocrx_word' id='word_1_756' title='bbox 1202 2427 1229 2459; x_wconf 67' lang='lat'>&#39;³</span> <span class='ocrx_word' id='word_1_757' title='bbox 1248 2427 1674 2486; x_wconf 44' lang='grc' dir='ltr'>ἓῖῪωέωὶῡῗῗίωὲῗῗηὲἶο</span> <span class='ocrx_word' id='word_1_758' title='bbox 1686 2424 1931 2484; x_wconf 55' lang='grc' dir='ltr'>ἶῇῗὶἳῖἷὶέηέῗξέα</span> <span class='ocrx_word' id='word_1_759' title='bbox 1940 2424 2025 2484; x_wconf 59' lang='lat'>‘²:5⁶3</span> <span class='ocrx_word' id='word_1_760' title='bbox 2040 2425 2105 2483; x_wconf 57' lang='grc' dir='ltr'>Ψ·</span> <span class='ocrx_word' id='word_1_761' title='bbox 2129 2425 2162 2465; x_wconf 47' lang='grc' dir='ltr'>δ’</span> 
     </span>
     <span class='ocr_line' id='line_1_112' title="bbox 1253 2462 2163 2528; baseline -0.004 -8"><span class='ocrx_word' id='word_1_762' title='bbox 1253 2462 1400 2528; x_wconf 48' lang='lat' dir='ltr'>adul-:ipsig</span> <span class='ocrx_word' id='word_1_763' title='bbox 1422 2469 1487 2525; x_wconf 49' lang='lat' dir='ltr'>„til-ia</span> <span class='ocrx_word' id='word_1_764' title='bbox 1504 2469 1589 2519; x_wconf 40' lang='lat' dir='ltr'>zita!</span> <span class='ocrx_word' id='word_1_765' title='bbox 2074 2467 2163 2491; x_wconf 52' lang='lat' dir='ltr'><strong><em>“ryme</em></strong></span> 
     </span>
    </p>

    <p class='ocr_par' dir='ltr' id='par_1_19' title="bbox 1186 2535 2162 2638">
     <span class='ocr_line' id='line_1_113' title="bbox 1186 2535 2161 2572; baseline -0.003 -8"><span class='ocrx_word' id='word_1_766' title='bbox 1186 2538 1231 2572; x_wconf 76' lang='lat'>&#39;&#39;)</span> <span class='ocrx_word' id='word_1_767' title='bbox 1250 2539 1432 2570; x_wconf 80' lang='lat' dir='ltr'>Paupertatem</span> <span class='ocrx_word' id='word_1_768' title='bbox 1456 2537 1520 2569; x_wconf 82' lang='lat' dir='ltr'>(fol.</span> <span class='ocrx_word' id='word_1_769' title='bbox 1539 2537 1570 2562; x_wconf 69' lang='lat' dir='ltr'>S,</span> <span class='ocrx_word' id='word_1_770' title='bbox 1590 2538 1619 2560; x_wconf 70' lang='grc' dir='ltr'>2Δ</span> <span class='ocrx_word' id='word_1_771' title='bbox 1639 2537 1680 2562; x_wconf 77' lang='lat' dir='ltr'>lin.</span> <span class='ocrx_word' id='word_1_772' title='bbox 1699 2536 1736 2569; x_wconf 87' lang='grc'>7.)</span> <span class='ocrx_word' id='word_1_773' title='bbox 1765 2555 1773 2561; x_wconf 89' lang='grc'><strong>.</strong></span> <span class='ocrx_word' id='word_1_774' title='bbox 1788 2555 1794 2561; x_wconf 91' lang='grc'><em>.</em></span> <span class='ocrx_word' id='word_1_775' title='bbox 1823 2536 1998 2560; x_wconf 81' lang='lat' dir='ltr'>obedientiam</span> <span class='ocrx_word' id='word_1_776' title='bbox 2024 2535 2099 2567; x_wconf 62' lang='lat' dir='ltr'>(ibid.</span> <span class='ocrx_word' id='word_1_777' title='bbox 2118 2536 2161 2561; x_wconf 76' lang='lat' dir='ltr'>lin.</span> 
     </span>
     <span class='ocr_line' id='line_1_114' title="bbox 1255 2569 2162 2603; baseline -0.001 -6"><span class='ocrx_word' id='word_1_778' title='bbox 1255 2573 1294 2603; x_wconf 76' lang='grc'>8.)</span> <span class='ocrx_word' id='word_1_779' title='bbox 1319 2591 1325 2597; x_wconf 90' lang='grc'><em>.</em></span> <span class='ocrx_word' id='word_1_780' title='bbox 1340 2591 1346 2597; x_wconf 95' lang='grc'><em>.</em></span> <span class='ocrx_word' id='word_1_781' title='bbox 1369 2573 1409 2596; x_wconf 85' lang='lat' dir='ltr'>De</span> <span class='ocrx_word' id='word_1_782' title='bbox 1427 2572 1555 2596; x_wconf 81' lang='lat' dir='ltr'>coelibatu</span> <span class='ocrx_word' id='word_1_783' title='bbox 1580 2570 1655 2602; x_wconf 67' lang='lat' dir='ltr'>(ibid.</span> <span class='ocrx_word' id='word_1_784' title='bbox 1674 2571 1716 2595; x_wconf 69' lang='lat' dir='ltr'>lin.</span> <span class='ocrx_word' id='word_1_785' title='bbox 1737 2569 1788 2603; x_wconf 86' lang='lat'>9.)]</span> <span class='ocrx_word' id='word_1_786' title='bbox 1814 2569 1851 2595; x_wconf 75' lang='lat' dir='ltr'>hie</span> <span class='ocrx_word' id='word_1_787' title='bbox 1875 2570 1957 2596; x_wconf 71' lang='lat' dir='ltr'>uerbis</span> <span class='ocrx_word' id='word_1_788' title='bbox 1981 2569 2058 2595; x_wconf 79' lang='lat' dir='ltr'>rubro</span> <span class='ocrx_word' id='word_1_789' title='bbox 2083 2571 2162 2596; x_wconf 74' lang='lat' dir='ltr'>colore</span> 
     </span>
     <span class='ocr_line' id='line_1_115' title="bbox 1254 2605 2085 2638; baseline -0.002 -7"><span class='ocrx_word' id='word_1_790' title='bbox 1254 2606 1390 2632; x_wconf 64' lang='lat' dir='ltr'>oubnotatin</span> <span class='ocrx_word' id='word_1_791' title='bbox 1408 2606 1534 2631; x_wconf 68' lang='lat' dir='ltr'>Lametus</span> <span class='ocrx_word' id='word_1_792' title='bbox 1554 2606 1579 2629; x_wconf 74' lang='lat' dir='ltr'>in</span> <span class='ocrx_word' id='word_1_793' title='bbox 1597 2605 1708 2637; x_wconf 67' lang='lat' dir='ltr'>maryine</span> <span class='ocrx_word' id='word_1_794' title='bbox 1727 2606 1840 2638; x_wconf 68' lang='grc' dir='ltr'>αρροηιιϊ</span> <span class='ocrx_word' id='word_1_795' title='bbox 1858 2613 1981 2630; x_wconf 67' lang='lat' dir='ltr'>numeror:</span> <span class='ocrx_word' id='word_1_796' title='bbox 2003 2607 2015 2629; x_wconf 94' lang='lat' dir='ltr'>l</span> <span class='ocrx_word' id='word_1_797' title='bbox 2035 2605 2051 2628; x_wconf 80' lang='lat'><strong><em>2</em></strong></span> <span class='ocrx_word' id='word_1_798' title='bbox 2070 2605 2085 2629; x_wconf 83' lang='lat'>3</span> 
     </span>
    </p>
   </div>
   <div class='ocr_carea' id='block_1_11' title="bbox 1902 2656 1956 2680">
    <p class='ocr_par' dir='ltr' id='par_1_20' title="bbox 1902 2656 1956 2680">
     <span class='ocr_line' id='line_1_116' title="bbox 1902 2656 1956 2680; baseline 0 0"><span class='ocrx_word' id='word_1_799' title='bbox 1902 2656 1956 2680; x_wconf 69' lang='lat'>40·</span> 
     </span>
    </p>
   </div>
  </div>
 </body>
</html>
