2366 2958
243 197 265 228 7
695 191 809 225 PfflL.
831 187 935 222 MEL-
958 186 1144 220 SCRIPTA
1166 184 1437 219 DOGMATch
1460 185 1518 218 ΕΤ
1539 184 1812 220 8ῩΜΒΟΙΑΟΑ.
2236 184 2260 218 8

401 288 639 326 confutatio
657 286 726 326 ipsa
743 284 796 315 illo
815 284 866 313 die
884 293 951 312 cum
970 281 1020 311 his
1042 281 1128 312 libris
1152 281 1287 312 exhibita
1303 282 1351 311 sic
1373 285 1436 311 erat
1458 281 1618 321 inscripta:

456 346 618 377 catholica
647 349 678 375 et
701 345 792 384 qnasi
815 346 1056 381 extemporanea
1079 343 1242 381 responsio
1269 351 1361 381 super
1385 340 1542 371 nonnullis
1566 341 1710 371 articulis
1739 340 1926 372 Catholicae
1951 340 2040 372 Caes.
2066 340 2144 371 Mai.
2174 340 2260 371 hisce

497 389 604 418 diebus
626 390 658 417 in
683 388 790 416 diaeta
815 384 973 424 imperiali
990 385 1176 424 Angrustens.
1197 395 1258 425 per
1286 384 1526 414 illustrissimum
1550 383 1726 415 Electorem
1749 384 1913 415 Sasu-oniae
1940 388 1970 415 et
2000 383 2081 414 alios
2108 383 2260 425 quosdam

496 431 663 470 Principes
681 434 709 459 et
733 429 813 458 duas
833 429 977 458 civitates
996 428 1120 459 oblatis.

254 503 340 535 Haec
359 501 531 533 Consultatio
550 509 568 529 a
586 498 750 536 theologis,
770 499 822 537 qui
842 496 884 527 nil
903 498 963 527 uisi
982 498 1040 526 vim
1064 496 1286 526 meditabantur
1305 500 1335 526 et
1353 496 1485 526 edictum
1513 496 1740 527 wormatiense
1769 498 1932 536 urgebant,
1961 507 2019 527 non
2049 498 2091 527 ita
2117 495 2263 527 adornata

251 550 329 585 erat,
355 549 388 574 ut
407 542 632 583 praelegererur
654 540 775 581 publice
795 544 846 570 aut
864 539 1048 571 Lutheranis
1067 539 1232 570 traderetur
1255 539 1384 578 legenda
1412 544 1443 569 et
1471 540 1696 580 perpendenda.
1741 539 1820 570 Tota
1849 549 1998 571 conversa
2020 540 2059 570 ad
2082 539 2183 570 solum
2207 537 2263 570 lm·

247 593 412 629 peratorem
446 586 503 615 hoc
523 585 607 614 unice
626 588 766 623 spectare
789 583 955 617 videbatur,
974 587 1006 613 ut
1029 584 1096 612 eius
1120 583 1249 612 animum
1273 586 1376 613 contra
1404 582 1597 613 Lutherar:os
1621 593 1786 622 eorumque
1814 581 2051 614 Confessionem
2077 581 2261 613 incenderet.

251 632 372 670 Ubique
392 633 469 659 enirn
490 637 527 657 ea
551 626 760 666 Imperatorem
780 626 953 665 alloquitur,
976 626 1090 664 ubique
1112 629 1255 664 provocat
1277 635 1357 661 eum,
1376 630 1409 656 ut
1427 626 1588 656 admoneat
1611 631 1642 657 et
1657 627 1766 657 doceat
1778 625 1938 666 Principes
1955 626 2159 660 Lutheranos,
2183 635 2263 664 quae

252 684 334 708 vera,
358 672 447 702 dubia
470 675 520 699 aut
544 669 621 699 salsa
639 671 701 699 sint
719 675 820 699 eorum
841 670 992 709 dogmata.
1038 668 1136 704 Quam
1156 669 1194 698 ob
1215 678 1336 699 causam
1358 668 1434 699 haec
1457 669 1538 699 haud
1559 669 1650 700 dubie
1673 680 1796 710 quoque
1815 669 1970 709 displicuit
1993 669 2166 707 lmperatori
2191 668 2262 708 ipsi,

252 717 342 747 iudici
368 714 487 753 quidem
507 723 619 742 causae.
638 712 894 747 Lutheranorum,
918 712 975 741 sed
995 722 1052 742 non
1071 712 1267 751 disceptatori
1288 716 1318 742 et
1337 712 1502 752 indagaturi
1527 713 1680 743 doctrinae
1703 714 1741 744 ab
1765 713 1813 743 his
1833 714 1862 743 in
1891 711 2097 743 Confessione
2125 712 2263 742 traditae.

250 758 438 791 Libellorum
457 760 556 785 autem
581 756 652 785 huic
675 754 882 785 confutationi
903 755 1086 785 adiecturum
1107 756 1180 785 ratio
1200 755 1318 785 videtur
1341 756 1378 785 ab
1398 767 1435 785 eo
1459 755 1562 786 habita
1580 766 1654 786 esse
1672 756 1762 796 plane
1784 755 1878 795 nulla,
1899 766 1989 795 quum
2009 755 2164 794 theologis
2181 764 2262 785 ruan-

251 802 358 833 <lasset
381 803 503 832 tantum,
524 803 555 828 ut
575 797 811 829 consessionem
835 809 853 828 a
870 798 1058 828 Lutheranis
1078 797 1241 828 exhibitam
1262 799 1465 829 examinarent
1485 803 1516 829 et
1539 799 1723 834 refellerent,
1742 811 1800 829 non
1821 810 1892 829 vero
1906 804 1937 829 ut
1957 802 2165 838 recoquerent,
2184 807 2263 838 quae

250 846 307 874 iam
330 847 399 873 ante
419 842 524 871 decem
549 852 644 871 annos
665 842 795 871 fuissent
819 842 932 881 snripta
955 841 1003 870 vei
1023 841 1210 871 accidissent
1223 844 1266 876 ³).
1309 840 1412 881 ltaque
1436 844 1612 873 convocavit
1635 842 1685 872 die
1712 845 1758 873 15.
1778 841 1846 873 lulii
1870 842 2003 872 Ordines
2023 841 2142 881 lmperii
2164 840 2265 870 catho-

250 887 327 917 licos
346 895 411 916 cum
435 884 542 914 civiles
563 890 624 914 tum
645 885 895 919 ecclesiasticos,
922 888 954 914 ut
972 894 1078 914 secum
1109 884 1150 915 de
1173 884 1388 915 Confutatione
1414 885 1522 916 tradita
1550 885 1763 921 deliberarent,
1788 890 1818 916 et
1845 887 2082 926 constituerent,
2111 883 2265 924 quomodo

250 929 409 960 concordia
428 933 515 957 esset
533 928 729 958 restituenda.
777 928 836 963 Qui
861 938 927 957 cum
947 927 1006 957 hoc
1029 938 1108 967 opus
1127 929 1216 958 nimis
1235 929 1342 958 acriter
1361 933 1391 959 et
1410 930 1540 959 verbose
1564 930 1806 959 consarcinatum
1831 939 1906 959 esse
1930 928 2149 968 intelligerent.
2176 936 2265 966 quam

204 975 214 983 '
250 978 282 1003 ut
304 973 372 1002 sine
394 971 514 1000 fastidio
535 972 562 1000 in
587 981 740 1000 consessu
761 970 883 1010 publico
903 970 1036 1010 praelegi
1060 975 1091 1000 et
1110 972 1178 1001 sine
1202 971 1409 1010 indignatione
1432 973 1527 1002 audiri
1548 976 1674 1011 posset,
1693 976 1856 1002 suaserunt
1875 976 1905 1002 et
1925 973 2121 1002 decreverunt
2140 971 2266 1000 auctori-

249 1020 310 1046 tate
337 1014 543 1054 imperaturis,
575 1019 606 1043 ut
637 1013 789 1052 theologis
823 1013 1012 1050 redderetur,
1039 1014 1139 1053 iisque
1168 1014 1389 1054 retingendum,
1418 1017 1447 1045 in
1471 1016 1595 1045 brevius
1615 1015 1860 1050 contrahendum,
1885 1019 1933 1049 et,
1958 1026 1996 1045 ne
2019 1014 2260 1045 Lutheranomm

250 1057 521 1089 exacerbandorum
545 1067 622 1086 nova
640 1057 886 1096 suppeditaretur
909 1058 1042 1091 materia,
1065 1057 1258 1087 contumeliis
1276 1058 1459 1097 purgandam
1485 1059 1696 1097 iniungeretur.

399 1113 484 1142 Haec
500 1114 601 1151 prinza
632 1113 790 1143 verbosior
816 1111 993 1143 t’onsutatio
1019 1113 1057 1142 ab
1083 1111 1265 1152 Imperatore
1290 1123 1326 1143 ac
1355 1112 1550 1153 Principibus
1581 1114 1694 1143 reiecta
1718 1114 1840 1143 omnino
1868 1115 2028 1152 periisset,
2058 1114 2118 1143 nisi
2143 1111 2264 1143 Coch-
2320 1144 2323 1148 ,

246 1157 359 1187 laeus
379 1155 553 1195 particulam
574 1157 653 1190 eius,
677 1166 787 1196 nempe
812 1156 1048 1186 confutationem
1069 1160 1197 1195 quatuor
1220 1157 1350 1195 priorum
1374 1156 1566 1187 articulorum
1589 1157 1790 1195 Augustanae
1819 1154 2053 1191 consessionis,
2083 1156 2266 1186 inseruisset

244 1200 316 1230 huic
337 1199 428 1230 libro:

450 1253 651 1293 Philippicae
670 1258 674 1289 Ι
694 1258 823 1294 quatuor
841 1254 992 1285 Iohannis
1009 1255 1016 1297 Ι
1039 1254 1184 1293 Cochlei,
1202 1256 1235 1284 in
1261 1255 1449 1295 Apoloyiam
1478 1255 1625 1295 Philippi
1648 1255 1768 1285 Melam
1794 1258 1798 1294 Ι
1825 1254 1967 1285 clationis
1991 1255 2034 1284 acl
2061 1253 2204 1285 Carolvm
2229 1251 2265 1285 V.

494 1297 552 1326 Im:
571 1299 576 1335 Ι
593 1302 770 1336 perstarem
798 1297 1023 1332 Romanorum,
1039 1301 1145 1338 pium,
1165 1299 1170 1338 Ι
1187 1298 1350 1336 foelicem,
1380 1298 1650 1338 triumphatorem.
1671 1309 1745 1328 sem=
1766 1300 1771 1337 Ι
1792 1309 1852 1338 per
1876 1298 2057 1337 Anynstum.
2078 1299 2082 1338 Ι
2103 1294 2266 1338 Lipsiae.'

493 1340 535 1370 M.
551 1340 779 1372 D.A·A·X1111.
800 1342 804 1380 Ι
826 1341 987 1371 subiuncta
1006 1341 1245 1381 praefatiuncula
1267 1342 1320 1371 Ad
1343 1341 1504 1371 Lector-cm
1523 1343 1676 1382 inscripta.
1698 1360 1740 1365 --
1763 1341 1809 1380 (ln
1831 1342 1919 1379 fines)
1939 1340 2071 1381 Lipsiae
2093 1339 2268 1370 excedebat

493 1383 642 1413 Nicolavs
660 1384 721 1413 Fae
741 1388 744 1421 Ι
767 1384 829 1419 her,
854 1384 960 1414 Mense
979 1385 1068 1414 Ionio
1091 1385 1184 1415 Anno
1205 1387 1210 1426 Ι
1229 1385 1274 1416 Μ.
1296 1385 1338 1415 D.
1357 1385 1532 1414 XXXIIII.
1559 1386 1645 1425 22¹s2
1666 1384 1778 1425 plagg„
1803 1395 1930 1424 quarum
1949 1385 2064 1424 primae
2092 1385 2154 1424 1¹]²
2176 1384 2266 1423 signo

492 1437 616 1462 manus,
639 1431 759 1457 ceterae
779 1428 815 1457 21
838 1426 894 1458 litt.
914 1427 1017 1459 Δ-Χ
1039 1429 1178 1468 signatae
1200 1432 1288 1462 sunt,
1313 1431 1353 1458 90
1377 1428 1441 1458 foll.
1465 1439 1522 1458 non
1543 1438 1636 1462 num„
1662 1431 1705 1457 40.
1727 1427 1856 1468 (Pagina
1868 1427 1948 1458 tituli
1971 1437 2081 1458 aversa
2099 1431 2130 1457 et
2144 1427 2160 1456 ‘2
2174 1436 2266 1466 seqq.

493 1471 643 1500 continent
667 1469 815 1500 Cochlaei
836 1471 998 1509 epistolam
1019 1476 1179 1511 nuncupat.
1200 1471 1237 1501 ad
1263 1471 1386 1502 Petrum
1417 1471 1607 1512 Episcopum
1634 1470 1870 1501 Cracoviensem
1898 1481 1936 1502 ex
1964 1470 2087 1501 Dresda
2112 1471 2166 1500 VI.
2191 1469 2267 1500 ldus

492 1514 572 1552 Aug.
596 1516 686 1543 1534.
711 1514 822 1551 datam,
842 1517 858 1544 7
879 1524 969 1554 pagg.
989 1516 1140 1555 subseqq.
1160 1515 1305 1555 exhibent
1323 1516 1511 1554 Argumenta
1530 1514 1767 1554 Philippicarum
1791 1515 1915 1550 1-1v.‚
1938 1518 2010 1554 post
2034 1515 2111 1545 haec
2130 1514 2160 1543 in
2184 1513 2266 1543 sexti

493 1556 555 1585 folii
576 1566 643 1596 pag.
668 1567 777 1587 aversa
803 1559 977 1597 proponitur
1002 1556 1170 1588 Confessio
1196 1558 1258 1588 ioh.
1290 1557 1436 1594 Cochlei3
1464 1558 1517 1590 fol.
1537 1559 1567 1589 A
1594 1561 1625 1588 1⁸
1646 1577 1688 1582 —-
1712 1557 1740 1588 D
1764 1559 1795 1588 1b
1818 1558 1899 1588 med.
1934 1557 2062 1598 legitur:
2092 1556 2268 1596 Philippica

492 1601 587 1639 prima
611 1599 674 1631 ioh.
695 1599 824 1631 Cochlei
848 1602 877 1631 in
896 1601 1077 1641 Apologiam
1097 1601 1176 1632 Phil.
1197 1601 1460 1638 Melanchthonis‚
1484 1602 1522 1632 de
1540 1602 1636 1641 primo
1655 1605 1686 1632 et
1708 1603 1798 1632 tertio
1811 1600 1959 1632 Articulis
1977 1600 2174 1632 Lutherauae
2187 1599 2266 1630 Con·

493 1643 638 1673 fessionis
667 1644 830 1684 Augustae
860 1645 1026 1683 admissis3
1056 1645 1109 1675 fol.
1140 1645 1168 1675 D
1193 1647 1222 1676 1¹>
1245 1645 1325 1677 med.
1347 1664 1387 1669 —
1407 1645 1435 1676 G
1460 1648 1492 1676 4·
1520 1644 1693 1685 Philippica
1723 1646 1761 1675 11.
1788 1645 1851 1677 lob.
1881 1643 1989 1674 Cochl.
2017 1645 2046 1674 in
2072 1643 2165 1684 Apol.
2184 1641 2264 1673 Phil.

492 1686 578 1721 Mei„
597 1687 636 1717 de
659 1688 796 1718 secundo
816 1686 905 1719 Cous.
929 1688 1113 1719 Luthericae
1137 1689 1274 1722 articulo.
1299 1687 1330 1719 ln
1351 1699 1412 1728 quo
1431 1689 1593 1729 Augustae
1617 1693 1718 1718 actum
1742 1688 1798 1718 fuit
1821 1687 1860 1717 de
1879 1686 2014 1718 Peccato
2033 1686 2190 1727 originali;
2214 1684 2266 1717 iol.

493 1729 519 1758 G
542 1731 574 1759 ‘ti'
598 1749 638 1753 —
662 1730 690 1760 Ο
716 1732 748 1761 3¹³
772 1731 942 1772 Philippica
962 1733 1017 1762 111.
1038 1732 1101 1762 loh.
1122 1732 1233 1764 Cochl.
1258 1734 1287 1763 in
1306 1732 1397 1773 Apol.
1417 1732 1497 1763 Phil.
1518 1731 1609 1767 Mel.,
1630 1731 1678 1762 De
1702 1736 1820 1771 quarto,
1840 1732 1945 1771 quinto
1964 1735 1995 1761 et
2013 1735 2104 1761 sexto
2127 1728 2266 1760 articulis

497 1772 684 1803 Lutherauae
705 1773 804 1810 Cous„
825 1775 875 1805 uhi
896 1776 1084 1815 disceptatur
1103 1776 1141 1806 de
1160 1775 1229 1806 sola
1248 1776 1317 1810 fide,
1341 1786 1430 1816 quam
1462 1775 1616 1806 Lutherus
1643 1776 1773 1811 asserit;
1798 1773 1849 1805 fol.
1870 1774 1898 1804 Ο
1920 1777 1952 1803 4·
1976 1791 2016 1797 -
2036 1773 2067 1804 X
2087 1775 2120 1804 3b
2150 1771 2265 1812 Philip-

493 1817 560 1855 pica
581 1817 629 1846 lv.
651 1815 692 1847 lo.
712 1815 832 1853 Cocbl„
852 1818 899 1848 De
929 1820 1062 1859 septimo
1083 1824 1114 1850 et
1143 1824 1249 1850 octavo
1274 1818 1363 1849 Conf.
1389 1819 1479 1850 Luth.
1506 1818 1659 1853 articulis,
1685 1819 1736 1849 ubi
1757 1819 1854 1858 agitur
1877 1817 1916 1847 de
1941 1816 2103 1851 Ecclesia,
2128 1815 2181 1846 ult.
2211 1815 2263 1846 fol.

493 1859 520 1888 X
546 1863 563 1888 4
584 1865 679 1890 vacat.
717 1859 747 1891 ln
771 1863 905 1901 margine
924 1863 1090 1902 permultae
1110 1867 1223 1893 annott.
1242 1863 1382 1893 adiectae
1405 1866 1490 1902 sunt)
1502 1864 1562 1901 ut).

399 1925 430 1957 ln
450 1926 640 1967 Philippicae
661 1931 681 1960 1.
707 1933 790 1969 parte
810 1934 943 1961 extrema
962 1941 1004 1961 nr.
1026 1933 1074 1962 26.
1094 1936 1124 1961 et
1144 1933 1194 1963 ⁴37.
1213 1931 1279 1971 (fol.
1300 1931 1327 1962 C
1351 1935 1384 1963 3⁸
1407 1933 1485 1962 med.
1499 1951 1539 1954 -
1553 1930 1582 1961 D
1609 1932 1639 1961 1⁶
1662 1930 1759 1968 med.)
1779 1929 2002 1960 Uochiaeus
2027 1928 2151 1959 exhibet
2170 1927 2262 1958 istius

239 1971 363 2011 primae
384 1970 617 2008 confutationis
645 1973 821 2012 particulam
846 1975 875 2004 in
903 1976 1030 2014 primum
1060 1979 1090 2005 et
1116 1976 1235 2005 tertium
1262 1975 1480 2006 Confessionis
1509 1976 1710 2014 Augustanae
1732 1973 1878 2003 articulos
1902 1974 2062 2014 scriptam,
2092 1972 2140 2002 cui
2160 1970 2211 2002 sol.
2235 1969 2262 2001 C

245 2015 278 2044 2¹·
302 2018 375 2043 extr.
396 2031 436 2036 —
458 2018 488 2044 3¹
512 2014 589 2044 med.
609 2015 722 2045 haecce
743 2015 962 2057 prolegomena
988 2019 1158 2058 praemisit:
1186 2018 1293 2049 „Nune
1319 2029 1355 2049 ea
1377 2023 1490 2049 tantum
1510 2019 1695 2057 subiungere
1718 2016 1803 2051 libet,
1824 2027 1903 2056 quae
1927 2027 1984 2057 ego
2002 2017 2164 2056 Augustae
2187 2025 2263 2055 quo-

243 2056 370 2087 rundam
394 2057 538 2096 petitione
562 2067 599 2087 ex
618 2061 766 2089 communi
793 2059 1017 2101 Theolngoiam
1047 2063 1265 2102 responsione,
1298 2072 1387 2102 quam
1412 2062 1454 2093 Μ.
1481 2061 1516 2093 Τ.
1543 2061 1736 2102 [Maiestatis
1755 2059 1854 2099 Tuae]
1886 2061 1975 2090 iussu
2009 2060 2038 2089 in
2068 2059 2262 2089 huthericam

244 2098 482 2130 Confessionem
506 2101 692 2136 adornarunt,
712 2103 748 2132 ad
770 2102 811 2133 M.
832 2102 866 2133 Τ.
888 2104 998 2134 referre
1018 2104 1167 2141 volebam,
1187 2107 1214 2135 si
1239 2116 1296 2135 non
1317 2107 1491 2136 obstitisset
1514 2105 1700 2145 quorundam
1721 2103 1898 2138 consilium,
1919 2105 1970 2144 qui
1990 2103 2163 2133 iudicabant
2181 2103 2262 2132 eius-

245 2143 326 2173 modi
350 2144 580 2183 responsionem
606 2144 669 2175 fore
688 2147 776 2175 nimis
800 2150 831 2176 et
852 2157 950 2177 acrem
971 2153 1001 2178 et
1022 2148 1177 2188 prolixam.
1224 2149 1403 2180 Metuebant
1427 2149 1518 2184 enim,
1538 2159 1576 2178 ne
1597 2147 1674 2178 forte
1697 2147 1840 2187 prolixior
1859 2146 1951 2180 foret.
1971 2155 2061 2187 quam
2084 2149 2118 2176 nt
2140 2146 2261 2184 absque

246 2186 371 2217 fastidio
395 2186 509 2227 perlegi
529 2191 591 2217 tota
615 2199 673 2218 uno
697 2189 725 2218 in
746 2200 896 2220 consessu
917 2191 1038 2231 publico
1061 2193 1172 2232 possit.
1195 2193 1417 2223 submonebant
1436 2193 1519 2227 item,
1544 2191 1587 2222 M.
1611 2190 1647 2221 T.
1674 2190 1771 2226 nolle,
1791 2194 1822 2221 ut
1849 2190 1993 2221 abstudis
2018 2189 2260 2219 concionatorum

399 2335 485 2364 ..iiiito
503 2335 547 2360 tibi
567 2335 674 2361 indic-om
694 2337 855 2367 scriptorum.
875 2344 940 2368 quae
959 2342 1018 2364 sunt
1036 2340 1146 2365 exhibita
1167 2340 1271 2366 caesari
1290 2347 1304 2366 a
1324 2340 1420 2367 nostris
1438 2337 1604 2366 adversariis.
1623 2338 1666 2364 ubi
1683 2337 1792 2367 videbis,
1818 2337 1945 2364 acciet-to
1970 2336 2077 2362 constiio
2103 2329 2261 2366 α’νῐυὶογίας

400 2372 426 2394 et
443 2370 491 2395 aila
510 2370 572 2396 addi
590 2370 764 2399 confutationi.
783 2375 811 2397 ut
831 2372 928 2397 irritent
947 2374 1019 2399 nonis
1038 2376 1276 2401 mansuetissimum
1296 2376 1415 2402 cresum
1433 2377 1530 2407 peetus.
1566 2373 1609 2398 iiis
1634 2373 1732 2399 artibus
1756 2374 1872 2403 pugnant
1894 2371 2075 2402 sycophantae.
2110 2371 2136 2395 Si
2163 2370 2261 2396 tentia·

399 2408 451 2433 κει,
471 2408 498 2429 ut
517 2405 724 2435 respondendum
746 2407 792 2435 sit.
812 2412 861 2436 egr·
881 2402 995 2437 protecto
1014 2410 1200 2435 remunerabor
1217 2411 1280 2436 istos
1298 2411 1413 2436 nefarios
1432 2411 1500 2436 viros
1519 2408 1699 2437 summanum.u
1736 2407 1798 2433 item
1825 2407 1897 2433 iocus
1915 2406 2041 2437 epistotae
2064 2412 2080 2432 ι
2104 2405 2205 2431 Brenno
2227 2404 2261 2430 nd

401 2439 581 2465 heumannum
601 2440 625 2466 d.
644 2442 666 2464 ⁴.
688 2442 750 2469 Λιικ.
770 2442 879 2471 scriptae
900 2443 938 2471 (tn
958 2443 1033 2467 huius
1053 2445 1124 2473 (orn.
1145 2446 1195 2470 Υυι.
1216 2445 1246 2471 Π,
1265 2452 1288 2477 p.
1308 2445 1395 2475 amq:
1422 2445 1549 2476 „Spiritus
1569 2442 1702 2473 vertiginis
1726 2442 1841 2474 papulus
1865 2443 1934 2467 totus
1958 2441 2067 2466 obsidet.
2102 2440 2179 2466 ituit·
2203 2444 2263 2465 eon·

400 2478 536 2503 gesseram
555 2478 580 2500 et
599 2480 670 2501 nure
690 2475 822 2507 αιρίσιων
841 2476 1043 2503 mmor-narum
1063 2480 1276 2509 conscripserant.
1313 2480 1363 2505 scd
1383 2480 1448 2506 haec
1465 2479 1551 2505 omnin
1569 2483 1616 2508 ver
1634 2483 1696 2503 sues
1714 2477 1810 2503 reiecta
1829 2479 1856 2502 et
1874 2475 1961 2502 deleta
1980 2476 2068 2502 suat-‘⁸

349 2515 377 2546 ⁶)
397 2515 464 2540 iicet
483 2517 618 2542 retent-ndi
637 2519 701 2543 ratio
719 2520 797 2543 etiem
817 2519 849 2543 nb
870 2519 992 2549 Episcopo
1012 2522 1218 2550 argentoratensi
1237 2524 1379 2553 improbata
1398 2526 1448 2551 eat.
1467 2523 1491 2548 id
1511 2521 1578 2553 quoti
1597 2527 1628 2546 ex
1648 2520 1816 2546 munitionis
1835 2519 1944 2551 epistol·
1964 2519 1996 2545 nd
2007 2520 2090 2545 vitum
2101 2517 2261 2544 modorum

401 2550 425 2574 (1-
447 2550 488 2577 30.
509 2552 562 2576 iniit
586 2553 648 2575 1530
678 2554 736 2577 dato
758 2555 796 2583 (in
815 2553 890 2578 huius
915 2555 988 2584 Corn.
1015 2556 1066 2580 Vni.
1088 2556 1118 2579 ti.
1139 2563 1161 2587 p.
1181 2559 1255 2587 Ἧι.)
1278 2559 1375 2584 elucet:
1398 2555 1468 2588 „Tin
1491 2552 1654 2589 immuta
1679 2552 1827 2579 (nunone-
1853 2554 1923 2580 niunt
1948 2555 2025 2580 etiam
2052 2554 2077 2579 in
2101 2559 2132 2579 eo
2154 2551 2260 2578 consitio

401 2585 512 2614 dixis-e,
530 2587 577 2611 sini
597 2588 676 2612 virtu-ri
696 2593 745 2612 non
766 2588 925 2617 promturnm
947 2589 978 2613 nd
999 2595 1087 2620 pacem
1108 2594 1133 2616 et
1152 2593 1313 2617 concordiam
1336 2593 1406 2618 iiiam
1426 2592 1544 2618 odiosum
1564 2590 1834 2617 commemorationem
1853 2590 1986 2619 omnium,
2003 2594 2070 2621 quae
2093 2590 2154 2614 ante
2177 2592 2259 2613 anno·

401 2619 490 2645 decem
512 2622 550 2645 vti
572 2623 663 2651 scripta
683 2625 742 2647 snat
762 2623 802 2648 rei
821 2624 992 2648 arciacmnt.··

339 2660 381 2690 “i
401 2663 443 2687 iiic
463 2663 527 2688 iiber
546 2669 666 2694 oomnis
686 2667 711 2689 in
731 2671 788 2691 me·
811 2666 964 2691 Bibliotheca
983 2670 1029 2692 eut.
