2366 2958
125 159 191 192 605

125 254 269 296 primunt
295 258 327 284 et
357 252 579 295 cognitionem
609 253 771 283 donorum
800 258 832 283 et
853 257 1104 293 praeceptorum

128 296 203 328 Dei.
250 294 332 327 Vult
353 296 438 327 enim
461 295 553 326 Deus
576 305 639 326 nos
664 296 716 336 pie
738 294 784 326 vti
809 295 905 325 donis
927 295 1007 325 suis.
1053 293 1105 324 Ac

126 348 190 370 nos
220 337 373 380 exempla
401 347 661 369 commemorare
689 346 883 378 possemus,
916 337 971 368 vbi
1006 334 1105 367 valde

126 381 341 422 perturbatae
363 386 440 412 sunt
463 380 536 420 piae
565 380 728 421 quaedam
757 380 1000 415 conscientiae,
1030 388 1105 419 pro-

126 430 201 464 pter
222 422 401 465 legitimum
425 432 519 453 vsum
543 423 700 464 coniugij.
745 423 781 453 ld
809 421 930 453 malum
954 427 1025 452 erat
1048 431 1105 451 na-

127 472 194 498 tum
216 476 257 497 ex
280 465 488 507 opinionibus
511 465 752 496 monachorum
775 464 1014 506 supersticiose
1036 462 1105 494 lau·

128 509 272 540 dantium
306 507 516 540 coelibatum.
567 508 683 549 Neque
716 514 823 538 tamen
857 506 1104 547 temperantiam

127 557 183 582 aut
206 551 444 582 continenciam
473 551 715 591 vituperamus,
744 551 804 582 sed
832 559 934 591 supra
963 549 1103 579 diximus

127 593 285 625 exercitia
307 600 339 625 et
357 595 595 635 castigationes
615 593 765 634 corporis
783 593 995 623 necessarias
1015 601 1102 622 esse.

126 636 294 668 Fiduciam
316 646 396 667 vero
419 637 570 668 iusticiae
593 635 795 666 detrahimus
822 635 923 665 certis
947 635 1104 665 obserua-

127 678 281 710 tionibus.
328 678 367 709 Et
391 678 562 720 eleganter
586 679 664 710 dixit
693 677 915 718 Epiphanius,
944 677 1103 708 obserua-

126 722 234 753 tiones
257 719 332 752 illas
355 720 540 753 laudandas
570 730 663 758 esse,
695 719 745 750 διὰ
774 719 823 757 τὴν
850 720 1023 761 ἐγκράτειαν
1053 722 1103 750 καὶ

127 763 180 796 διὰ
203 763 256 802 τήν
278 766 445 803 πολιτείαν,
468 764 533 795 1ιοο
555 770 617 798 est,
640 763 681 794 ad
702 762 945 794 cohercendum
968 773 1103 803 corpus,

126 812 183 839 aut
217 812 354 847 propter
384 805 536 848 publicos
573 815 701 842 mores,
733 806 821 837 sicut
855 811 932 837 sunt
964 805 1102 837 instituti

126 850 258 891 quidam
280 850 375 882 ritus,
399 849 441 880 ad
465 847 810 880 commonefaciendus
833 848 1013 890 imperito&
1035 858 1102 879 non

126 892 215 934 quod
239 892 304 922 sint
327 890 435 923 cultus
456 891 684 922 iustificantes.
700 893 744 925 ⁶3)

212 942 279 974 Sed
312 942 493 982 aduersarij
524 943 628 973 nostri
666 952 732 973 non
762 942 931 984 requirunt
959 940 1103 973 coeliba-

126 992 194 1017 tum
217 995 278 1026 per
305 985 591 1026 supersticionem.
637 985 753 1016 Sciunt
786 986 871 1016 enim
901 995 966 1016 non
991 983 1103 1015 solere

124 1027 287 1069 praestari
321 1028 514 1059 castitatem.
567 1027 689 1059 Verum
718 1034 915 1067 praetexunt
943 1028 1103 1070 supersti-

126 1070 236 1102 ciosas
260 1070 450 1110 opiniones,
474 1077 510 1101 vt
531 1071 690 1111 imperitis
715 1071 825 1102 sucum
854 1069 988 1102 saciant.
1033 1070 1103 1101 Ma·

125 1114 177 1155 gis
205 1114 305 1153 igitur
331 1113 406 1143 odio
436 1113 526 1154 digni
555 1119 649 1151 sunt,
679 1123 775 1155 quam
807 1114 1014 1151 Encrafflae,
1048 1114 1102 1154 qui

125 1156 268 1198 quadam
291 1156 402 1196 specie
426 1155 596 1198 religionis
619 1155 703 1197 lapsi
728 1157 891 1194 videntur,
910 1155 955 1187 illi
980 1157 1102 1188 Sarda-

125 1196 235 1239 napali
259 1197 413 1230 consulto
436 1200 614 1230 abutuntur
636 1205 808 1240 praetextu
830 1198 1009 1242 religionis.

213 1249 329 1281 Sexto.
377 1249 458 1280 Cum
483 1250 666 1281 habeamus
689 1255 735 1281 tot
766 1260 887 1281 causas
915 1251 1102 1291 improban-

125 1292 188 1323 dae
211 1290 296 1332 legis
320 1292 361 1323 de
385 1298 544 1333 perpetuo
569 1291 743 1330 coelibatu,
763 1298 870 1323 tamen
890 1300 1021 1333 praeter
1039 1292 1102 1324 has

123 1335 288 1366 accedunt
310 1335 406 1365 etiam
430 1333 576 1375 pericula
599 1336 790 1373 animarum,
810 1342 842 1366 et
862 1334 995 1376 publica
1007 1346 1102 1367 scan-

124 1375 219 1411 dala,
247 1386 333 1417 quae
363 1378 489 1408 etiamsi
518 1377 573 1408 lex
608 1387 674 1408 non
705 1384 797 1409 esset
823 1378 959 1416 iniusta,
993 1384 1100 1409 tamen

123 1419 315 1450 absterrere
338 1420 446 1451 bonos
469 1420 561 1451 viros
588 1420 726 1458 debent,
754 1430 797 1451 ne
824 1421 1008 1461 approbent
1036 1419 1101 1451 tale

125 1471 227 1500 onus,
261 1462 350 1503 quod
382 1463 640 1494 innumerabiles
671 1464 798 1494 animas
832 1463 983 1503 perdidit.
1036 1463 1101 1495 Diu

124 1513 239 1536 omnes
263 1505 341 1536 boni
365 1506 425 1536 viri
449 1506 490 1536 de
511 1505 578 1536 hoc
606 1515 707 1537 onere
735 1507 843 1547 questi
858 1508 901 1544 ⁶⁴)
924 1511 1018 1544 sunt,
1045 1504 1100 1537 vel

124 1557 203 1586 sua,
226 1546 281 1578 vel
303 1546 441 1579 aliorum
465 1557 585 1586 causa,
615 1558 700 1589 quos
723 1547 902 1589 periclitari
932 1549 1100 1587 videbant,

123 1590 184 1621 sed
206 1589 270 1620 has
292 1589 446 1631 querelas
474 1589 556 1622 nulli
587 1590 767 1622 Pontifices
795 1592 939 1622 audiunt.
984 1592 1101 1633 Neque

123 1633 302 1664 obscurum
333 1639 404 1671 est,
433 1639 589 1674 quantum
617 1632 702 1665 haec
729 1632 784 1664 lex
809 1640 930 1666 noceat
957 1633 1100 1675 publicis

123 1675 284 1712 moribus,
308 1685 393 1716 quae
415 1676 512 1713 vicia,
535 1685 633 1717 quam
652 1675 845 1718 flagiciosus
870 1676 1022 1708 libidines
1044 1688 1100 1718 pe-

122 1718 255 1759 pererit.
288 1717 412 1749 Extant
436 1718 605 1749 Romanae
625 1719 779 1761 Satyrae,
801 1719 836 1751 ln
855 1719 905 1750 his
925 1720 1100 1751 etiamnum

123 1760 277 1802 agnoscit
299 1770 411 1792 mores
434 1760 557 1799 Roma,
579 1760 725 1803 legitque
747 1772 840 1794 suos.
885 1762 942 1793 Sic
968 1761 1100 1794 vlcisci-

122 1809 176 1835 tur
197 1803 291 1834 Deus
315 1810 537 1845 contemptum
560 1805 612 1836 sui
635 1805 724 1842 (loni,
747 1815 894 1847 suaeque
922 1805 1100 1836 ordinatio-

122 1847 186 1884 nis,
208 1847 241 1876 in
264 1847 336 1877 istis
360 1847 414 1888 qui
439 1847 627 1888 coniugium
651 1847 838 1888 prohibent.
884 1847 966 1879 Cum
989 1854 1099 1879 autem

121 1887 188 1920 hoc
209 1888 280 1919 fieri
303 1890 336 1920 in
358 1889 435 1931 alijs
458 1887 588 1931 legibus
613 1891 842 1928 consueuerit,
865 1897 900 1922 vt
923 1897 1100 1928 mutentur,

122 1931 151 1962 si
171 1931 205 1962 id
228 1931 364 1962 euidens
387 1929 511 1963 vtilitas
534 1933 692 1969 suaserit,
722 1943 781 1964 cur
809 1933 894 1964 idem
918 1943 983 1964 non
1007 1933 1044 1965 fit
1066 1934 1098 1964 in

123 1974 187 2005 hac
220 1973 311 2015 lege,
346 1975 378 2005 in
406 1985 471 2016 qua
499 1980 548 2006 tot
575 1986 698 2017 graues
728 1986 851 2007 causae
884 1983 1099 2013 concurrunt,

122 2018 317 2058 praesertim
352 2016 403 2047 his
436 2019 613 2057 postremis
641 2019 865 2060 temporibus,
895 2030 954 2050 cur
983 2020 1099 2051 mutari

123 2058 265 2090 debeat?
308 2059 434 2090 Natura
457 2061 621 2098 senescit,
651 2067 684 2092 et
702 2062 738 2092 fit
764 2060 921 2102 paulatim
949 2061 1100 2101 debilior,

121 2108 156 2134 et
177 2108 333 2133 crescunt
356 2103 452 2140 vicia,
471 2113 537 2144 quo
561 2104 667 2144 magis
689 2105 833 2136 remedia
856 2105 1011 2136 diuinitus
1034 2111 1098 2136 tra-

123 2145 190 2176 dita
212 2144 399 2176 adhibenda
422 2152 525 2177 erant.
571 2145 728 2178 Videmus
747 2148 836 2189 quod
861 2148 978 2180 vicium
1002 2158 1099 2180 accu-

122 2193 174 2218 set
197 2187 291 2219 Deus
320 2194 396 2219 ante
425 2187 598 2226 diluuium,
631 2190 720 2230 quod
752 2197 890 2223 accuset
917 2198 993 2222 ante
1021 2201 1099 2222 con·

121 2230 353 2272 flagrationem
382 2232 525 2273 quinque
556 2232 693 2263 vrbium.
738 2231 863 2264 Similia
890 2234 975 2265 vicia
1003 2243 1098 2275 prae-

123 2280 298 2305 cesserunt
321 2274 448 2305 excidia
472 2273 608 2305 aliarum
629 2275 756 2306 vrbium
779 2275 965 2317 multarum,
979 2286 1011 2308 'rt
1036 2278 1098 2319 Sy-

122 2316 226 2354 baris,
250 2315 386 2348 Rornae.
432 2316 473 2348 Et
502 2317 533 2347 in
557 2318 610 2348 his
634 2318 743 2359 imago
772 2324 955 2360 temporum
977 2330 1098 2362 propo·

123 2358 187 2390 sita
210 2365 282 2398 est,
310 2369 397 2401 quae
419 2360 569 2400 proxima
593 2367 687 2391 erunt
716 2371 825 2392 rerum
848 2361 912 2394 fini.
960 2363 1037 2395 ldeo
1066 2364 1098 2394 in

122 2402 235 2443 primis
265 2402 409 2442 oportuit
437 2402 503 2434 hoc
538 2409 685 2444 tempore
713 2405 934 2436 seuerissimis
968 2405 1098 2447 legibus

122 2450 222 2486 atque
244 2443 402 2486 exemplis
426 2446 552 2477 munire
574 2447 772 2488 coniugium,
792 2453 824 2478 et
846 2447 888 2478 ad
912 2449 1098 2491 coniugium

123 2605 170 2637 ⁶4)
191 2605 287 2638 questi]
305 2606 387 2631 Editt.
407 2607 431 2630 3.
452 2609 476 2631 4.
495 2607 570 2632 male:
591 2610 690 2640 quaesti

476 159 515 191 11.
560 157 791 190 APOLOG1A
813 157 1132 191 CONFESSIONIS
1154 156 1471 191 AUGUSTANAE.
1517 159 1556 191 Β.
1601 158 1792 191 ALTERA.

2070 162 2135 193 606

1155 251 1295 283 inuitare
1317 251 1485 291 homines,
1507 253 1543 284 ld
1573 253 1615 284 ad
1645 254 1860 294 magistratus
1889 254 2048 294 pertinet,
2079 256 2134 297 qui

1156 294 1275 324 debent
1298 293 1465 335 publicam
1489 293 1694 337 disciplinam
1721 296 1814 326 tueri.
1859 296 1989 328 lnterim
2020 298 2134 330 docto-

1129 336 1132 356 1
1155 346 1212 367 res
1235 335 1408 379 Euangelij
1434 346 1599 380 vtrunque
1621 336 1754 376 faciant,
1779 338 1953 371 hortentur
1983 340 2026 371 ad
2056 351 2134 372 con-

1129 360 1132 398 Ι
1155 378 1275 420 iugium
1298 380 1554 419 incontinentes,
1575 379 1747 412 hortentur
1769 379 1854 413 alios
1867 388 1902 413 vt
1921 383 2042 413 donum
2056 393 2134 414 con-

1157 422 1320 453 tinenciae
1345 432 1410 453 non
1434 430 1665 464 aspernentur.
1696 423 1875 455 Pontifices
1899 425 2046 465 quotidie
2069 426 2134 456 dis—

1156 469 1313 504 pensant,
1344 465 1489 505 quotidie
1525 472 1649 497 mutant
1679 465 1763 497 alias
1791 464 1885 508 leges
1915 468 2072 508 optimas,
2102 469 2134 498 in

1155 506 1220 537 hac
1242 516 1307 537 vna
1330 505 1406 548 lege
1430 508 1628 546 coelibatus,
1646 506 1743 540 ferrei
1763 516 1792 539 et
1808 509 2029 542 inexorabiles
2045 517 2133 548 sunt,

1156 559 1231 581 cum
1254 549 1386 590 quidem
1411 557 1540 582 constet
1571 561 1642 581 eam
1673 550 1865 592 simpliciter
1888 552 2021 584 humani
2052 553 2134 584 luris

1156 601 1243 629 esse,
1256 590 1297 622 Et
1321 590 1407 622 hanc
1429 593 1534 634 ipsam
1558 592 1664 635 legem
1690 605 1777 625 nunc
1801 596 2003 626 exacerbant
2021 594 2134 626 multis

1155 635 1272 665 modis.
1319 633 1434 665 Canon
1468 636 1557 667 iubet
1594 637 1800 677 suspendere
1834 638 2047 675 sacerdotes,
2081 638 2134 669 isti

1154 687 1268 718 parum
1293 677 1456 708 commodi
1481 678 1689 719 interpretes,
1708 681 1915 720 suspendunt
1933 691 1998 712 non
2023 681 2064 711 ab
2087 680 2134 711 of·

1155 720 1244 757 ficio,
1266 721 1327 751 sed
1350 721 1392 750 ab
1417 722 1605 752 arboribus.
1651 720 1776 753 Multos
1801 723 1909 754 bonos
1938 724 2029 754 viros
2060 733 2133 753 eru-

1155 761 1271 793 deliter
1301 763 1473 802 occidunt,
1508 769 1632 794 tantum
1667 770 1800 805 propter
1830 766 2029 807 coniugium.
2075 766 2133 796 At-

1155 815 1218 846 que
1250 805 1335 837 haec
1374 806 1447 847 ipsa
1481 807 1656 846 parricidia
1692 808 1869 839 ostendunt
1903 809 1990 840 hanc
2025 808 2132 850 legem

1155 846 1338 879 doctrinam
1360 858 1438 879 esse
1459 847 1728 880 Daemoniorum.
1763 849 1846 880 Nam
1870 850 2034 889 diabolus,
2060 861 2132 882 cum

1154 891 1197 921 sit
1219 889 1401 928 homicida,
1424 890 1533 932 legem
1557 902 1651 922 suam
1680 891 1825 923 defendit
1853 892 1905 923 his
1934 893 2131 935 parricidijS.

1155 933 1287 965 Scimus
1311 932 1432 975 aliquid
1456 934 1648 966 offensionis
1669 944 1746 966 esse
1769 936 1801 965 in
1826 935 2025 974 Schismate,
2044 936 2132 977 quod

1154 976 1301 1007 videmur
1324 975 1445 1008 diuulsi
1469 978 1510 1008 ab
1532 977 1584 1008 his
1609 978 1663 1018 qui
1688 978 1916 1008 existimantur
1939 989 2015 1009 esse
2047 979 2133 1010 ordi-

1154 1018 1236 1060 narij
1260 1019 1430 1060 Episcopi,
1454 1018 1520 1051 Sed
1545 1026 1681 1051 nostrae
1701 1020 1926 1052 conscientiae
1948 1022 2132 1052 tutissimae

1155 1068 1241 1096 sunt,
1265 1068 1439 1103 postquam
1458 1063 1583 1094 scimus
1606 1073 1667 1093 nos
1697 1073 1824 1094 summo
1853 1064 1963 1095 studio
1995 1074 2133 1095 concor·

1127 1101 1131 1122 ¹
1155 1104 1241 1135 diam
1263 1106 1465 1136 constituere
1489 1106 1673 1146 cupientes,
1696 1116 1762 1136 non
1786 1116 1888 1147 posse
1911 1105 2046 1147 placare
2076 1107 2133 1138 ad-

1126 1127 1131 1189 Ι
1155 1148 1342 1183 uersarios‚
1371 1148 1435 1178 nisi
1469 1148 1675 1180 manifestam
1710 1149 1880 1180 veritatem
1910 1150 2133 1190 proijciamuS‚

1156 1190 1274 1221 deinde
1296 1191 1359 1220 nisi
1385 1202 1458 1222 cum
1489 1192 1569 1232 ipsis
1600 1192 1846 1232 conspiremus,
1876 1193 1964 1233 quod
1993 1190 2132 1223 velimus

1155 1232 1243 1264 hanc
1275 1233 1428 1264 iniustam
1458 1232 1566 1276 legem
1596 1234 1792 1272 defendere,
1825 1241 1996 1266 contracta
2024 1235 2133 1266 matri-

1123 1282 1132 1769 Ι
1154 1276 1263 1307 monia
1287 1275 1491 1314 ‹lissoluere,
1515 1277 1700 1308 interficere
1723 1277 1933 1315 sacerdotes,
1957 1277 2042 1318 siqui
2065 1287 2132 1308 non

1156 1319 1394 1359 obtemperent,
1415 1320 1447 1350 in
1471 1318 1600 1351 exilium
1625 1330 1726 1362 agere
1748 1320 1888 1351 miseras
1912 1319 2065 1351 mulieres
2084 1326 2132 1350 at-

1155 1370 1219 1403 que
1249 1362 1353 1392 orbos
1386 1372 1520 1403 pueros.
1574 1361 1655 1394 Cum
1689 1369 1799 1394 autem
1834 1368 1960 1394 certum
1994 1363 2037 1394 sit
2070 1362 2132 1394 has

1154 1404 1362 1435 conditiones
1397 1404 1471 1436 Deo
1506 1404 1702 1446 displicere,
1742 1404 1823 1436 nibil
1864 1404 2036 1437 doleamus
2069 1415 2132 1436 nos

1153 1457 1219 1477 non
1253 1445 1376 1478 habere
1409 1452 1582 1487 συμμαχίαν
1617 1453 1664 1479 tot
1688 1448 1939 1490 parricidiorum
1972 1458 2045 1480 cum
2075 1448 2132 1479 ad-

1152 1489 1321 1530 uersarijs.

1239 1531 1460 1572 Exposuimus
1484 1542 1618 1570 causaS,
1638 1542 1740 1574 quare
1763 1543 1829 1564 non
1854 1533 2019 1574 possimus
2043 1534 2131 1565 bona

1154 1575 1360 1605 conscientia
1383 1576 1537 1606 assentiri
1561 1575 1777 1616 aduersarijs,
1801 1575 1910 1618 legem
1928 1575 2131 1607 Pontificiam

1153 1617 1194 1647 de
1218 1623 1377 1657 perpetuo
1403 1617 1570 1649 coelibatu
1597 1617 1868 1656 defendentibus,
1903 1619 1979 1660 quia
2008 1624 2132 1660 pugnet

1154 1669 1228 1691 cum
1250 1660 1324 1691 Iure
1347 1660 1470 1699 diuino,
1493 1667 1526 1692 et
1548 1659 1702 1698 naturali,
1725 1671 1765 1692 ac
1791 1661 1969 1692 dissenciat
1988 1662 2029 1691 ab
2049 1661 2131 1702 ipsis

1153 1701 1362 1741 Canonibus,
1385 1709 1418 1734 et
1446 1704 1489 1734 sit
1508 1704 1766 1745 supersticiosa,
1795 1711 1827 1735 et
1856 1702 1954 1744 plena
1982 1703 2130 1744 periculi.

1154 1744 1327 1776 Postremo
1362 1746 1439 1787 quia
1468 1752 1535 1777 tota
1570 1756 1623 1777 res
1655 1747 1698 1776 sit
1728 1745 1892 1778 simulata.
1939 1746 2014 1777 Non
2046 1747 2130 1778 enim

1153 1787 1332 1828 imperatur
1358 1786 1412 1819 lex
1447 1788 1619 1830 religionis
1655 1799 1771 1823 causa,
1806 1790 1867 1820 sed
1900 1789 2130 1821 dominationis

1153 1840 1271 1868 causa,
1306 1837 1338 1861 et
1372 1831 1448 1862 huic
1475 1832 1572 1872 impie
1606 1832 1810 1872 praetexitur
1843 1831 1970 1873 religio.
2016 1832 2130 1873 Neque

1153 1873 1330 1915 quidquam
1353 1883 1373 1904 a
1397 1874 1489 1905 sanis
1513 1874 1719 1912 hominibus,
1746 1880 1863 1905 contra
1891 1874 1952 1905 has
1982 1874 2129 1905 firmissi-

1152 1926 1225 1946 mas
1248 1916 1394 1947 rationes
1423 1916 1532 1947 afferri
1564 1923 1685 1958 potest.
1729 1915 1945 1958 Euangelium
1974 1918 2130 1959 permittit

1153 1960 1339 2000 coniugium
1358 1959 1428 1996 his,
1452 1960 1578 2001 quibus,
1594 1969 1679 2001 opus
1703 1967 1764 1990 est.
1797 1960 1913 2001 Neque
1934 1967 2041 1991 tamen
2065 1959 2129 1992 hos

1153 2002 1243 2044 cogit
1273 2002 1314 2032 ad
1345 2003 1549 2044 coniugium,
1584 2004 1638 2044 qui
1674 2003 1842 2033 continere
1871 2001 2003 2041 volunt,
2032 2003 2130 2034 modo

1152 2050 1187 2075 vt
1210 2054 1289 2076 vere
1312 2046 1511 2076 contineant.
1556 2045 1651 2077 Hanc
1681 2043 1866 2076 libertatem
1891 2052 1922 2076 et
1950 2046 2129 2077 sacerdoti-

1154 2088 1216 2119 bus
1239 2088 1486 2119 concedendam
1510 2098 1586 2119 esse
1602 2088 1774 2126 sentimus,
1787 2098 1849 2121 nec
1862 2087 2015 2119 volumus
2027 2099 2128 2130 quen-

1155 2140 1251 2171 quam
1275 2130 1307 2161 vi
1331 2141 1452 2172 cogere
1475 2131 1517 2162 ad
1541 2129 1751 2165 coelibatum,
1774 2141 1836 2162 nec
1865 2138 2035 2163 contracta
2064 2141 2129 2162 ma-

1152 2174 1302 2205 trimonia
1326 2172 1523 2205 diss-oluere.

1238 2217 1353 2247 Obiter
1377 2217 1474 2248 etiam
1498 2217 1573 2248 dum
1596 2217 1822 2248 recensuimus
1846 2222 2039 2258 argumenta
2068 2226 2126 2247 no·

1152 2264 1231 2296 stra,
1251 2259 1468 2290 indicauitnus
1492 2260 1657 2302 quomodo
1689 2259 1872 2299 aduersarij
1902 2269 2000 2290 vnum
2030 2265 2129 2300 atque

1153 2301 1292 2333 alterum
1325 2301 1537 2340 cauillentur,
1571 2309 1603 2333 et
1638 2301 1818 2333 calumnias
1852 2300 1927 2332 illas
1962 2301 2126 2333 diluimus.

1152 2344 1249 2376 Nunc
1271 2345 1466 2376 breuissime
1490 2345 1830 2382 commemorabimus,
1851 2354 1947 2385 quam
1971 2345 2127 2385 grauibus

1151 2388 1333 2419 rationibus
1357 2387 1533 2420 defendant
1558 2387 1675 2430 legem.
1711 2386 1853 2418 Primum
1877 2387 1987 2418 dicunt
2011 2397 2030 2417 a
2053 2386 2127 2418 Deo

1152 2429 1332 2462 reuelatam
1366 2441 1454 2463 csse.
1510 2431 1638 2462 Videtis
1678 2436 1855 2461 extremam
1895 2429 2127 2470 impudentiam

1151 2474 1290 2505 istorum
1313 2474 1526 2511 nebulonum,
1550 2473 1681 2505 Audcnt
1704 2472 1879 2507 affirmare,
1903 2472 1992 2513 quod
2015 2472 2128 2504 diuini-

1154 2522 1206 2547 tus
1230 2516 1375 2548 reuelata
1396 2518 1437 2547 sit
1461 2515 1515 2547 lex
1539 2517 1579 2547 de
1602 2522 1762 2557 perpetuo
1787 2513 1961 2552 coelibatu,
1979 2525 2052 2546 cum
2074 2515 2127 2546 ad-

1151 2566 1306 2590 uersetur
1340 2559 1523 2591 manifestis
1557 2559 1748 2598 Scripturae
1788 2557 2003 2599 testimoniis,
2042 2567 2127 2599 quae

1124 2567 1128 2637 i
1152 2602 1285 2639 iubent,
1308 2608 1340 2633 vt
1363 2612 1447 2633 vnus
1471 2602 1611 2643 quisque
1634 2600 1755 2632 habeat
1778 2611 1914 2632 vxorem
1937 2610 2030 2632 suam
2054 2610 2126 2641 pro·
