2366 2958
205 168 273 202 529

208 273 306 294 nemo
336 261 454 294 debeat
484 262 628 294 condere
655 269 711 294 aut
733 263 884 304 recipere
907 261 1101 293 traditiones
1123 261 1188 294 1130

209 305 385 347 opinione,
417 305 504 347 quod
539 310 728 337 mereantur
765 304 1041 337 iustificationem.
1095 303 1188 336 Tunc

207 348 306 380 etiam
340 348 368 379 si
400 348 474 389 quis
508 348 682 384 obseruat,
716 348 942 385 obseruet⁹⁵)
974 347 1046 378 sine
1075 357 1188 390 super-

209 391 352 422 sticione
375 395 529 432 tanquam
559 389 714 431 politicos
737 401 848 423 mores
871 391 956 422 sicut
979 390 1051 422 sine
1073 400 1187 432 super-

209 434 349 465 sticione
372 431 467 464 aliter
490 434 676 465 vestiuntur
698 431 830 472 milites,
855 431 951 465 aliter
973 432 1186 465 Scholastici.

209 475 364 518 Apostoli
378 474 501 508 violant
515 476 719 511 traditiones,
743 483 775 507 et
787 482 989 508 excusantur
1006 486 1026 507 a
1039 475 1185 508 Christo.

207 518 288 550 Erat
313 520 397 551 enim
421 517 609 560 exemptum
633 519 872 551 ostendendum
892 518 1073 557 phariseis,
1096 519 1185 560 quod

208 560 255 593 illi
284 561 393 593 cultus
423 568 538 593 essent
566 560 708 593 inutiles.
753 561 793 593 Et
823 563 852 593 si
880 572 965 604 quas
993 563 1186 593 traditiones

208 615 324 646 parum
353 605 545 636 commodas
577 605 729 637 omittunt
756 605 876 644 nostri,
906 605 995 637 Satis
1019 615 1108 637 nunc
1130 615 1185 636 ex-

209 648 316 680 cusati
338 654 432 685 sunt,
464 658 537 679 cum
559 648 772 721 reqlpiruntur
795 654 952 690 tanquam
974 658 1186 689 promerean-

209 696 261 722 tur
284 689 560 722 iustificationem.
634 689 698 722 alis
729 691 814 723 enim
846 691 956 733 opinio
984 691 1016 721 in
1040 690 1185 722 traditio-

207 733 305 764 nibus
329 739 381 764 est
403 733 512 774 impia.

293 775 468 807 Caeterum
511 775 704 808 traditiones
744 782 877 808 veteres
919 774 1026 807 factas
1060 775 1091 806 in
1124 774 1186 806 Ec-

207 817 334 857 clesia,
375 817 523 850 vtilitatis
559 825 591 850 et
625 818 873 861 tranquillitatis
908 828 1011 851 causa
1046 817 1187 849 libenter

207 871 390 898 seruamuS‚
413 872 539 904 easque
561 862 814 903 interpretamur
836 861 911 902 πρὸς
934 861 967 891 τὸ
989 860 1186 902 εὐφημότερον

207 903 344 936 exclusa
369 905 525 946 opinione
554 915 639 947 quae
668 906 767 936 sentit
797 905 884 947 quod
916 903 1110 941 iustificent,
1137 905 1187 935 Ac

206 945 294 978 falso
325 957 388 978 nos
413 955 573 979 accusant
603 948 722 979 inimici
744 948 867 984 nostri,
892 947 982 989 quod
1005 947 1111 978 bonas
1135 957 1186 977 or·

207 990 410 1028 dinationes,
439 991 528 1032 quod
552 989 758 1032 disciplinam
782 988 958 1022 Ecclesiae
980 988 1184 1021 aboleamus.

207 1032 297 1064 Vere
327 1033 411 1064 enim
435 1034 626 1074 praedicare
655 1042 834 1074 possumus
857 1032 1022 1075 publicam
1044 1030 1185 1064 formam

205 1073 433 1107 Ecclesiamm
468 1077 554 1118 apud
589 1086 652 1107 nos
686 1075 911 1107 honestiorem
945 1085 1045 1113 esse,
1086 1085 1184 1117 quam

206 1119 295 1160 apud
317 1119 540 1150 aduersarios,

205 1160 261 1199 lit,
294 1160 412 1193 Verius
446 1171 620 1192 seruamus
650 1160 822 1200 canones,
856 1172 954 1204 quam
987 1161 1215 1205 aduersarii}

205 1204 303 1246 Apud
327 1204 540 1235 aduersarios
563 1203 686 1236 Missas
715 1203 852 1236 faciunt
869 1202 1050 1236 sacrificuli
1080 1204 1184 1242 inuiti,

205 1254 237 1278 et
261 1247 416 1278 mercede
440 1247 616 1285 conducti,
646 1253 676 1278 et
707 1246 924 1290 plaerumque
952 1253 1077 1279 tantum
1100 1257 1184 1279 mer-

206 1289 297 1321 cedis
323 1299 442 1328 causa,
472 1288 601 1321 canunt
625 1288 797 1329 Psalmos,
820 1300 886 1321 non
910 1296 945 1322 vt
968 1290 1107 1327 discant,
1129 1295 1185 1321 aut

205 1338 317 1370 orent,
347 1330 413 1364 Sed
438 1331 547 1364 cultus
571 1343 692 1371 causa,
721 1334 815 1375 quasi
838 1331 918 1365 illud
943 1343 1028 1374 opus
1050 1334 1092 1364 sit
1116 1331 1184 1364 cul·
1207 1332 1212 1370 l

204 1381 258 1407 tus
290 1382 345 1406 aut
370 1381 459 1406 certe
489 1376 653 1407 mercedis
682 1386 795 1408 causa.
842 1377 941 1417 Apud
964 1386 1026 1407 nos
1050 1382 1186 1408 vtuntur

205 1428 310 1450 coena
338 1417 471 1450 Domini
495 1417 588 1450 multi
617 1417 758 1461 singulis
787 1419 981 1458 dominicis,
1009 1420 1070 1451 sed
1093 1419 1184 1460 prius

205 1461 357 1499 instituti,
381 1459 563 1503 explorati,
588 1468 620 1493 et
639 1460 804 1501 absoluti,
827 1461 926 1494 Pueri
950 1468 1071 1495 canunt
1093 1460 1184 1493 Psal-

204 1513 278 1535 mos
299 1511 333 1536 vt
357 1504 499 1542 discant,
522 1505 610 1536 canit
632 1511 665 1536 et
676 1515 720 1546 po
745 1503 834 1544 utus,
856 1510 891 1537 vt
913 1503 967 1536 vel
990 1505 1108 1542 discat,
1131 1502 1186 1536 vel

205 1553 289 1578 oret.
324 1547 424 1589 Apud
442 1547 656 1580 aduersarios
680 1558 699 1579 n
738 1546 771 1579 la
793 1557 932 1590 prorsus
956 1553 1007 1579 est
1026 1548 1187 1587 κατήχησις

205 1599 406 1631 puerorum,
440 1591 481 1621 de
514 1601 580 1633 qua
614 1590 744 1633 quidem
778 1591 984 1633 praecipiunt
1016 1590 1185 1622 Canones.

205 1633 303 1674 Apud
333 1643 396 1664 nos
427 1639 592 1676 coguntur
619 1640 774 1675 pastores
802 1640 835 1666 et.
858 1634 996 1666 ministri
1020 1632 1186 1665 Ecclesia·
1209 1644 1213 1681 1

204 1685 278 1707 rum
312 1674 443 1717 publice
478 1677 649 1708 instituere
685 1683 716 1708 et
750 1677 865 1709 audire
899 1676 1091 1718 puericiam.
1144 1674 1213 1707 Et·

204 1717 289 1750 baec
319 1720 507 1750 ceremonia
531 1720 673 1761 optimos
701 1717 830 1751 fructus
858 1720 954 1761 parit.
1002 1719 1099 1762 Apud
1129 1718 1186 1750 ad·
1211 1706 1214 1738 i

204 1763 374 1794 uetsarios
408 1763 440 1793 in
474 1761 587 1794 multis
622 1763 816 1804 regionibus
850 1768 919 1793 toto
953 1772 1041 1793 anno
1076 1760 1213 1794 nullae¹

205 1805 369 1836 habentur
392 1805 588 1844 conciones,
613 1812 843 1878 praeterquam
866 1806 896 1836 in
921 1804 1186 1847 quadragesima.

207 1848 308 1890 Atqui
343 1848 543 1890 praecipuus
577 1859 616 1880 cu

208 1890 338 1933 gelium.
384 1890 423 1921 Et
448 1902 521 1922 011111
545 1892 784 1922 concionantur
807 1891 990 1933 aduersarij
1015 1891 1124 1922 dicunt
1146 1891 1187 1921 de
1211 1911 1213 1917 ·

207 1933 438 1965 traditionibus
462 1934 624 1972 humanis,
647 1934 688 1965 de
706 1933 796 1966 vultu
820 1940 1025 1972 sanctorum,
1050 1941 1080 1965 et
1101 1934 1187 1965 simi—
1211 1942 1213 1949 ⁴

207 1976 294 2008 libus
331 1978 448 2019 nugis,
483 1987 565 2019 quas
601 1977 670 2008 iure
703 1975 824 2008 fastidit
859 1976 1013 2019 populus.
1074 1961 1214 2018 ltaquei

209 2020 406 2050 deseruntur
438 2021 547 2051 statim
582 2021 701 2057 inicio,
737 2028 910 2061 postquam
946 2021 1103 2051 recitatus
1137 2020 1213 2051 est'

206 2061 379 2104 Euangelij
404 2070 523 2093 textus.
570 2062 670 2094 Pauci
694 2064 824 2104 quidam
856 2062 1010 2095 meliores
1035 2073 1122 2094 nunc
1146 2063 1187 2093 de

207 2106 303 2137 bonis
329 2107 486 2147 operibns
517 2106 626 2137 dicere
657 2107 824 2148 incipiunt.
872 2106 923 2138 De
947 2105 1077 2137 iusticia
1100 2106 1187 2143 111101,

208 2149 248 2179 ‹le
273 2147 336 2179 fide
361 2150 390 2179 in
404 2147 583 2186 Christum,
608 2150 648 2180 de
661 2149 891 2180 consolatione
909 2149 1187 2180 conscientiarum
1211 2169 1213 2176 ·

208 2190 285 2222 nihil
321 2192 442 2222 11100111.
501 2192 566 2223 11110
610 2192 695 2223 113110
733 2191 982 2224 saluberrimum
1016 2191 1186 2234 Euangelij

208 2240 333 2275 partem
362 2233 513 2266 lacerant
544 2235 708 2275 conuitijs.
755 2235 898 2265 Econtrn
926 2236 956 2266 in
981 2235 1104 2266 nostris
1128 2234 1188 2265 Ec-

209 2276 322 2319 clesijs
352 2288 466 2308 01111105
491 2278 664 2309 contiones
695 2279 725 2308 in
750 2277 800 2309 his
830 2277 912 2308 10015
938 2284 1187 2315 consumuntur,

209 2321 250 2351 de
273 2321 490 2362 poenitencia.
515 2321 554 2352 110
578 2322 692 2352 timore
708 2321 781 2359 Dei,
806 2322 845 2352 110
871 2320 932 2351 1111(-
958 2321 987 2352 in
1008 2320 1186 2359 Christum,

211 2364 250 2394 dc
279 2364 407 2394 iusticia
432 2364 525 2400 111101,
558 2364 598 2393 de
640 2363 868 2395 consolatione
910 2364 1187 2395 conscientiarum
1213 2397 1215 2401 .

211 2418 268 2447 per
289 2407 402 2443 11110111,
438 2407 477 2437 cle
507 2407 674 2448 exercitiis
705 2407 795 2443 fidei,
833 2408 871 2437 110
897 2408 1045 2437 1110110111·
1081 2405 1187 2448 qunlis

212 2460 287 2479 esse
311 2451 445 2482 debe-at.
479 2457 509 2481 ct
533 2451 619 2492 qnod
652 2456 744 2480 certo
773 2450 981 2480 statuendum
1006 2451 1066 2486 511,
1101 2450 1186 2491 quod

212 2494 253 2523 sit
276 2492 406 2528 efficax,
430 2494 516 2534 quod
542 2493 746 2531 exaudiatur,
770 2493 810 2524 de
834 2503 945 2529 cruce,
971 2494 1011 2523 de
1031 2493 1188 2535 dignitate

634 1856 686 1879 tus
720 1847 783 1880 Dei
818 1856 888 1887 051,
922 1849 1045 1880 docere
1079 1847 1213 1879 Euan-⁴

213 2630 259 2659 93)
279 2629 408 2660 obstruat}
430 2630 476 2654 Ed.
498 2630 535 2653 3,·
556 2631 676 2654 obsum-t

656 166 769 201 Pau..
791 166 896 200 MEL.
919 166 1107 199 SCRIPTA
1129 166 1397 201 noth‘rtcA
1419 166 1477 200 ΕΤ
1499 166 1770 200 ΒΥΜΒΟῙᾸΟΔ.

1240 262 1490 304 magistratuum
1513 267 1545 292 et
1568 261 1710 294 omnium
1734 260 1876 294 ciuilium
1898 263 2152 303 ordinationum,
2175 264 2218 297 110

1240 304 1429 336 discrimine
1462 304 1557 346 regni
1592 303 1734 344 Christi,
1768 315 1828 336 seu
1855 305 1950 347 regni
1977 306 2157 347 spiritualis
2185 313 2218 340 et

1239 346 1447 389 politicarum
1478 357 1604 382 rerum,
1628 347 1670 378 de
1698 348 1872 390 coniugio,
1902 348 1944 380 de
1967 349 2162 382 educatione
2184 355 2217 382 et

1238 390 1451 421 institucione
1484 399 1678 430 puerorum,
1713 391 1755 422 de
1788 392 1957 426 castitate,
1992 391 2033 423 de
2066 393 2218 424 omnibus

1238 431 1360 474 officijs
1392 432 1549 464 caritatis.
1595 432 1646 464 Ex
1674 433 1740 465 hoc
1773 440 1860 465 statu
1890 432 2116 467 Ecclesiamm
2138 436 2218 467 iudi-

1239 476 1307 507 cari
1329 481 1447 517 potest,
1470 485 1533 507 nos
1558 474 1765 517 disciplinam
1783 475 2067 515 Ecclesiasticam‚
2089 483 2121 509 et
2143 477 2216 520 pias

1240 519 1455 556 ceremonias,
1479 524 1511 550 et
1535 519 1641 550 bonos
1664 529 1776 550 mores
1796 518 2056 552 Ecclesiasticos
2080 519 2216 564 diligen-

1237 567 1287 593 ter
1310 571 1524 593 conseruare.

1324 605 1376 636 Ac
1400 604 1441 636 de
1464 604 1714 636 mortificatione
1738 605 1866 643 031015,
1891 612 1921 637 01
1945 605 2119 647 disciplina
2143 616 2213 638 cor-

1238 649 1330 689 poris
1361 647 1405 678 ita
1435 648 1610 685 docemus,
1645 648 1731 679 sicut
1762 654 1875 679 narrat
1909 647 2095 687 confessio,
2129 649 2217 691 quod

1238 701 1318 722 vera
1348 696 1381 721 et
1410 701 1476 722 non
1506 689 1661 722 simulata
1682 691 1893 722 mortificatio
1922 690 2062 733 113111οι-
2085 702 2219 724 crucem

1239 739 1271 765 et
1301 731 1519 771 afflictiones,
1547 734 1668 775 quibus
1696 732 1790 764 Deus
1820 740 1952 765 exercet
1981 745 2054 766 nos.
2099 734 2134 765 ln
2165 735 2219 766 his

1239 776 1459 808 obediendum
1493 782 1544 808 est
1577 775 1736 808 voluntati
1772 776 1852 814 Dei,
1887 777 1971 808 sicut
2004 777 2048 809 ait
2081 776 2218 816 Paulus,

1239 818 1403 850 Exhibete
1438 829 1582 860 corpora
1617 826 1729 850 vestra
1763 818 1904 851 hostiam
1939 826 2003 851 etc.
2061 819 2102 851 Et
2135 819 2219 852 haec

1239 867 1316 893 5001
1350 861 1532 902 spiritualia
1560 863 1719 893 exercitia
1746 863 1872 894 timoris
1902 868 1932 894 et
1962 862 2048 894 fidei.
2095 862 2218 895 Verum

1238 910 1372 945 praeter
1398 903 1486 935 hanc
1516 905 1801 936 mortificationem
1824 915 1908 946 quae
1932 905 1967 937 fit
1991 915 2051 946 per
2074 916 2219 945 crucem,

1238 953 1290 978 est
1314 952 1347 978 et
1369 946 1591 978 voluntarium
1615 948 1782 988 quoddam
1806 949 1950 990 erercitij
1976 959 2081 991 genus
2105 959 2218 981 neces-

1238 990 1374 1028 sarium,
1397 989 1438 1021 de
1461 999 1526 1031 quo
1550 989 1704 1021 Christus
1726 991 1782 1021 ait.
1828 990 1951 1023 Cauete
1982 1003 2023 1023 ne
2045 993 2148 1023 corda
2163 994 2217 1032 ⁹⁴)

1238 1039 1350 1064 vestra
1373 1039 1552 1074 grauentur
1575 1031 1722 1074 crapula.
1750 1032 1792 1064 Et
1813 1032 1946 1065 Paulus.
1982 1033 2120 1085 Castigo
2145 1045 2216 1066 cor-

1239 1085 1300 1116 pus
1326 1085 1455 1113 meum,
1486 1081 1518 1106 et
1548 1076 1580 1106 in
1603 1076 1796 1107 seruitutem
1819 1076 1935 1118 redigo
1959 1083 2022 1109 etc.
2068 1077 2110 1108 ht
2131 1077 2216 1110 baec

586 1117 627 1149 Et
651 1118 679 1149 si
702 1119 776 1161 quis
799 1125 891 1150 recte
915 1118 1105 1160 expendere
1128 1128 1183 1149 ve·
1209 1123 1214 1159 !
1238 1119 1396 1150 exercitia
1430 1119 1642 1159 suscipienda
1669 1124 1763 1156 sunt,
1797 1128 1862 1149 non
1893 1120 1983 1160 quod
2011 1119 2075 1151 sint
2108 1119 2219 1152 cultus
2239 1139 2243 1141 -

1237 1160 1472 1199 iustificantes,
1501 1161 1562 1192 sed
1586 1168 1620 1192 vt
1644 1160 1843 1192 coherceant
1867 1172 2011 1201 carnem,
2035 1172 2077 1193 ne
2099 1163 2219 1193 saturi—

1237 1210 1289 1235 tas
1324 1205 1442 1235 obruat
1483 1213 1563 1242 005,
1603 1209 1636 1235 01
1672 1204 1786 1235 10111131
1822 1214 1963 1236 5000105
2000 1211 2032 1236 01
2070 1205 2218 1243 ociosos,

1237 1257 1303 1289 qua
1331 1256 1373 1278 ex
1402 1257 1439 1278 re
1463 1246 1518 1285 fit,
1550 1253 1586 1278 vt
1614 1246 1788 1278 affectibus
1819 1248 1929 1279 carnis
1964 1246 2156 1289 indulgeant
2185 1254 2218 1280 et

1237 1290 1466 1331 obtemperent
1494 1289 1656 1321 homines.
1702 1289 1793 1321 Haec
1823 1288 1992 1333 diligentia
2021 1291 2121 1322 debet
2143 1300 2220 1322 esse

1236 1340 1419 1374 perpetua,
1454 1333 1530 1374 quia
1562 1331 1663 1364 habet
1697 1339 1891 1374 perpetuum
1926 1335 2114 1366 mandatum
2143 1332 2219 1366 Dei.

1236 1375 1278 1407 Et
1312 1375 1369 1407 illa
1402 1377 1610 1416 praescripta
1649 1375 1757 1407 forma
1791 1383 1956 1408 certorum
1995 1377 2145 1408 ciborum
2178 1386 2219 1408 ac

1237 1424 1422 1460 temporum
1445 1417 1525 1449 nihil
1546 1419 1625 1451 facit
1645 1419 1688 1450 ad
1710 1418 1956 1451 cohercendam
1980 1429 2123 1452 carnem.
2158 1419 2219 1452 Est

1237 1462 1323 1495 enim
1346 1460 1517 1493 delicatior
1545 1467 1576 1493 et
1600 1462 1826 1503 sumptuosior
1857 1473 1954 1504 quam
1983 1461 2110 1504 reliqua
2141 1473 2221 1495 con·

1237 1505 1336 1536 uiuia.
1380 1503 1424 1535 Et
1447 1514 1489 1536 ne
1512 1505 1695 1546 aduersarij
1719 1504 1850 1546 quidem
1873 1506 2055 1537 obseruant
2080 1503 2219 1538 sormam

1237 1548 1270 1580 in
1294 1546 1488 1579 Canonibus
1511 1548 1676 1580 traditam.

1325 1588 1446 1622 Multas
1469 1597 1500 1622 et
1529 1589 1681 1622 difficiles
1705 1590 1952 1631 disputaciones
1969 1589 2072 1622 habet
2094 1589 2149 1622 hic
2172 1589 2220 1621 lo·

1239 1642 1298 1665 cus
1322 1633 1363 1664 de
1386 1632 1639 1671 traditionibus,
1660 1643 1701 1665 ac
1723 1643 1785 1664 nos
1809 1633 1920 1674 reipsa
1942 1633 2070 1674 experti
2092 1642 2220 1670 sumus,

1239 1676 1433 1708 traditiones
1457 1685 1538 1707 vere
1560 1686 1637 1708 esse
1659 1674 1799 1718 laqueos
1824 1675 2113 1708 conscientiarum.
2135 1675 2219 1708 Cum

1238 1719 1416 1761 exiguntur
1447 1725 1602 1761 tanquam
1631 1720 1861 1757 necessariae,
1891 1719 1980 1750 miri.-
2010 1719 2117 1751 modis
2145 1729 2219 1750 cru-

1239 1763 1327 1794 ciant
1356 1762 1579 1794 conscientias
1607 1763 1906 1803 praetermittentes
1934 1760 2076 1804 aliquam
2108 1762 2220 1794 obser·

1212 1804 1213 1843 j
1238 1806 1416 1837 nationem.
1441 1804 1570 1837 Rursus
1595 1805 1769 1844 abrogatio
1794 1816 1855 1836 sua
1878 1805 1977 1837 habet
2001 1805 2219 1839 incommoda.

1238 1858 1318 1880 suas
1342 1850 1567 1889 quaestiones,
1604 1848 1670 1880 Sed
1680 1839 1757 1879 ι005
1782 1846 1910 1879 facilem
1934 1854 1966 1879 et
1990 1846 2121 1888 planam
2145 1857 2218 1879 cau-

1239 1902 1309 1923 sam
1333 1890 1514 1928 habemus,
1542 1892 1618 1933 quia
1642 1891 1826 1931 aduersarij
1852 1891 2005 1921 danmant
2031 1900 2104 1928 nos,
2128 1890 2216 1931 quod

1238 1935 1397 1965 docemus
1431 1935 1623 1966 traditiones
1659 1933 1820 1965 humanas
1854 1944 1919 1964 non
1948 1933 2066 1964 mereri
2105 1933 2218 1964 remis-

1238 1978 1363 2008 sionem
1406 1983 1629 2017 peccatorum.
1688 1976 1767 2007 ltem
1807 1977 1975 2017 requirunt
2010 1974 2219 2007 vniuersales

1239 2021 1432 2052 traditiones
1459 2030 1544 2061 quas
1572 2021 1621 2050 sic
1650 2026 1790 2056 vocant,
1819 2025 1974 2060 tanquam
2005 2019 2217 2050 necessarias

1237 2064 1279 2094 ad
1315 2063 1588 2094 iustificationem.
1636 2062 1696 2094 llic
1730 2061 1892 2093 babemus
1927 2061 2104 2093 Patronum
2138 2072 2216 2093 con-

1239 2112 1380 2137 stantem
1405 2104 1559 2137 Paulum,
1589 2105 1642 2146 qui
1675 2106 1793 2146 rbique
1824 2105 1991 2136 contendit
2020 2104 2080 2136 1135
2103 2105 2217 2136 obscr-

1240 2149 1389 2179 nationes
1418 2158 1525 2189 nequc
1549 2147 1746 2184 iustificare,
1778 2158 1884 2188 neque
1914 2148 2120 2178 necessarias
2140 2157 2218 2179 0550

1212 2195 1213 2198 ’
1240 2202 1340 2232 supra
1364 2192 1524 2222 fustiviam
1550 2191 1636 2221 fidei.
1652 2192 1704 2222 ⁹⁵]
1747 2190 1785 2221 Et
1808 2197 1915 2221 tamen
1942 2201 2033 2221 1-50111
2058 2190 2218 2221 libertatis

1239 2236 1271 2266 in
1296 2234 1346 2265 bis
1376 2235 1492 2270 rebus.
1527 2235 1569 2265 itu
1596 2234 1832 2265 moderandum
1863 2243 1938 2265 esse
1962 2233 2139 2270 docemus,
2175 2243 2217 2263 ne

1241 2277 1379 2318 imperiti
1409 2277 1633 2317 offendantur,
1663 2284 1692 2308 et
1723 2282 1858 2317 propter
1888 2277 2025 2307 abusum
2057 2275 2216 2307 libertatis

1241 2320 1319 2351 111101
1355 2321 1533 2361 iniquiores
1569 2330 1668 2351 10130
1704 2319 1874 2350 doctrinae
1906 2317 2100 2359 Euangelij,
2134 2329 2218 2350 neue

1241 2365 1312 2395 sine
1336 2362 1499 2404 probabili
1524 2373 1625 2394 causa
1650 2369 1792 2393 mutetur
1815 2360 1934 2402 aliquid
1955 2362 1986 2391 in
2001 2362 2128 2392 vsitatis
2153 2361 2218 2392 riti-

1212 2408 1214 2410 ’
1241 2407 1322 2442 bns,
1355 2407 1412 2436 sed
1437 2414 1468 2437 vt
1500 2414 1635 2447 propter
1663 2404 1814 2436 alendam
1845 2405 2056 2435 concordiam
2087 2414 2217 2435 seruen-

1242 2455 1293 2480 tur
1307 2456 1435 2480 veteres
1454 2460 1575 2487 1110105,
1599 2449 1738 2491 quisine
1762 2454 1914 2489 peccato,
1938 2454 1990 2479 1101
2011 2447 2082 2479 stne
2100 2458 2219 2489 magno

1242 2588 1288 2614 90)
1309 2587 1399 2618 rur-tn}
1421 2588 1468 2610 Ed.
1489 2587 1512 2611 3.
1533 2591 1581 2619 typ.
1604 2595 1664 2611 ert:
1687 2585 1766 2608 cord·

1212 2644 1218 2652 ι
1243 2632 1288 2658 95)
1308 2631 1389 2662 aden]
1410 2631 1456 2654 Ed.
1479 2632 1500 2653 4.
1521 2634 1570 2661 cyp.
1592 2638 1651 2654 et:
1673 2629 1739 2652 nde«.
