2366 2958
0 1709 2 1758 ¹

155 185 200 217 45
631 185 655 217 1.
701 184 984 217 CONFUTATIO
1006 185 1325 219 CONFEssloNts
1348 185 1664 219 AUGUSTANAE.
2117 190 2160 222 46

155 281 260 318 fletitbt,
281 289 360 320 quae
377 280 470 310 verba
491 279 606 309 nullum
630 279 800 319 exemplum
824 279 948 309 exhibet
969 279 1105 312 latinum,
1124 279 1180 308 sed
1200 289 1254 314 ea,
1281 290 1358 319 quae
1377 280 1539 310 Lutherani
1569 280 1684 310 calamo
1714 286 1911 320 exceperunt,
1937 283 2043 312 eadem
2068 285 2158 313 verba

156 323 270 353 habent
289 324 347 353 etsi
367 333 425 352 non
446 324 474 352 in
500 323 606 352 eodem
625 322 762 357 articulo,
786 332 852 352 nam
876 322 996 351 scribae
1014 321 1063 351 vel
1081 322 1245 351 scribarum
1266 322 1419 353 festinatio
1443 325 1568 362 saepius
1587 324 1720 353 ordinem
1745 325 1900 354 verborum
1920 329 1949 355 et
1968 325 2157 356 articulorum

157 366 186 394 in
205 364 285 397 Part,
312 367 348 395 11.
371 365 582 395 confutationis
605 366 743 399 turbavit,
767 366 823 395 sed
848 367 876 395 in
895 369 947 394 art.
967 366 1016 394 28.
1041 364 1081 394 de
1103 364 1223 394 Potest.
1248 364 1336 394 Eccl.
1364 371 1414 396 cns
1440 368 1498 403 bril.
1526 367 1691 397 &nemmem
1716 369 1756 397 ein
1783 369 1902 405 gcbacfen
1924 370 1996 399 {Brut
2020 378 2157 400 netmeten.

154 407 203 438 Ex
221 418 290 448 quo,
309 409 368 438 uisi
391 418 516 447 prorsus
540 407 636 442 fallor,
656 408 798 443 efficitur,
830 407 985 438 formulam
1010 408 1099 437 istam
1119 407 1331 437 confutationis
1356 409 1572 447 germanicam,
1597 411 1656 439 etsi
1683 420 1740 438 non
1769 411 1796 439 in
1823 411 1901 448 ipsis
1927 409 2065 440 Comitiis
2090 422 2157 441 con-

155 455 272 490 ceptam
291 455 322 481 et
344 451 525 490 praelectam
537 451 580 489 ἢ,
599 451 668 480 inde
688 455 785 480 tamen
809 461 846 480 eo
870 452 937 489 ipso
960 454 1095 489 tempore
1114 451 1338 489 transscriptam
1361 451 1498 480 eiusdem
1526 462 1600 481 esse
1632 452 1699 481 fidei
1726 460 1755 482 et
1781 454 1984 489 auctoritatis,
2004 464 2064 492 qua
2089 464 2157 493 gau-

154 493 247 524 debat
265 493 434 533 exemplum
454 494 492 523 ab
512 494 587 533 ipsis
606 494 780 523 auctoribus
799 493 974 532 profectum,
995 492 1166 532 Imperatori
1190 493 1322 522 oblatum
1342 498 1373 522 et
1395 493 1516 532 publice
1535 494 1748 533 praelectum·-

308 543 356 574 De
377 545 467 574 huius
492 543 708 574 Confessionis
727 546 918 583 germanicae
937 543 1038 573 indole
1057 547 1148 582 atque
1167 544 1290 580 ratione,
1311 554 1389 582 quae.
1408 545 1485 573 inter
1503 555 1567 573 eam
1587 545 1778 585 latinamque,
1799 557 1837 576 ex
1855 557 1913 586 qua
1926 549 1954 576 in
1968 548 2156 577 vernaculam

151 586 285 626 linguam
304 588 341 617 ab
362 588 439 627 ipsis
459 588 631 617 auctoribus
651 588 680 617 in
699 586 840 618 Comitiis
858 587 1048 625 Augustanis
1066 586 1209 616 translata
1227 591 1290 621 est,
1317 588 1491 622 intercedit,
1516 587 1594 616 idem
1620 589 1715 617 editor
1745 590 1763 618 l.
1783 589 1803 619 l.
1834 600 1860 629 p.
1888 589 1987 619 LXlX
2015 601 2082 629 sqq.
2111 592 2158 620 sic

152 630 283 660 iudicat:
305 630 416 666 „Quod
435 631 525 667 igitur
536 631 574 659 ad
594 629 724 667 indolem
737 631 830 660 totius
855 629 999 659 formulae
1023 629 1236 659 confutationis
1259 631 1447 667 germanicae
1466 629 1662 668 Moguntinae
1681 633 1795 667 attinet,
1817 634 1844 661 in
1865 634 2036 662 universum
2055 638 2156 663 aucto-

153 683 203 702 res
226 674 255 702 in
279 677 342 703 tota
366 673 422 702 bac
441 673 577 707 formula,
601 673 734 712 inprimis
757 683 828 702 vero
854 674 881 702 in
902 677 984 712 parte
1010 673 1078 701 eius
1102 672 1196 701 alt-era
1231 672 1387 702 condenda
1417 673 1538 702 nimium
1565 673 1732 703 festinasse
1766 685 1799 704 ac
1828 676 1996 714 trepidasse
2025 677 2157 715 quisque

153 715 242 745 facile
261 716 419 755 intelliget.
438 717 600 754 Angustus
620 716 698 744 enim
721 717 867 755 temporis
887 716 984 745 coacti
1004 725 1094 754 quum
1115 715 1349 745 confutationem
1368 719 1457 744 antea
1479 715 1580 744 latinis
1600 716 1689 745 modo
1709 717 1809 746 verbis
1822 719 2069 751 consarcinatam,
2089 729 2156 748 sae·

151 759 285 797 piusque
309 759 445 788 traditam
465 759 629 788 nuncintra
651 768 766 797 paucos
791 759 868 793 dies,
894 763 1053 797 antequam
1074 757 1287 797 publicaretur,
1308 759 1335 787 in
1359 758 1548 787 vernaculam
1573 759 1703 797 linguam
1726 765 1900 790 convertere
1924 762 2012 790 iussu
2038 765 2154 796 essent,

152 802 279 840 correpti
303 802 402 831 taedio
425 801 537 831 laboris
560 802 686 840 saepius
705 811 740 830 ac
765 801 873 830 frustra
892 801 1061 835 consumti,
1087 804 1117 830 et
1141 801 1309 840 provocati,
1341 802 1429 830 immo
1449 803 1612 840 oppugnati
1636 803 1673 830 ab
1693 801 1872 841 imperatore
1899 809 1927 833 et
1953 803 2155 842 Principibus,

153 854 244 883 quum
264 844 427 883 periculum
451 845 479 872 in
504 854 683 883 quacunque
706 854 788 873 mora
807 853 880 873 esse
906 844 1072 876 videretur,
1104 853 1162 872 non
1189 847 1326 882 poterant
1351 854 1407 873 nou
1438 844 1592 873 effundere
1619 845 1894 884 interpretationem
1925 847 2155 881 tumultuariam,

153 885 306 926 nullisque
326 888 415 916 certis
437 886 558 926 legibus
582 887 765 916 adstrictam.
811 886 921 916 Omnia
939 886 1147 920 moliebantur.
1167 890 1198 915 et
1221 886 1316 915 moliri
1337 887 1537 925 cogebantur,
1569 891 1600 916 ut
1622 898 1683 916 rem
1709 888 1797 917 modo
1826 889 2071 927 adproperarent,
2097 900 2155 919 nou

152 940 233 963 vero,
252 934 284 958 ut
307 931 334 959 ei
354 929 575 959 satisfacerent.
620 929 698 958 Hinc
721 930 839 964 accidit,
864 934 897 959 ut
916 930 1048 958 ordinem
1068 929 1224 958 verborum
1244 929 1389 958 interdum
1415 931 1575 963 turbarent,
1600 940 1659 959 rem
1685 931 1809 960 eandem
1840 932 1886 960 bis
1915 937 2072 970 ponerent,
2093 943 2156 961 ver-

151 970 200 1001 bis
223 971 324 1001 latinis
349 982 474 1001 sensum
493 972 583 1011 plane
602 972 732 1002 alienum
752 972 957 1009 obtruderent,
980 982 1074 1011 saepe
1099 973 1268 1001 omitterent
1287 972 1444 1010 quaedam,
1461 982 1539 1010 quae
1555 976 1712 1001 contextus
1726 975 1899 1012 requireret,
1919 976 2042 1013 saepius
2055 979 2154 1004 autem

150 1014 237 1054 plura
258 1014 412 1049 adderent,
437 1024 514 1053 quae
538 1016 615 1044 bene
635 1016 749 1044 abesse
767 1019 905 1054 possent.
951 1015 1141 1044 Addiderunt
1160 1019 1258 1044 tamen
1278 1015 1424 1044 interdum
1448 1016 1547 1050 etiam,
1567 1025 1645 1054 quae
1668 1016 1880 1046 obscuritatem
1906 1018 2060 1046 verborum
2091 1018 2155 1047 lati-

150 1067 254 1086 norum
277 1057 469 1093 illustrarent,
489 1059 681 1087 acerbitatem
702 1068 804 1087 eorum
824 1057 992 1087 emollirent
1011 1057 1059 1086 vel
1083 1057 1236 1086 lenitatem
1267 1063 1495 1096 exasperarent,
1521 1063 1551 1087 et
1575 1058 1694 1097 placitis
1721 1059 1872 1088 ecclesiae
1892 1059 2154 1090 Romano-Ponti-

151 1100 236 1129 ficiae
253 1101 352 1139 magis
373 1100 514 1129 faverent.
548 1100 652 1130 Verba
675 1111 745 1129 vero
766 1100 880 1139 prologi
901 1105 931 1130 et
955 1100 1077 1139 epilogi,
1102 1101 1153 1139 qui
1173 1110 1230 1129 nou
1250 1110 1267 1129 a
1290 1100 1453 1140 theologis,
1477 1101 1534 1130 sed
1557 1111 1575 1129 a
1593 1102 1693 1130 scriba
1707 1102 1896 1140 Imperatoris
1917 1103 1964 1131 vel
1983 1102 2152 1142 Principum

149 1142 271 1182 publico
289 1143 327 1173 ad
346 1144 489 1172 rationem
513 1153 531 1172 a
549 1142 740 1182 Principibus
761 1144 862 1172 initam
885 1147 956 1172 sunt
979 1143 1106 1177 adiecti,
1133 1153 1231 1181 neque
1251 1147 1352 1177 aucta,
1378 1154 1477 1182 neque
1509 1145 1677 1178 imminuta,
1711 1156 1810 1183 neque
1837 1147 1956 1174 omnino
1983 1145 2043 1175 ulla
2070 1150 2153 1184 parte

149 1189 262 1215 niutata
285 1190 436 1224 apparent.
457 1203 497 1208 —-
521 1185 705 1216 Conditores
728 1197 799 1215 vero
824 1185 969 1215 formulae
997 1187 1185 1225 germanicae
1213 1187 1347 1224 inprimis
1371 1187 1430 1215 sibi
1455 1186 1593 1216 videntur
1617 1186 1772 1226 placuisse
1798 1189 1826 1217 in
1851 1189 1952 1217 verbis
1978 1190 2095 1227 graecis
2124 1193 2153 1218 et

149 1227 380 1263 ecclesiasticis,
400 1238 477 1267 quae
500 1238 537 1257 ea
555 1230 688 1268 praebet,
709 1228 908 1267 explicandis,
928 1239 954 1257 e.
978 1238 1006 1266 g.
1027 1229 1136 1264 >21:01⁸th
1156 1235 1217 1259 obet
1241 1231 1354 1259 Quaen.
1373 1227 1598 1265 Cbristotocon,
1619 1234 1669 1259 ΜΕ»
1690 1232 1727 1265 ist.
1753 1234 1794 1261 ein
1815 1233 1921 1261 ffltuner
1946 1232 2055 1269 OEttristi,
2079 1232 2151 1263 Gen:

148 1272 195 1300 bot
213 1277 275 1301 acer
295 1272 456 1307 Reuimbeit.
478 1274 625 1303 orbinittet
644 1277 707 1302 ovet
726 1274 885 1308 qemeobcter
905 1273 1021 1306 ’Briefter
1044 1275 1100 1300 etc.
1122 1274 1152 1300 et
1170 1273 1197 1300 in
1217 1275 1280 1301 arte
1304 1282 1404 1306 unum,
1424 1272 1504 1310 quod
1525 1272 1617 1301 habet
1640 1272 1765 1302 formula
1785 1275 1925 1307 verbum,
1946 1275 2065 1303 duobus
2084 1273 2147 1304 red-

147 1313 248 1347 dendi,
272 1317 318 1342 ut:
342 1314 476 1342 recitare
495 1316 612 1351 οῐὺῐῖηεη
633 1320 686 1344 unt*
707 1317 844 1354 unsaiqen.
865 1313 1008 1352 pericula
1027 1316 1233 1349 &ettibrlitttfcit
1252 1320 1305 1345 uu?
1332 1315 1472 1347 Θὼαῠεη,
1499 1315 1648 1354 liquidum
1672 1319 1736 1353 est,
1769 1319 1890 1353 nffcnbar
1915 1322 1969 1347 unt*
1995 1319 2147 1351 befmtttid’.

145 1356 274 1394 nuptiae
297 1357 354 1393 Qs'be
374 1361 435 1388 obet
453 1358 585 1396 spodffieit,
606 1360 662 1386 etc.
708 1355 797 1385 Unde
816 1356 926 1385 sactum
946 1366 1019 1385 esse.
1039 1367 1161 1395 quoque
1184 1357 1309 1391 videtur,
1335 1357 1415 1396 quod
1434 1357 1610 1397 plerumque
1640 1358 1815 1388 festinanter
1839 1360 2042 1389 scribentibus
2067 1360 2148 1390 solet

145 1399 277 1432 evenire,
301 1402 334 1427 ut
357 1398 516 1428 dilatarent
534 1399 643 1433 omnia,
663 1398 878 1438 amplificarent
902 1402 932 1427 et
956 1400 1045 1428 nimia.
1070 1399 1225 1428 verborum
1252 1400 1338 1438 copia
1364 1405 1528 1429 onerarent.
1576 1401 1743 1431 Occurrunt
1769 1402 1858 1431 ctiam
1889 1401 1963 1437 loci,
1994 1413 2012 1432 e
2037 1404 2146 1442 quibus

144 1444 278 1480 apparet,
298 1442 477 1480 interpretes
493 1452 567 1471 esse
590 1446 717 1471 secutos
737 1443 835 1471 varias
855 1445 886 1470 et
904 1442 986 1470 varie
1004 1445 1134 1471 mutatas
1157 1442 1371 1471 confutationis
1395 1443 1548 1474 formulas.
1593 1443 1692 1473 Unum
1713 1444 1802 1473 modo
1821 1445 1924 1474 afferre
1944 1445 2085 1475 sufficiat.
2116 1445 2147 1475 ln

143 1487 196 1514 art.
217 1485 268 1513 27.
287 1484 326 1513 de
343 1485 535 1514 monasteriis
558 1488 600 1524 (p.
629 1487 697 1514 107.
722 1484 778 1513 Ed.
803 1483 946 1521 Mueller)
972 1484 1095 1513 exhibet
1119 1484 1243 1514 formula
1269 1483 1394 1514 Codicis
1419 1485 1566 1524 Pssugiani
1597 1488 1703 1516 verba:
1729 1499 1747 1515 α
1776 1487 1913 1526 roqztlari
1936 1489 2000 1517 vita
2019 1499 2150 1527 ——pro-

139 1527 245 1565 fessae
259 1528 392 1568 suerint,
416 1537 493 1566 quae
513 1529 624 1557 absunt
643 1537 660 1556 a
679 1527 805 1566 reliquis
826 1526 962 1555 formulis
982 1527 1084 1561 editis
1107 1531 1207 1556 contra
1231 1527 1330 1562 editae
1350 1515 1461 1557 habent
1484 1529 1590 1558 verba:
1612 1533 1784 1567 potuerunt
1812 1541 1830 1559 α
1861 1535 1972 1559 saneto
1996 1541 2050 1560 suo
2076 1542 2150 1570 pro-

140 1571 248 1609 posito
272 1569 374 1605 avelli,
398 1580 475 1609 quae
496 1569 603 1601 Codex
621 1569 718 1609 Pssug.
743 1571 874 1609 ignorat:
902 1573 1062 1609 utrumque
1081 1571 1178 1599 reddit
1198 1574 1228 1600 et
1251 1571 1346 1608 iungit
1375 1571 1501 1600 formula
1525 1571 1711 1611 Moguntina.
1757 1571 1788 1601 ln
1813 1574 2010 1612 trepidatione
2037 1575 2149 1614 itaque,

143 1623 222 1652 quae
241 1613 413 1643 conditores
434 1613 579 1643 formulae
598 1614 788 1652 germanicae
808 1612 884 1642 ultro
910 1614 1045 1652 citroque
1063 1614 1205 1652 agitabat,
1230 1624 1267 1642 ne
1286 1614 1346 1642 sibi
1367 1624 1402 1643 ac
1428 1614 1574 1644 formulae
1601 1616 1822 1645 construendae
1853 1616 1990 1646 defuisse
2014 1618 2150 1646 videren-

142 1659 198 1695 tur,
217 1657 315 1685 omnia
334 1657 511 1686 festinanter
530 1657 708 1691 corrasisse,
729 1666 852 1694 resque,
873 1665 952 1694 quae
970 1655 1069 1685 semel
1089 1656 1188 1686 dictae
1207 1667 1332 1686 sensum
1352 1658 1508 1686 verborum
1527 1657 1685 1687 latinorum
1709 1669 1781 1687 vere
1806 1663 1835 1688 et
1863 1660 1952 1698 plane
1979 1661 2151 1699 expressis-

143 1702 227 1733 sent,
248 1699 276 1727 iu
300 1699 421 1729 variatis
441 1704 539 1729 autem
560 1699 697 1729 formulis
716 1700 798 1728 varie
818 1698 950 1737 prolatas
970 1699 1050 1728 varie
1070 1709 1192 1738 quoque
1212 1700 1349 1729 videntur
1370 1699 1554 1730 reddidisse.
1599 1701 1666 1730 Nec.
1686 1701 1797 1731 desunt
1815 1702 1891 1737 loci,
1917 1704 1967 1733 ubi
1997 1703 2150 1733 festinatio

143 1741 336 1780 interpretum
357 1743 386 1771 in
405 1742 494 1781 plane
514 1743 690 1772 contrariam
713 1742 820 1771 abierit
838 1746 970 1780 partem3
991 1743 1039 1771 sic
1058 1742 1086 1771 in
1105 1746 1158 1772 art.
1187 1744 1234 1772 ¹27.
1256 1743 1294 1772 de
1314 1747 1476 1772 monaster.
1497 1743 1559 1772 sere
1578 1745 1616 1773 ad
1635 1748 1756 1774 extrem.
1781 1748 1862 1784 (pag.
1885 1749 1952 1775 111.
1972 1745 2029 1777 Ed.
2053 1745 2151 1775 Muel-

140 1782 212 1821 ler.)
231 1785 337 1813 verba:
358 1785 398 1814 de
417 1788 488 1814 voto
508 1785 653 1824 simplici,
674 1795 734 1814 non
753 1785 872 1813 solenni
894 1794 1047 1823 perperam
1067 1786 1168 1816 vertit:
1191 1788 1231 1816 nit
1259 1794 1311 1817 von
1331 1791 1388 1816 bem
1413 1788 1563 1823 fdiledytcn.
1591 1790 1702 1825 fencem
1730 1790 1894 1826 effcntlictwtn
1921 1790 2052 1819 ojetttbnc.
2099 1789 2151 1818 At-

142 1835 202 1865 que
221 1827 325 1856 mirum
349 1828 470 1866 quidem
493 1828 625 1862 videtur,
645 1838 735 1867 quum
755 1831 894 1857 auctores
916 1827 1130 1857 confutationis
1154 1830 1342 1867 germanicae
1371 1829 1484 1858 multos
1511 1830 1654 1859 formulae
1679 1831 1788 1859 latinae
1816 1831 1903 1860 locos
1929 1832 2150 1866 inmutassent,

141 1870 300 1899 auxissent
318 1871 368 1900 vel
387 1872 415 1900 in
434 1871 556 1900 brevius
582 1871 821 1911 contraxissent,
847 1880 937 1909 quum
962 1871 1167 1899 austeritatem
1196 1874 1227 1900 ef
1254 1873 1400 1902 tristitiam
1428 1872 1552 1901 aliorum
1578 1877 1801 1912 temperassent
1830 1875 1986 1903 verborum
2018 1874 2149 1909 lenitate,

141 1911 191 1941 vel
213 1912 336 1942 aliorum
357 1913 510 1943 lenitatem
529 1915 685 1943 verborum
704 1915 802 1952 rigore
822 1917 1073 1952 exasperassent,
1093 1914 1130 1943 ab
1151 1915 1188 1943 iis
1215 1914 1361 1944 formulae
1387 1914 1498 1944 latinae
1521 1925 1579 1945 non
1606 1916 1732 1945 eandem
1759 1916 1856 1945 datam
1886 1917 1983 1946 fuisse
2012 1927 2148 1956 operam:

141 1954 288 1985 formulae
307 1957 386 1986 enim
410 1967 428 1986 a
444 1957 594 1991 Fabricio,
615 1960 644 1986 et
663 1955 851 1991 coelestino,
876 1956 947 1995 quin
966 1957 1043 1985 adeo
1068 1966 1085 1985 a
1104 1955 1257 1996 Chytraeo
1278 1958 1378 1987 editae
1398 1975 1439 1980 -—
1461 1968 1516 1987 eos
1536 1958 1682 1997 permulta
1701 1960 1729 1988 in
1749 1959 1875 1989 formula
1895 1960 2064 1999 germanica
2088 1970 2150 1989 cor-

142 2002 225 2028 recta
243 2003 274 2028 et
292 2000 446 2029 immutata
464 2010 563 2039 neque
583 2000 754 2029 correxisse
776 2001 804 2029 in
825 1999 927 2033 latina,
951 2009 1049 2037 neque
1069 2000 1250 2029 immutasse
1269 2002 1345 2030 satis
1365 2001 1505 2030 docentu

297 2041 381 2072 Haec
398 2042 573 2072 Confutatio
597 2053 614 2072 a
637 2042 828 2072 Mueller.)
848 2042 870 2073 l.
894 2042 912 2071 l.
932 2052 962 2081 p.
986 2043 1162 2072 123—190.
1180 2044 1306 2082 primum
1327 2043 1408 2073 edita
1426 2044 1471 2073 sic
1491 2044 1635 2084 inscripta
1654 2050 1718 2074 est:

348 2103 433 2175 fflfign.
453 2103 570 2138 meteri.
590 2104 718 2140 ffltnieftfit
737 2103 742 2142 Ι
764 2103 949 2137 §natumst-m
974 2101 980 2143 1
1007 2105 1055 2139 auf
1073 2104 1117 2132 ber
1137 2106 1214 2139 fimi,
1236 2104 1434 2141 (Sbutffltsten.
1455 2105 1566 2139 &sittim
1586 2107 1640 2135 unt*
1661 2105 1727 2136 &tet
1747 2107 1893 2143 abergeben
1915 2105 1919 2145 Ι
1940 2106 2068 2144 opinion
2092 2108 2146 2136 unt>

409 2148 547 2176 etontnuss.

835 2196 963 2226 Lectum
985 2197 1018 2225 in
1034 2198 1214 2235 praesentia
1233 2197 1449 2235 Imperatoris,

840 2238 1019 2269 Electorum
1042 2243 1072 2269 et
1095 2239 1225 2270 aliorum
1249 2240 1444 2279 Principum.

293 2307 341 2338 Ex
365 2307 422 2337 bac
444 2306 626 2337 Muelleri
652 2306 795 2337 Editione
819 2307 896 2338 baec
924 2307 1097 2338 Confutatio
1121 2311 1226 2338 iterum
1251 2319 1277 2339 a.
1308 2311 1397 2339 1830.
1424 2309 1503 2338 edita
1530 2313 1578 2338 est
1601 2319 1619 2339 a
1652 2307 1727 2338 lob.
1763 2309 1860 2339 Guil.
1892 2310 2082 2349 Schoepff
2113 2311 2142 2340 iu

138 2348 234 2380 hocce
251 2350 328 2380 libro
336 2363 345 2380 :¹

345 2411 399 2442 mie
417 2411 614 2449 wibettegung
640 2412 685 2441 ber
712 2411 948 2450 ‘IlugBBurgit'tben
973 2411 1147 2449 (Sonteffton,
1179 2413 1269 2443 metrae
1289 2414 1326 2442 im
1355 2413 1462 2442 atamen
1492 2414 1540 2442 bes
1569 2413 1681 2448 Ruisetfl
1712 2415 1766 2442 unb
1797 2414 1842 2443 ber
1873 2414 2142 2452 rbntifctprgestnnten

386 2454 496 2485 <vitante
514 2457 561 2484 nee
581 2455 713 2491 bcutj'dmt
733 2455 848 2499 ffleidye,
876 2465 926 2484 nm·
940 2456 968 2483 3.
995 2455 1099 2493 ’llussut't
1127 2456 1207 2484 1530
1232 2457 1281 2490 nui
1304 2459 1362 2486 Dent
1395 2455 1558 2494 {Reidfflmge
1591 2466 1622 2495 5¹1
1651 2456 1803 2494 ‘lluqssburtj
1828 2457 1959 2493 effentttcb
1990 2458 2140 2494 norgetefen

385 2498 494 2528 metten
515 2498 561 2533 tft;
581 2499 643 2533 aad)
663 2500 708 2528 bet
728 2499 850 2527 urtunbe
869 2500 916 2528 bes
934 2498 1062 2537 Σῡὶαίηῆετ
1082 2498 1196 2533 ‘llrtbinfl
1217 2499 1384 2536 nbgcbrufft,
1404 2500 1453 2529 mit
1476 2500 1547 2529 einer
1567 2500 1772 2537 geftbictytttdyen
1797 2500 1956 2538 etnteaung
1975 2502 2029 2530 unb
2051 2502 2141 2530 er1⁵u=

245 2639 271 2673 ·)
289 2641 304 2666 i.
323 2647 346 2666 e.
363 2641 549 2668 confutationis
567 2642 730 2672 germanicae
749 2641 850 2672 publice
870 2642 1017 2672 praelectae
1036 2642 1234 2673 autographum.
