2366 2958
258 179 325 212 483

259 281 334 304 mus
356 273 446 304 bona
469 281 571 314 opera
599 272 793 304 necessario
826 271 979 303 facienda
1011 279 1101 309 esse,
1135 270 1244 302 Debet

259 315 346 347 enim
375 316 470 356 sequi
500 315 597 347 fidem
627 314 782 346 inchoata
811 312 896 356 legis
930 311 1100 354 implecio,
1132 319 1242 345 tamen

260 357 394 390 Christo
413 367 509 389 suum
531 357 693 389 honorem
716 357 901 394 reddimus,
929 356 1098 388 Sentinius
1120 365 1162 387 ac
1185 356 1242 387 do-

260 410 374 432 cemus
396 401 486 442 quod
509 399 573 432 fide
596 406 732 441 propter
754 399 922 431 Christum
941 409 1054 431 corani
1075 398 1146 430 Deo
1165 399 1242 430 iusri

706 177 822 211 PfflL.
844 177 950 210 MEL.
973 175 1163 210 SCRIPTA·
1182 175 1453 209 DOGMATicA
1474 173 1531 207 ET
1553 174 1830 209 SYMBOLch.

2210 178 2276 212 484

1293 269 1393 301 trudit
1413 267 1537 300 Paulus
1558 269 1692 301 modurn
1713 269 1973 309 iustificationis,
1997 271 2059 303 sed
2082 272 2200 304 scribit
2221 271 2274 305 his

1294 313 1350 355 qni
1383 321 1458 343 cum
1491 310 1635 343 fuissent
1667 312 1852 349 iustificati,
1873 312 2069 345 cohortandi
2092 321 2208 353 erant,
2238 320 2276 347 vt

1293 356 1402 387 bonos
1425 352 1554 385 fructus
1575 352 1716 393 ferrent,
1745 365 1787 387 ne
1816 357 2004 388 amitterent
2026 357 2177 397 spiritum
2198 367 2276 389 san-

1293 403 1393 430 ctuni.
1444 397 1497 428 Ac
1527 403 1745 438 praepostere
1785 397 1911 430 faciunt
1943 399 2147 441 aduersarij,
2186 398 2276 432 huno

258 449 467 485 reputemur,
491 444 580 484 quod
602 453 669 474 non
693 448 883 483 reputemur
905 443 981 474 iusti
1003 447 1141 484 propter
1163 451 1241 483 ope·
1264 435 1268 482 J
1292 450 1392 472 vnum
1415 438 1527 471 locum
1550 440 1663 479 citant,
1686 441 1718 471 in
1742 451 1808 482 quo
1833 439 1957 473 Paulus
1982 442 2080 474 docet
2101 443 2143 473 de
2165 440 2276 474 fructi-

258 497 307 524 ra,
341 487 413 517 sine
443 485 624 517 mediatore
654 485 805 523 Christo,
840 485 930 526 quod
956 495 1023 516 non
1054 493 1242 516 mereamur
1264 483 1268 521 ξ
1293 484 1368 521 buS,
1392 481 1476 514 alios
1498 481 1595 514 locos
1629 481 1790 524 plurimos
1814 485 1978 523 omittunt,
2012 484 2045 515 in
2078 485 2199 526 quibus
2222 494 2276 517 or-

257 529 486 560 remissionem
514 535 745 569 peccatorum,
779 529 918 569 gratiam
941 533 974 559 et
996 528 1158 559 iusticiam
1182 536 1242 567 per
1263 541 1266 557 ι
1292 526 1367 557 dine
1400 526 1544 566 disputat
1573 525 1615 556 de
1637 526 1736 557 modo
1766 526 2021 558 iustificationis.

2066 527 2121 558 Ad
2143 526 2220 565 hoc,
2241 528 2276 559 in

257 581 378 612 opera,
404 571 493 612 quod
524 581 626 611 opera
650 577 767 602 nostra
789 580 857 602 non
880 571 1049 612 possimus
1072 578 1241 611 opponere
1264 570 1266 608 Ι
1290 567 1368 610 alijs
1389 567 1472 600 locis
1497 568 1552 609 qui
1575 568 1616 599 de
1636 567 1702 600 fide
1723 567 1922 610 loquuntur,
1951 579 2083 611 semper
2103 570 2278 602 ascribunt

257 614 326 645 irae
341 620 373 645 et
391 614 512 645 iudicio
525 614 601 651 Dei,
626 614 714 654 quod
734 622 837 654 opera
855 623 922 645 non
942 614 1073 655 possint
1092 618 1239 644 terrores
1264 627 1265 640 ι

255 658 384 699 peccati
409 657 551 688 vincere.
596 656 663 688 Sed
687 656 775 698 quod
797 654 870 687 sola
893 655 958 688 fide
978 657 1155 688 vincantur
1177 660 1240 685 ter-

1292 611 1534 643 correctionem
1543 633 1553 649 ,

1290 660 1389 685 inata.

1600 611 1673 643 uod
1707 612 1850 643 debeant
1881 610 2020 654 intelligi
2050 612 2091 643 de
2120 612 2186 644 fide
2207 611 2277 643 soi·-

1444 653 1507 685 liic
1539 664 1583 685 nu
1609 664 1662 685 am
1693 654 1867 686 ascribunt
1896 655 2152 693 correctionem,
2185 655 2277 696 quod

254 709 352 731 rores
374 700 519 740 peccati,
549 700 637 741 quod
662 705 787 730 tantum
816 699 979 730 mediator
1002 697 1156 730 Chzistus
1178 706 1240 738 per
1262 698 1265 730 ι’
1291 696 1356 728 fide
1378 697 1475 728 etiam
1499 705 1584 737 opus
1607 697 1661 735 sit,
1685 698 1855 728 senciente
1877 697 1967 739 quod
1989 704 2179 739 reputemur
2196 697 2277 729 iusti

256 742 353 774 fidem
378 743 598 783 opponendus
622 742 666 773 sit
688 742 757 773 irae
780 747 813 772 et
839 741 960 773 iudicio
984 741 1059 772 Dei.
1103 740 1140 771 Si
1164 739 1238 781 quis

255 795 356 817 secus
380 785 496 823 sentit,
519 795 586 816 non
609 785 716 816 reddit
739 783 874 816 Christo
898 785 1043 815 debitum
1065 782 1237 816 honorem,

1290 745 1427 780 propter
1449 737 1617 771 Christum
1640 740 1908 781 propiciatorem.
1949 739 1998 771 lta
2014 740 2197 782 aduersarij
2221 750 2276 772 ex-

1290 780 1427 813 cludunt
1450 781 1619 813 Christum
1641 792 1661 813 a
1683 782 1929 821 iustificatione,
1952 788 1984 813 et
2006 789 2133 814 tantum
2152 783 2277 814 docent

256 828 311 868 qui
333 829 525 869 propositus
549 833 611 866 est,
634 834 669 858 vt
692 828 734 858 sit
758 828 972 868 propiciator,
996 831 1031 857 vt
1049 835 1109 867 per
1131 825 1237 866 ipsum
1264 833 1267 859 ι
1291 824 1454 856 iusticiam
1482 822 1584 867 legis,
1615 825 1684 857 Sed
1712 825 1890 857 redeamus
1918 826 1960 857 ad
1986 824 2136 856 Paulum.
2187 823 2278 857 Nihil

254 869 437 902 habeamus
465 880 643 902 accessum
666 871 708 902 ad
732 870 878 901 Patrem.
923 869 1105 911 Loquimur
1127 874 1238 899 autem

254 923 345 945 nunc
372 914 413 945 de
444 914 572 946 iusticia
601 923 660 955 per
683 923 780 955 quam
804 913 934 954 agimus
959 922 1033 943 cum
1056 910 1148 947 Deo,
1170 920 1238 942 non

256 966 330 988 cum
354 957 564 995 hominibus,
599 957 660 987 sed
689 966 754 997 qua
782 955 1061 997 apprehendimus
1085 954 1240 995 gratiam,

259 1005 293 1030 et
326 1009 442 1040 pacem
477 999 714 1031 conscientiae.
766 998 842 1029 Non
875 1004 989 1038 potest
1023 1003 1134 1028 autem
1159 1006 1238 1027 con-

255 1042 395 1074 scientia
424 1048 544 1083 pacata
577 1042 671 1073 reddi
702 1050 815 1072 coram
837 1039 930 1079 Deo,
960 1040 1024 1071 nisi
1053 1038 1127 1071 sola
1161 1038 1239 1075 fide,
1266 1031 1268 1072 i

255 1095 321 1127 qua
344 1086 457 1116 statuit
475 1085 573 1116 nobis
585 1084 694 1115 Deum
716 1083 885 1124 placatum
903 1093 981 1115 esse
998 1088 1134 1125 propter
1146 1081 1238 1113 Chri-
1263 1093 1268 1130 f

255 1134 351 1160 stum.
398 1128 491 1159 quta
525 1125 617 1159 illud.
662 1126 835 1158 iustificati
869 1136 911 1158 ex
934 1126 1017 1164 fide,
1043 1135 1160 1166 pacem
1184 1123 1239 1155 ha-

254 1171 383 1205 bemus,
407 1170 484 1212 quia
511 1169 700 1201 iustificatio
722 1175 848 1201 tantum
877 1174 928 1201 est
955 1179 1012 1200 res
1035 1168 1140 1210 gratis
1163 1177 1239 1209 pro-

254 1214 355 1245 missa
388 1220 526 1254 propter
549 1211 736 1250 Christum,
770 1222 873 1254 quare
906 1210 981 1244 sola
1012 1211 1078 1243 fide
1107 1220 1241 1252 semper

255 1266 366 1288 coram
384 1255 460 1287 Deo
483 1256 657 1297 accipitur.

340 1324 438 1356 Nunc
460 1325 560 1366 igitur
580 1322 857 1364 respondebimus
880 1323 923 1354 ad
935 1321 1010 1354 illos
1023 1321 1132 1360 loom,
1154 1331 1241 1364 quos

255 1368 355 1400 citant
379 1367 578 1407 aduersarij,
601 1372 637 1398 vt
660 1367 802 1407 probent
822 1375 885 1397 nos
909 1365 1087 1398 dilectione
1109 1371 1143 1397 et
1163 1375 1242 1407 ope-

253 1411 346 1443 ribus
359 1409 540 1442 iustificari.
574 1409 625 1441 Ex
643 1408 824 1451 Corinthijs
837 1410 950 1442 citant.
967 1412 1021 1447 21)
1055 1409 1091 1442 Si
1110 1419 1241 1441 omnem

253 1453 352 1486 fidem
375 1453 516 1485 habeam
534 1458 596 1485 etc.
620 1453 790 1484 caritatem
807 1455 859 1491 22)
881 1457 990 1484 autem
1010 1462 1077 1485 non
1088 1451 1242 1490 habeam,

252 1496 335 1529 nihil
359 1507 442 1529 sum.
477 1495 518 1528 Et
541 1496 596 1528 liic
618 1495 796 1547 magnifice
811 1497 864 1534 23)
887 1495 1102 1537 triumphant,
1123 1494 1241 1527 Totam

252 1539 452 1574 Ecclesiam,
476 1540 580 1578 aiunt,
603 1540 765 1572 certificat
787 1538 924 1579 Paulus,
948 1538 1039 1580 quod
1061 1549 1129 1570 non
1152 1538 1242 1570 iusti-

254 1582 333 1615 ficet
355 1581 431 1615 sola
454 1581 548 1614 fides.
582 1581 706 1614 Facilis
730 1587 841 1614 autem
859 1582 1037 1623 responsio
1060 1587 1126 1619 est,
1149 1585 1242 1622 post-

255 1635 354 1668 quam
383 1626 588 1657 ostendimus
616 1627 799 1667 supra‚²⁴)
834 1625 912 1666 quid
943 1625 985 1656 de
1007 1623 1186 1656 dilectione
1210 1628 1243 1655 et

256 1669 415 1710 operibus
439 1669 639 1700 senciamus.
676 1668 739 1700 liic
762 1666 859 1700 locus
881 1666 977 1700 Pauli
999 1668 1137 1710 requirit
1164 1665 1243 1698 dile-

256 1712 411 1744 ctionem.
456 1711 551 1744 Hanc
589 1712 788 1754 requirimus
816 1717 849 1742 et
889 1721 964 1743 nos.
981 1712 1034 1749 ²⁵)
1088 1709 1243 1742 Diximus

258 1754 345 1787 enim
380 1765 482 1797 supi-a
511 1761 666 1796 oportere
704 1755 848 1786 existere
880 1754 914 1786 in
947 1754 1115 1793 nobis²⁶)
1146 1763 1244 1785 reno-

257 1799 445 1837 uationem,
478 1804 510 1830 et
544 1797 733 1830 inchoatam
763 1796 849 1840 legis
878 1795 1126 1838 implecionem,
1154 1797 1246 1828 iuxta

258 1839 350 1872 illud.
396 1840 496 1873 Dabo
519 1839 626 1883 legem
649 1851 756 1872 meam
786 1841 819 1871 in
842 1840 946 1872 corda
969 1849 1095 1871 eorum.
1111 1841 1165 1878 ²⁷)
1209 1838 1245 1870 Si

259 1884 333 1926 quis
348 1885 400 1922 ²8)
431 1883 641 1916 dilectionem
669 1884 845 1921 abiecerit,
878 1883 976 1916 etiam
1004 1883 1033 1914 si
1054 1882 1158 1914 habet
1180 1892 1246 1914 ma—

261 1937 359 1969 gnam
394 1926 510 1966 fldem,
543 1933 650 1958 tamen
678 1937 745 1959 non
774 1927 891 1958 retinet
919 1935 1004 1958 eam.
1060 1925 1135 1957 Non
1160 1925 1246 1957 enim

259 1971 378 2001 retinet
401 1970 551 2012 spiritum
575 1976 737 2002 sanctum.
770 1971 823 2008 29)
834 1969 953 2012 Neque
976 1978 1057 2001 vero
1080 1967 1146 2001 hoc
1167 1966 1245 2000 loco

263 2134 310 2165 22)
330 2133 476 2166 caritatem]
495 2133 575 2157 Editt.
596 2134 688 2157 2—4.·.
708 2132 883 2156 Dilectioneru

264 2176 392 2208 23)nihi1
420 2184 485 2200 sum.
521 2175 555 2200 Et
577 2176 619 2200 hic
642 2175 789 2209 magnifice]
813 2175 897 2200 Editt.
922 2175 1012 2199 2—4.:
1038 2173 1103 2199 nihil
1127 2181 1197 2201 suni.
1221 2176 1247 2197 et

332 2211 470 2241 magnifice

264 2254 312 2285 24)
331 2253 426 2277 Faeni,
450 2256 535 2277 nutem
560 2254 696 2285 responsio
725 2257 777 2283 est,
802 2256 936 2284 postquam
962 2251 1122 2276 ostendimus
1149 2250 1248 2281 suprad

335 2288 417 2312 Editt.
438 2289 527 2312 2—4.2
546 2286 631 2312 Facile
652 2292 691 2311 est
708 2291 793 2311 antem
813 2287 984 2318 respondere,
1008 2285 1148 2318 Postquam
1171 2292 1249 2317 supra

335 2323 496 2346 ostendimus

265 2365 312 2394 25)
331 2366 484 2397 requirimus
505 2369 530 2388 et
548 2365 616 2396 nos.]
635 2364 716 2389 Editt.
735 2365 826 2389 2—⁴.:
847 2368 872 2388 et
890 2371 938 2387 noi
958 2364 1121 2395 requirimus,

266 2407 312 2439 ²6)
333 2409 444 2432 existere
463 2409 488 2432 in
508 2407 595 2439 nobis]
615 2407 697 2432 Editt.
718 2408 806 2432 2—⁴.:
826 2408 851 2431 in
871 2408 945 2431 nobis
965 2408 1076 2431 existere

267 2451 313 2481 27)
333 2452 406 2475 iuxta
426 2452 497 2475 illud.
537 2451 614 2475 Dabo
633 2452 719 2482 legem
738 2458 820 2475 meam
840 2451 867 2475 in
886 2451 966 2474 eorda
989 2447 1100 2480 eornm]
1124 2449 1150 2472 α’·
1168 2447 1248 2472 Editt.

338 2487 413 2510 2-4.
433 2485 526 2510 duum.

269 2528 316 2558 2⁸)
335 2528 364 2551 Si
384 2530 452 2559 quin]
471 2529 549 2552 Enim.
571 2529 659 2552 2—4.:
680 2527 767 2556 Quare
786 2528 866 2560 siqui·

269 2570 316 2602 29)
338 2571 427 2602 Nequi—
448 2579 507 2594 vero
527 2571 576 2594 hoe
596 2572 653 2594 loeo
673 2571 752 2595 tradit
777 2570 871 2595 Pontus
895 2583 927 2589 —-
949 2582 978 2588 —
999 2583 1030 2587 —
1050 2575 1180 2592 arcessam
1205 2567 1250 2591 ha—

340 2607 428 2629 bamus
457 2606 488 2629 nd
515 2605 619 2638 Duum}
648 2605 707 2629 haec
733 2607 758 2628 in
783 2604 862 2629 Ediii.
892 2606 968 2629 2—4.
997 2605 1032 2628 n'c
1060 2607 1156 2628 vetula
1186 2606 1250 2626 nunt:

341 2639 430 2672 Neque
451 2647 512 2663 uero
533 2641 657 2672 seqnitur,
677 2640 745 2672 qnod
765 2640 825 2664 ideo
844 2640 950 2665 dileetio
969 2638 1104 2667 instinct-t.
1127 2637 1177 2661 hoe
1204 2642 1252 2666 est,

1290 867 1467 908 quisquam
1496 877 1537 898 ex
1560 867 1627 899 hoc
1653 873 1745 899 textu
1774 866 1916 909 amplius
1939 868 2130 900 ratiocinari
2152 873 2278 909 potest,

1290 919 1390 951 quam
1423 910 1513 951 quod
1548 909 1681 942 dilectio
1715 911 1759 941 sit
1793 911 1999 942 necessaria.
2055 910 2092 941 id
2125 909 2278 942 fatemur.

1291 953 1385 984 Sicut
1417 953 1647 984 necessarium
1681 960 1750 991 est,
1782 963 1851 984 non
1884 951 1997 984 furari.
2046 953 2163 994 Neque
2195 961 2278 985 vero

1291 1001 1385 1026 recte
1413 995 1682 1033 ratiocinabitur,
1707 996 1812 1037 siquis
1840 996 1916 1027 inde
1939 994 2018 1027 velit
2040 995 2107 1027 hoc
2129 994 2277 1028 efficere.

1290 1037 1366 1069 Non
1388 1035 1492 1069 furari
1510 1039 1737 1069 necessarium
1759 1044 1824 1076 est,
1846 1038 1947 1079 igitur
1970 1049 2035 1070 non
2059 1038 2162 1070 furari
2185 1038 2277 1070 iusti-

1292 1079 1382 1118 ficat,
1410 1081 1486 1122 quia
1514 1079 1706 1112 iustificatio
1735 1091 1802 1112 non
1833 1087 1884 1111 est
1912 1082 1993 1112 certi
2025 1081 2136 1122 operis
2159 1091 2279 1123 appro-

1293 1123 1395 1161 batio,
1423 1123 1483 1154 sed
1513 1123 1616 1155 totius
1647 1133 1824 1164 personae.
1870 1121 1960 1154 Nihil
1990 1123 2089 1165 igitur
2111 1123 2192 1154 ledit
2214 1133 2278 1155 nos

1291 1165 1346 1197 hic
1372 1165 1467 1197 Pauli
1492 1164 1601 1197 locus.
1653 1165 1794 1197 Tantum
1822 1175 1865 1197 ne
1892 1164 2054 1208 affingant
2080 1165 2280 1207 aduersarij,

1293 1209 1451 1250 quidquid
1474 1208 1556 1249 ipsis
1578 1208 1672 1247 libet,
1696 1209 1770 1240 Non
1794 1209 1880 1240 enim
1901 1209 1992 1247 dicit,
2015 1209 2104 1250 quod
2127 1208 2282 1240 iustificet

1294 1251 1440 1292 dilectio,
1463 1252 1525 1283 sed
1548 1252 1638 1293 quod
1661 1251 1742 1283 nihil
1766 1252 1838 1288 sim,
1861 1252 1894 1283 id
1917 1257 1980 1289 est,
2002 1252 2092 1293 quod
2115 1251 2199 1283 fides
2222 1261 2282 1283 ex·

1292 1295 1481 1337 tinguatur,
1503 1293 1688 1336 quamlibet
1715 1305 1837 1337 magna
1860 1295 2049 1336 contigerit.
2090 1294 2166 1325 Non
2190 1294 2282 1332 dicit,

1293 1338 1384 1379 quod
1423 1336 1558 1369 dilectio
1595 1338 1707 1369 vincat
1741 1343 1890 1369 terrores
1923 1338 2053 1378 peccati
2086 1342 2119 1369 et
2152 1337 2281 1375 mortis,

1294 1380 1383 1422 quod
1406 1379 1619 1412 dilectionem
1646 1386 1796 1412 nostram
1825 1390 1997 1422 opponere
2018 1380 2190 1421 possimus
2211 1379 2282 1411 irae

1292 1433 1333 1454 ac
1355 1424 1476 1455 iudicio
1499 1422 1576 1461 Dei,
1599 1423 1688 1465 qnod
1711 1422 1844 1455 dilectio
1867 1429 1984 1455 nostra
2005 1421 2191 1454 satisfaciat
2213 1421 2283 1464 legi

1292 1465 1369 1504 Dei,
1392 1466 1483 1508 quod
1510 1466 1584 1498 sine
1606 1467 1832 1507 propiciatore
1854 1465 1990 1498 Christo
2018 1466 2201 1497 habeamus
2222 1473 2282 1497 ac-

1293 1518 1426 1540 cessum
1450 1509 1493 1540 ad
1505 1507 1613 1540 Deum
1636 1515 1753 1540 nostra
1776 1508 1969 1546 dilectione,
1992 1509 2082 1550 quod
2101 1507 2284 1540 dilectione

1293 1557 1410 1584 nostra
1439 1551 1641 1592 accipiamus
1675 1552 1874 1593 promissam
1904 1551 2133 1583 remissionem
2162 1559 2283 1591 pecca-

1293 1600 1413 1626 torum.
1456 1593 1547 1626 Nihil
1570 1594 1688 1625 horum
1712 1594 1792 1627 dicit
1814 1592 1950 1626 Paulus.
1990 1593 2066 1625 Non
2089 1594 2190 1635 igitur
2208 1601 2284 1625 sen-

1293 1637 1330 1669 tit
1353 1637 1441 1679 quod
1463 1636 1596 1669 dilectio
1617 1636 1783 1675 instificet,
1805 1637 1883 1679 quia
1906 1641 2032 1668 tanturn
2055 1637 2101 1668 ita
2123 1635 2282 1668 iustifica-

1293 1691 1386 1719 mur,
1414 1690 1489 1712 cum
1511 1680 1792 1722 apprehendimus
1821 1680 2078 1722 propiciatorem
2100 1678 2282 1717 Chi-istm,

1295 1729 1327 1755 et
1349 1724 1514 1756 credimus
1541 1724 1640 1755 nobis
1662 1722 1772 1755 Deum
1802 1730 1940 1765 propter
1962 1721 2148 1760 Christum,
2171 1719 2282 1763 placa·

1295 1773 1364 1799 tum
1389 1776 1478 1799 esse.
1528 1767 1600 1798 Nee
1631 1772 1681 1798 est
1710 1766 1899 1798 iustificatio
1922 1765 2131 1802 somnianda,
2156 1764 2285 1796 omisso

1295 1811 1518 1851 propiciatore
1553 1808 1698 1841 Christo.
1761 1807 1897 1841 Tollant
1928 1808 2113 1849 aduersarij
2142 1807 2284 1848 promis-

1296 1853 1423 1884 sionem
1446 1853 1488 1884 de
1509 1851 1664 1891 Christo,
1693 1850 1851 1884 aboleant
1878 1848 2113 1893 Euangelium‚
2142 1850 2171 1881 si
2201 1847 2284 1880 nihil

1297 1905 1382 1937 opus
1416 1902 1468 1928 est
1497 1895 1650 1934 Christo,
1682 1895 1710 1926 si
1743 1900 1860 1926 nosti-a
1893 1892 2070 1925 dilectione
2103 1901 2283 1934 possumus

1297 1940 1434 1971 vincere
1460 1945 1618 1976 mortem,
1647 1938 1676 1969 si
1700 1943 1816 1969 nostra
1840 1935 2036 1975 dilectione,
2068 1936 2141 1967 sine
2173 1935 2284 1977 propi·

1298 1982 1422 2014 ciatore
1451 1980 1585 2012 Christo
1619 1990 1795 2012 accessum
1824 1979 1988 2011 habemus
2021 1979 2064 2010 ad
2093 1977 2284 2018 Deum.'³⁹)

1298 2024 1493 2066 Aduersarij
1529 2029 1743 2064 corrumpunt
1775 2021 1935 2064 pleraque
1967 2021 2060 2060 loca,
2094 2021 2171 2063 quia
2200 2029 2283 2052 suas

1297 2068 1472 2109 opiniones
1504 2068 1547 2098 ad
1575 2077 1616 2099 ea
1638 2066 1795 2101 afferunt,
1819 2075 1886 2097 non
1909 2071 2043 2098 sumunt
2065 2074 2107 2096 ex
2129 2063 2212 2106 ipsis
2233 2061 2285 2095 lo·

1367 2223 1436 2255 quod
1456 2226 1560 2254 propter
1583 2221 1749 2245 dilectionem
1776 2221 1931 2250 accipiamus
1956 2218 2137 2243 remissionem
2160 2222 2282 2251 peecato-

1369 2265 1433 2286 rum,
1452 2256 1522 2288 quod
1542 2256 1648 2280 dileetio
1667 2257 1755 2279 uincat
1774 2259 1885 2278 terrores
1910 2255 1999 2277 mortis
2025 2257 2050 2276 et
2075 2253 2187 2284 peccati.
2211 2252 2284 2282 qnod

1373 2293 1479 2315 dilectio
1500 2291 1593 2315 debeat
1612 2291 1709 2322 opponi
1730 2291 1798 2317 irae,
1818 2296 1848 2311 nc
1873 2288 1969 2312 iudicio
1993 2287 2056 2315 nei,
2083 2287 2154 2318 quod
2177 2286 2284 2310 ditectio

1368 2327 1420 2357 legi
1444 2326 1602 2354 satisfaciat,
1627 2325 1748 2356 quodque
1776 2324 1857 2346 renati
1882 2326 1987 2354 propter
2012 2322 2078 2352 legia
2107 2321 2284 2352 ‘impletion-

1369 2362 1468 2391 accepti
1489 2360 1546 2384 Deo
1564 2360 1651 2389 simus,
1670 2367 1722 2383 non
1743 2362 1848 2389 proptor
1868 2357 1997 2380 Christum
2017 2356 2108 2387 gratie.
2141 2356 2213 2379 liaeo
2231 2362 2284 2379 non

1370 2396 1431 2419 dicit
1451 2395 1560 2421 Paulus.
1579 2401 1645 2425 qnae
1671 2399 1755 2418 tamen
1781 2392 1909 2421 affingunt
1933 2392 2076 2422 :duem-:ij
2101 2391 2194 2414 nostri.
2230 2389 2285 2413 iani

1370 2431 1391 2453 si
1412 2434 1500 2453 nostra
1519 2429 1662 2453 dilectione
1680 2428 1807 2451 uincimus
1827 2428 1889 2450 imm
1910 2424 1975 2453 Dei,
1994 2427 2014 2449 si
2034 2429 2124 2448 nostra
2142 2424 2285 2448 dilectione

1371 2472 1457 2488 coram
1478 2465 1534 2488 Deo
1554 2470 1681 2487 meremur
1699 2461 1759 2494 [Ed.
1780 2462 1819 2485 ιι
1844 2459 1999 2491 mereamur!
2025 2460 2202 2483 remissionem
2227 2465 2284 2490 pee-

1372 2503 1503 2527 catorum,
1521 2499 1541 2521 si
1561 2503 1652 2521 nostra
1676 2497 1827 2527 impletione
1853 2496 1916 2524 legis
1941 2502 2026 2518 snmus
2050 2495 2168 2524 accepti,
2192 2493 2287 2517 tonant

1371 2534 1514 2564 aduersu-ij
1535 2533 1731 2564 promissionem
1750 2530 1858 2558 Chi-isti,
1877 2529 1998 2552 aboleant
2016 2528 2196 2559 Euangoiium,
2215 2526 2285 2559 qnod

1373 2569 1448 2592 dotet
1474 2575 1520 2591 nos
1549 2573 1679 2590 arcos-nm
1709 2564 1805 2588 habero
1836 2564 1869 2587 ad
1897 2563 1980 2587 Deum
2013 2570 2057 2594 per
2083 2562 2284 2595 propiciatorem

1372 2603 1518 2629 Christum,
1543 2602 1612 2632 qnod
1633 2602 1709 2624 docet
1733 2607 1780 2623 iios
1805 2607 1856 2622 nnn
1883 2602 1986 2629 propter
2010 2602 2124 2621 nostr-ni
2148 2596 2214 2627 legin
2238 2597 2284 2620 in-

1373 2637 1523 2669 pletionem,
1541 2636 1586 2660 ned
1605 2639 1708 2667 propter
1727 2634 1862 2659 Christum
1881 2637 2003 2664 acceptos
2022 2637 2087 2656 cuc.
