2366 2958
201 182 269 215 499

202 287 272 308 non

205 319 283 350 ldeo
314 329 446 360 semper
473 320 622 360 angitur,
651 324 683 349 ct
705 317 847 348 subinde
869 315 933 348 alia
956 326 1075 358 opera,
1098 314 1181 347 alios

205 361 315 393 cultus
347 363 532 403 excogitat,
567 361 672 392 donec
703 370 843 401 prorsus
872 360 1037 401 desperat.
1090 359 1181 390 Haec

204 405 289 436 ratio
324 411 413 435 extat
446 404 533 445 apud
568 401 705 434 Paulum
746 401 840 433 Rom.
872 402 926 444 iiij.
961 402 1016 433 vbi
1050 403 1181 442 probat,

205 447 293 489 quod
327 448 504 487 promissio
538 446 703 483 insuetae,
743 455 810 475 non
845 445 1014 487 contingat
1047 450 1182 486 propter

204 500 306 531 opera
336 496 469 526 nostra,
503 489 579 529 quia
613 498 779 529 nunquam
813 497 990 528 possemus
1023 494 1182 526 statuere,

204 533 292 575 quod
321 531 519 563 haberemus
548 528 712 571 placatum
742 529 860 562 Deum.
895 529 966 561 Lex
988 531 1072 561 enim
1101 540 1181 561 sem-

203 585 263 616 per
293 581 448 610 accusat,
479 574 524 604 lta
547 574 723 614 promissio
749 573 838 604 irrita
863 579 970 611 esset,
993 579 1025 604 et
1045 574 1183 610 incerta,

205 619 281 649 ldeo
306 616 472 648 concludit
495 617 581 657 quod
602 616 778 657 promissio
802 614 858 646 illa
880 616 1083 647 remissionis
1106 625 1182 655 pec-

205 667 351 693 catorum
383 666 415 690 et
443 659 593 690 iusticiae
623 658 687 689 fide
715 659 915 699 accipiatur,
950 669 1014 690 non
1047 663 1183 699 propter
1207 672 1210 687 :

203 713 314 745 opera.
362 702 454 733 Haec
477 708 527 733 est
553 711 632 732 vera
654 707 686 731 et
709 701 849 743 simplex
873 707 903 732 et
928 711 1086 742 germana
1109 710 1183 731 sen·
1207 691 1210 729 l

203 747 303 777 tentia
334 743 438 782 Pauli,
473 746 505 776 in
535 755 599 785 qua
629 745 770 775 maxima
801 743 988 775 consolatio
1016 744 1080 784 pijs
1104 753 1182 773 con-
1206 735 1210 794 f

204 789 353 828 scientijs
377 787 549 828 proposita
573 794 634 824 est,
659 793 691 817 et
714 785 898 818 illustratur
921 785 1027 827 gloria
1046 785 1182 823 Christi,
1205 804 1210 863 1

306 282 417 317 potest
444 281 610 313 statuere,
645 275 734 317 quod
767 284 851 315 opus
880 273 1064 304 satisfaciat
1093 272 1180 312 Deo,
1205 277 1211 332 Ι

203 831 256 872 qui
287 836 377 861 certe
400 831 442 861 ad
465 830 530 861 hoc
553 830 695 861 donatus
719 836 770 860 est
799 830 916 866 nobis,
939 835 974 859 vt
997 838 1055 870 per
1076 829 1189 869 ipsum

204 873 388 905 habeamus
412 874 564 914 gratiam,
588 873 760 909 iusticiam,
784 877 815 903 et
839 881 964 912 pacem.

291 915 459 946 Hactenus
489 916 716 946 recensuimus
746 915 942 955 praecipuos
971 913 1067 944 locos
1097 923 1182 954 quos
1208 943 1209 949 ,

203 958 385 999 aduersarij
421 966 537 989 contra
572 968 633 989 nos
669 958 787 995 citant,
811 963 846 987 vt
869 957 1063 993 ostendant,
1094 955 1209 997 quod}

204 1002 287 1033 fides
312 1011 378 1032 non
402 1000 564 1038 institit-et,
587 1007 617 1031 et
642 1001 730 1041 quod
754 1009 936 1030 mereamur
954 998 1183 1030 remissionem

202 1051 414 1086 peccatorum
439 1050 471 1074 et
490 1044 628 1085 gratiam
652 1053 711 1083 per
734 1052 836 1083 opera
859 1047 986 1072 nostra.
1017 1041 1084 1073 Sed
1109 1051 1183 1082 spe·
1208 1038 1210 1075 f»

202 1097 315 1118 ramus
345 1097 407 1117 uos
431 1087 495 1128 pijs·
519 1086 734 1126 conscientiis
757 1085 838 1116 satis
862 1084 1070 1122 ostendisse,
1095 1083 1183 1125 quod
1208 1086 1211 1116 i

202 1129 235 1161 hi
269 1129 333 1160 loci
367 1140 432 1160 non
462 1129 681 1159 aduersentur
709 1134 844 1158 nostrae
867 1127 1061 1161 sententiae,
1095 1126 1184 1167 quod

202 1173 383 1211 aduersarij
406 1169 492 1202 male
514 1171 729 1211 detorqueant
751 1171 935 1210 scripturas
953 1170 996 1200 ad
1019 1178 1100 1201 suas
1117 1168 1184 1209 opi·
1208 1166 1211 1209 ζ

203 1217 337 1252 mones,
372 1214 459 1255 quod
493 1212 694 1255 plaerosque
734 1211 830 1243 10005
864 1213 964 1243 citent
998 1215 1210 1259 trunctttOS‚i

203 1260 292 1301 quod
316 1257 449 1288 omissis·
479 1256 563 1287 locis
588 1255 782 1287 clarissimis
807 1256 849 1286 de
873 1255 955 1292 fide,
979 1261 1106 1286 tantum
1130 1264 1184 1285 ex·
1208 1261 1210 1282 ὲ

203 1306 339 1342 cerpant
374 1310 415 1330 ex
449 1300 622 1339 scripturis
652 1297 748 1330 locos
777 1299 818 1329 de
849 1299 1027 1339 operibuS,
1058 1306 1209 1338 eosque*

203 1345 404 1385 deprauent‚
435 1343 522 1384 quod
553 1342 670 1383 vbique
700 1339 861 1383 affingant
896 1340 1057 1371 humanas
1085 1349 1183 1382 quas·
1207 1344 1209 1374 f

203 1388 277 1419 dam
309 1386 498 1427 opiniones,
528 1390 661 1426 praeter
687 1385 719 1415 id
753 1385 842 1425 quod
870 1384 974 1415 verba
997 1383 1183 1424 scripturae
1207 1379 1210 1421 l

203 1431 327 1467 dicuat,
351 1429 438 1469 quod
462 1427 570 1470 legem
594 1428 639 1458 ita
663 1428 821 1465 doceant,
844 1432 879 1458 vt
901 1424 1118 1468 Euangelium
1142 1425 1184 1456 de
1207 1425 1210 1430 ’

202 1472 338 1505 Christo
357 1472 507 1503 obruant.
543 1470 626 1501 Tota
642 1471 724 1501 enim
740 1469 891 1501 doctrina
903 1469 1182 1505 aduersariorum,

201 1517 318 1558 partim
343 1520 392 1545 est
422 1525 442 1545 a
471 1514 598 1545 ratione
627 1512 771 1545 humana
799 1518 946 1553 sumpta,
979 1511 1098 1552 partim
1132 1516 1184 1542 est

203 1559 353 1590 doctrina
381 1555 484 1599 legis,
520 1567 585 1587 non
610 1553 803 1597 Euangdij,
836 1554 933 1586 Duos
957 1555 1042 1585 enim
1064 1553 1182 1585 modos
1207 1581 1209 1593 ,

202 1601 443 1633 iustificationis
472 1599 622 1636 tradunt,
645 1609 783 1640 quorum
805 1596 891 1629 alter
915 1604 966 1630 est
988 1602 1140 1637 sumptus
1163 1606 1182 1627 a
1206 1599 1209 1637 Ι

202 1645 341 1681 ratione,
365 1641 449 1674 alter
470 1653 509 1674 ex
533 1641 619 1682 lege,
642 1652 708 1673 non
739 1651 778 1673 ex
804 1638 1000 1684 Euangelio,
1023 1650 1083 1671 seu
1106 1649 1183 1681 pro·
1206 1651 1209 1664 ι

202 1688 361 1719 missione
383 1687 424 1717 110
448 1684 595 1716 Christo.

289 1729 384 1760 Prior
403 1729 520 1759 modus
541 1726 782 1759 iustificationis
801 1731 852 1757 est
871 1726 956 1767 apud
971 1726 1075 1767 ipsos,
1094 1725 1183 1766 quod

202 1773 323 1805 docent
357 1771 507 1802 homines
538 1781 598 1811 per
630 1771 715 1801 hona
745 1779 848 1810 opera
882 1769 1000 1800 mereri
1031 1768 1182 1809 gratiam,

201 1822 268 1847 tum
293 1815 334 1845 dc
353 1824 513 1855 congruo,
537 1820 602 1844 tum
627 1813 667 1844 de
691 1813 868 1854 condigno·
906 1811 967 1843 1110
990 1810 1108 1842 modus
1132 1816 1184 1841 est

202 1859 352 1889 doctrina
384 1857 540 1893 rationis,
571 1856 647 1897 quia
678 1856 761 1886 ratio
784 1865 850 1886 non
874 1855 991 1886 videns
1014 1853 1182 1884 immundi-

203 1902 283 1932 ciem
314 1901 441 1933 cordis,
468 1899 567 1930 sentit
597 1909 634 1929 se
658 1899 702 1929 ita
731 1897 866 1939 placare
889 1896 1015 1934 Deum,
1045 1897 1073 1927 si
1099 1897 1182 1927 bene

202 1950 368 1986 operetur,
391 1949 422 1973 et
443 1948 618 1983 propterea
641 1942 781 1973 subinde
804 1939 868 1971 alia
891 1950 1010 1981 opera,
1034 1938 1089 1980 alij
1114 1937 1183 1969 cul·
1209 1948 1211 1962 1

203 1994 256 2019 tus
291 1988 332 2017 ab
368 1985 556 2017 hominibus
591 1986 622 2015 in
657 1985 785 2025 magnis
819 1981 973 2025 periculis
1003 1982 1182 2023 excogitati

203 2037 296 2067 sunt,
331 2030 494 2060 aduersus
532 2035 677 2059 terrores
711 2027 945 2058 conscientiae.
996 2025 1122 2056 Gentes
1151 2030 1183 2055 et

202 2071 372 2104 lsrarlitac
411 2077 635 2102 mactauet·unt
677 2069 838 2101 humanas
867 2068 1014 2105 hostias,
1053 2073 1084 2098 ct
1117 2066 1182 2098 alia

202 2115 304 2147 multa
340 2114 513 2145 durissima
548 2124 648 2153 opera
677 2118 914 2153 susceperunt,
948 2118 979 2142 vt
1011 2109 1182 2151 placarent

201 2160 281 2191 iram
305 2157 385 2195 Dei,
409 2156 528 2187 Postea
553 2156 726 2197 excogitati
751 2162 826 2186 sunt
851 2153 1071 2186 Monachatus
1094 2160 1123 2183 et
1150 2152 1180 2183 hi

202 2208 411 2233 certauerunt
435 2201 518 2230 inter
541 2210 577 2230 sc
601 2199 784 2229 acerbitate
807 2198 1087 2229 obseruationum.
1106 2206 1181 2227 con-

201 2251 252 2276 tra
277 2251 423 2275 terrores
448 2242 684 2279 conscientiae,
707 2249 821 2272 contra
843 2242 924 2271 iram
950 2240 1022 2271 Dei.
1068 2238 1107 2270 Et
1129 2239 1180 2269 liic

201 2288 319 2319 modus
344 2285 603 2322 iustificationis,
632 2285 707 2326 quia
737 2291 785 2315 est
819 2282 1007 2320 rationalis,
1037 2288 1068 2314 et
1092 2288 1181 2313 totus

201 2336 355 2361 versatur
387 2330 418 2359 in
450 2329 595 2360 externis
623 2327 796 2368 operibus,
830 2325 965 2367 intelligi
991 2331 1119 2366 potest,
1148 2331 1180 2355 et

201 2380 366 2414 vtcunque
390 2372 562 2413 praestari.
610 2370 649 2401 Et
672 2371 713 2401 nd
739 2369 826 2401 hunc
845 2369 1048 2400 Cnnmustne
1071 2368 1180 2399 detor-

201 2424 315 2447 serunt
340 2415 564 2445 ordinationes
585 2412 854 2446 Ecclesiasticus,
878 2411 964 2442 male
982 2410 1181 2447 intellectas,

202 2469 286 2500 quac
321 2469 340 2488 a
374 2459 522 2499 patribus
559 2455 658 2497 longe
686 2455 750 2487 alio
789 2453 929 2486 consilio
959 2453 1065 2485 sactae
1092 2460 1181 2489 sunt,

202 2512 319 2542 nempe
354 2512 417 2532 non
454 2507 485 2530 vt
516 2510 572 2541 per
600 2510 703 2540 opera
736 2497 791 2529 illa
824 2507 1058 2539 quaereremus
1091 2496 1180 2527 iusti-

202 2545 297 2581 ciam,
323 2545 381 2573 scd
417 2550 449 2573 1-1
480 2544 561 2573 ordo
593 2543 722 2583 quidam
746 2547 880 2583 propter
910 2538 1178 2581 tranquillitatem

202 2586 366 2618 hominum
402 2587 485 2617 inter
518 2597 574 2623 se,
610 2586 640 2616 111
675 2585 826 2617 Ecclesia
860 2589 959 2615 esset.
1014 2583 1062 2613 Ad
1093 2581 1207 2627 hunc}

204 2630 333 2662 modum
359 2630 570 2661 detorserunt
593 2634 625 2660 ct
646 2633 857 2659 sacramenta
881 2626 1087 2667 maximeque
1100 2624 1178 2655 Mis-

650 181 761 214 Ptin„
783 180 888 213 MEL.
911 178 1098 212 SCRIPTA
1120 178 1387 213 DOGMATtCA
1407 180 1464 212 ET
1483 179 1754 213 SYMBOLICA.

1207 662 1209 669 '
1234 657 1363 700 Diliges
1390 657 1566 689 Dominum
1590 657 1697 689 Deum
1728 664 1817 688 tuum
1841 665 1903 690 etc.

1207 996 1211 1007 '
1236 1008 1311 1029 eum
1345 998 1561 1029 renascimur.

1206 2538 1207 2554 ³
1233 2549 1344 2569 coram
1378 2537 1469 2575 Deo,
1505 2537 1619 2568 Romu.
1648 2537 1702 2577 iiij.

2146 181 2213 213 500

1233 284 1316 312 sam,
1339 284 1398 315 per
1410 274 1497 305 hanc
1511 279 1674 314 quaerunt
1691 273 1867 313 iusticiam,
1887 274 2037 316 gratiam,
2057 274 2212 314 salutem,

1232 327 1271 349 ex
1290 326 1392 357 opere
1415 322 1563 358 operato·

1318 358 1414 390 Alter
1441 359 1559 390 modus
1588 357 1830 391 iustificationis
1861 359 2000 391 traditur
2029 370 2049 391 a
2071 358 2212 392 Theolo-

1233 400 1285 444 gis
1309 400 1539 439 Scholasticis,
1561 412 1635 433 cum
1659 401 1790 440 docent,
1814 402 1902 444 quod
1921 403 1997 433 iusti
2015 404 2131 440 simus,
2154 412 2214 444 per

1233 445 1394 485 quendam
1419 443 1565 475 habitum
1593 454 1613 475 a
1637 443 1709 475 Deo
1732 443 1894 482 infusum,
1940 445 1971 476 ui
1991 452 2044 477 est
2069 444 2214 482 dilectio,

1233 487 1274 518 Et
1298 487 1385 528 quod
1410 486 1475 518 1100
1498 486 1610 518 habitu
1633 487 1732 517 adiuti
1754 487 1842 518 intus
1866 493 1897 518 et
1935 488 2021 526 oris,
2054 486 2214 519 faciamus

1233 529 1342 571 legem
1370 529 1450 564 Dei,
1482 529 1523 560 Et
1551 529 1640 571 quod
1664 527 1720 560 illa
1743 529 1897 571 implecio
1920 529 2004 571 legis
2028 531 2087 567 sit,
2115 530 2215 567 digna

1234 573 1338 615 gratia
1373 579 1404 603 et
1440 573 1505 603 vita
1540 578 1687 603 aeterna.
1741 571 1832 604 Haec
1865 574 2015 604 doctrina
2043 571 2140 614 plane
2163 578 2216 604 est

1235 615 1385 646 doctrina
1415 613 1518 656 legis,
1554 614 1678 645 Verum
1707 621 1758 645 est
1790 616 1875 646 enim
1900 616 1988 657 quod
2018 615 2071 647 lex
2101 616 2215 657 inquit,

1947 657 2078 700 Diliges
2108 658 2216 699 proxi-

1234 711 1320 732 mum
1343 706 1442 731 tuum.
1488 699 1632 731 Dilectio
1656 701 1754 741 igitur
1777 706 1827 731 est
1849 700 2003 741 implecio
2029 699 2124 743 legis.

1320 742 1433 774 Facile
1467 750 1518 774 est
1545 750 1654 774 autem
1689 743 1841 774 iudicium
1870 743 1994 775 homini
2023 743 2216 775 Christiano

1234 786 1275 816 de
1309 792 1450 827 vtroque
1484 785 1601 823 modo,
1635 786 1711 826 quia
1744 793 1882 827 vterque
1922 786 2040 817 modus
2074 785 2217 817 excludit

1235 827 1420 866 Christum,
1443 829 1518 860 ideo
1541 828 1802 869 reprehendendi
1827 835 1914 859 sunt.
1960 829 1993 860 ln
2017 829 2128 869 priore
2149 838 2217 859 ma-

1234 869 1356 901 nifesta
1384 876 1435 901 est
1463 871 1628 910 impietas,
1652 872 1707 913 qui
1730 872 1839 908 docet,
1863 872 1951 912 quod
1976 881 2078 912 opera
2101 877 2218 902 nostra

1235 913 1301 943 sint
1341 914 1535 954 propiciatio
1573 924 1634 954 pro
1673 915 1832 954 peccatis.
1889 913 2060 945 Posterior
2100 914 2218 945 modus

1235 953 1335 986 multa
1363 955 1466 986 habet
1494 956 1713 987 incommoda.
1764 957 1837 987 Non
1868 957 1965 988 docet
1996 958 2042 987 vti
2071 956 2218 994 Christo,

1612 998 1686 1029 Non
1717 999 1815 1030 docet
1846 999 2111 1031 iustificationem
2140 1009 2219 1030 esse

1235 1040 1464 1071 remissionem
1494 1046 1722 1081 peccatorum,
1751 1041 1826 1072 Non
1857 1042 1953 1073 docet
1980 1043 2072 1082 prius
2105 1043 2219 1073 remis·

1235 1084 1362 1114 sionem
1396 1090 1608 1123 peccatorum
1650 1085 1864 1124 contingere,
1905 1095 2004 1124 quam
2038 1083 2218 1125 diligimus,

1208 1132 1210 1138 '
1236 1127 1296 1157 sed
1331 1125 1442 1167 fingit,
1476 1126 1563 1167 quod
1589 1125 1760 1157 eliciamus
1791 1132 1900 1157 actum
1925 1125 2128 1164 dilectionis,
2156 1136 2218 1166 per

1235 1179 1332 1210 quem
1358 1178 1541 1200 mereamur
1563 1169 1790 1199 remissionem
1814 1176 2045 1210 peccatorum,
2068 1179 2130 1200 nec
2161 1169 2218 1200 do-

1236 1216 1289 1243 cet
1323 1211 1386 1242 fide
1415 1211 1446 1242 in
1476 1210 1644 1242 Christum
1677 1211 1811 1243 vincere
1846 1217 1992 1242 terrores
2022 1211 2150 1252 peccati
2186 1217 2220 1242 et

1234 1254 1361 1286 mortis.
1417 1254 1527 1295 Fingit
1562 1254 1712 1285 homines
1742 1254 1875 1295 propria
1909 1253 2103 1295 implecione
2131 1252 2220 1295 legis

1234 1297 1396 1328 accedere
1415 1297 1457 1328 ad
1482 1297 1600 1334 Deum,
1624 1297 1696 1327 sine
1718 1297 1940 1338 propiciatore
1964 1296 2110 1328 Christo.
2144 1297 2219 1327 Fin-

1234 1341 1281 1381 git
1309 1345 1427 1380 postea
1459 1341 1563 1380 ipsam
1586 1338 1813 1380 implecionem
1838 1338 1935 1381 legiS‚
1962 1340 2033 1371 sine
2057 1340 2218 1381 propicia-

1235 1389 1308 1414 tere
1337 1381 1489 1419 Christo,
1512 1382 1673 1413 iusticiam
1697 1392 1788 1418 esse,
1812 1383 1942 1423 dignam
1967 1383 2072 1424 gratia
2095 1388 2127 1413 et
2150 1383 2218 1413 vita

1235 1431 1381 1456 aeterna.
1426 1424 1508 1456 Cum
1532 1430 1640 1456 tamen
1665 1425 1718 1456 vix>
1741 1424 1915 1468 imbecillis
1934 1431 1966 1456 et
1989 1425 2110 1468 euigus¹
2133 1423 2219 1467 legis

1234 1467 1386 1509 implccio
1412 1469 1582 1509 contingat
1604 1468 1699 1498 etiam
1720 1468 1856 1499 sanctis.

1322 1509 1446 1541 Verum
1475 1511 1579 1551 siquis
1606 1511 1764 1551 cogitabit
1794 1508 2006 1551 Euangelium
2039 1519 2106 1540 non
2140 1519 2217 1541 esse

1235 1551 1359 1584 frustra
1381 1553 1490 1583 datum
1521 1553 1663 1591 mundo,
1693 1553 1860 1584 Christum
1890 1563 1956 1584 non
1988 1562 2065 1584 esse
2092 1552 2218 1584 frustra

1235 1596 1446 1637 promissum,
1478 1594 1670 1632 exhibitum,
1704 1602 1826 1633 natum,
1851 1605 2007 1636 passum,
2041 1596 2218 1627 resuscita-

1235 1646 1313 1674 tum,
1347 1636 1500 1669 facillime
1535 1637 1695 1679 intelliget
1732 1647 1813 1676 nos,
1842 1648 1910 1669 non
1940 1647 1981 1669 ex
2005 1638 2133 1669 ratione
2162 1644 2219 1669 aut

1234 1681 1311 1723 lege
1340 1680 1521 1712 iustificari.
1578 1680 1648 1711 Nos
1683 1680 1782 1722 igitur
1812 1681 1962 1723 cogimur
1992 1681 2033 1712 de
2063 1680 2218 1712 iustifica-

1234 1725 1323 1755 tione
1347 1724 1525 1755 dissentire
1554 1724 1597 1754 ab
1620 1724 1834 1765 aduersarijs.
1880 1723 2100 1765 Euangelium
2131 1723 2218 1755 enim

1234 1765 1332 1798 alium
1356 1767 1486 1798 modum
1511 1767 1672 1803 ostendit,
1702 1765 1918 1808 Euangelium
1944 1767 2033 1808 cogit
2056 1767 2100 1797 vti
2124 1765 2217 1798 Chri-

1235 1817 1288 1841 sto
1313 1810 1344 1840 in
1369 1809 1619 1846 iustificatione,
1651 1810 1748 1841 docet
1770 1810 1856 1850 quod
1881 1820 1940 1850 per
1962 1810 2069 1850 ipsum
2093 1808 2217 1840 habea-

1235 1863 1308 1884 mus
1338 1862 1510 1883 accessum
1540 1852 1582 1883 ad
1605 1851 1730 1889 Deum,
1764 1863 1822 1892 per
1845 1851 1962 1889 11118111,
1997 1851 2093 1882 docet
2129 1851 2219 1893 quod

1235 1897 1343 1937 ipsum
1372 1896 1586 1927 mediatorem
1615 1901 1647 1927 et
1676 1895 1928 1936 propiciatorem
1956 1895 2136 1925 debeamus
2160 1904 2219 1934 op·

1236 1949 1360 1980 ponere
1384 1939 1452 1969 irae
1477 1937 1555 1975 Dei,
1584 1937 1681 1968 docet
1705 1937 1770 1968 fide
1793 1938 1824 1968 111
1849 1936 2016 1968 Christum
2040 1936 2145 1977 accipi
2170 1946 2219 1968 re-

1238 1982 1429 2012 missionem
1469 1986 1701 2022 peccatorum‚
1743 1987 1773 2011 et
1820 1978 2141 2017 reconciliationem,
2186 1985 2219 2011 et

1236 2025 1321 2055 111101
1346 2031 1491 2055 terrores
1515 2023 1643 2064 peccati
1667 2029 1699 2054 et
1724 2023 1848 2054 11101115.
1897 2023 1942 2053 lta
1968 2029 1999 2053 et
2021 2021 2142 2053 Paulus
2161 2023 2217 2062 ait,

1236 2067 1402 2098 lusticiam
1437 2076 1514 2097 csse
1543 2076 1607 2097 non
1638 2075 1678 2097 ex
1711 2065 1804 2107 lege,
1835 2066 1893 2095 sed
1919 2075 1961 2097 ex
1984 2065 2218 2106 promissione,

1208 2105 1209 2116 ³
1234 2111 1266 2141 in
1295 2120 1359 2151 qua
1382 2109 1529 2149 promisit
1560 2114 1670 2149 pater,
1693 2109 1781 2150 «prod
1808 2106 1885 2139 velit
1909 2109 2104 2150 ignoscere,
2127 2108 2217 2149 quod

1235 2151 1313 2184 velit.
1349 2151 1555 2183 reconciliari
1591 2157 1725 2192 propter
1755 2151 1941 2187 Christum,
1983 2150 2072 2182 Haec
2105 2156 2215 2182 nutem

1246 2195 1410 2226 1100115510
1435 2193 1506 2225 sola
1534 2194 1597 2225 tide
1620 2195 1790 2235 accipitur,
1815 2201 1846 2224 11
1873 2200 2013 2225 testatur
2024 2192 2149 2224 Paulus
2172 2193 2215 2225 ad

1250 2239 1329 2269 lom.
1375 2237 1456 2278 sap.
1482 2238 1536 2278 iiij.
1584 2236 1675 2268 llaec
1698 2237 1781 2267 tides
1804 2235 1877 2267 sola
1907 2237 2025 2277 accipit
2049 2236 2215 2267 remissio-

1233 2291 1307 2312 nem
1338 2287 1567 2322 pecratorum,
1598 2280 1771 2317 iustificat,
1796 2286 1828 2310 et
1852 2286 2037 2310 ren-enerat-
2083 2277 2214 2310 Deinde

1234 2323 1381 2365 sequitur
1403 2322 1548 2361 dilectio,
1571 2330 1601 2354 et
1626 2323 1749 2354 caeteri
1782 2323 1856 2353 boni
1903 2329 2027 2353 ructus.
2073 2322 2130 2352 sic
2153 2321 2213 2364 igi-

1233 2374 1285 2398 tur
1309 2367 1467 2397 docemus
1492 2367 1653 2397 hominem
1677 2365 1858 2399 iustificari,
1883 2370 1914 2395 vt
1938 2374 2038 2404 supra
2059 2364 2215 2403 diximus,

1206 2408 1207 2412 ¹
1234 2421 1306 2441 cum
1338 2410 1539 2440 conscientia
1569 2410 1680 2440 territa
1709 2408 1954 2449 praedicatione
1979 2407 2211 2447 poenitentiae,

1233 2453 1368 2493 erigitur
1400 2460 1428 2482 ct
1461 2452 1564 2484 credit
1594 2462 1632 2482 se
1663 2451 1787 2482 habere.
1811 2449 1915 2481 Deum
1948 2448 2112 2490 placatum
2135 2460 2210 2490 pro-

1234 2502 1305 2536 pter
1333 2495 1510 2526 vlu-tuum.
1558 2494 1648 2525 llaec
1679 2494 1762 2525 tides
1792 2494 1968 2533 imputatur
1992 2503 2051 2533 pro
2079 2493 2210 2524 iusticia

1748 2535 1788 2566 Et
1818 2546 1890 2566 cum
1921 2535 1985 2565 hoc
2019 2536 2117 2566 modo
2151 2545 2210 2567 cor

1232 2582 1368 2623 erigitur
1402 2588 1431 2612 et
1463 2580 1645 2612 viniticatur
1673 2572 1755 2614 lide,
1785 2579 1927 2619 cont-ipit
1959 2579 2105 2618 spiritum
2134 2588 2209 2609 san-

1204 2631 1207 2653 :
1232 2631 1335 2658 ctum.
1359 2624 1413 2666 qui
1443 2629 1582 2655 renouat
1604 2632 1683 2660 nos,
1708 2628 1742 2653 vt
1764 2621 1873 2664 legem
1896 2620 2007 2653 facere
2029 2620 2210 2663 possimus,
