2366 2958
130 161 195 194 637
582 157 697 190 PntL.
720 156 822 189 MEL-
847 157 1033 190 scalpra
1055 157 1324 190 DOGMATlCA
1349 157 1406 189 ET
1428 158 1700 192 SYMBOLICA.
2082 160 2146 194 638

136 253 261 291 tudine,
285 251 406 284 talibus
430 252 654 284 immoderatis
678 250 832 283 laudibus
852 251 979 283 efferre.
992 253 1024 288 ⁴²)
1066 251 1110 282 At

135 295 288 328 Christus
322 295 376 327 hic
407 293 646 336 perfectionem
682 300 791 325 vocat.
843 295 928 333 lmo,
962 294 1113 325 Iniuriam

134 339 261 371 faciunt
290 339 412 376 textui,
446 338 500 379 qui
530 343 716 368 truncatum
745 336 901 379 allegant.
948 336 1113 368 Pet-sectio

135 387 187 415 est
211 382 242 412 in
266 381 349 419 hoc,
378 381 465 422 quod
494 380 584 412 addit
612 379 784 418 Christus,
817 389 957 421 sequere
986 390 1046 411 me.
1061 381 1113 417 ”)

1163 249 1382 283 Euanoelium
1406 252 1446 283 de
1464 254 1606 294 gratuita
1629 253 1826 285 remissione
1839 259 2054 294 peccatorum
2066 264 2142 296 pro-

1163 300 1236 335 pter
1260 277 1438 333 Christum,
1463 296 1504 325 de
1526 296 1654 327 iusticia
1677 295 1772 330 fidei,
1803 296 1844 327 de
1871 306 1951 327 vera
1979 299 2144 338 poeniten-

1165 337 1231 374 cia,
1254 337 1295 368 de
1318 337 1474 378 operibus
1497 348 1581 379 quae
1604 339 1727 370 habent
1760 338 1946 370 mandatum
1980 340 2061 378 Dei,
2090 349 2146 371 ne-

1164 389 1228 420 que
1251 380 1397 417 audiunt,
1421 390 1528 421 neque
1552 381 1685 412 docent.
1733 381 1800 412 Sed
1829 387 2005 413 versantur
2034 389 2089 414 aut
2111 383 2144 414 in

134 423 333 465 Exemplum
357 423 567 454 obedientiae
590 423 622 454 in
641 423 818 454 vocatione
830 422 1036 464 propositum
1049 428 1113 461 est,
1164 420 1408 463 philosophicis
1440 423 1741 464 disputacionibus,
1772 430 1828 455 aut
1855 425 1887 455 in
1916 425 2145 456 traditionibus

133 467 176 499 Et
200 468 275 508 quia
296 465 492 498 vocationes
515 464 690 497 dissimiles
713 471 808 503 sunt,
834 466 879 496 ita
902 465 985 496 haec
1014 474 1114 496 voca·
1165 465 1424 496 ceremoniarum
1449 475 1534 506 quae
1557 467 1738 498 obscurant
1764 465 1942 498 Christum.
1990 467 2065 498 Non
2089 467 2144 498 hic

135 511 180 542 tio
204 519 269 541 non
294 514 345 540 est
368 509 523 547 omnium,
536 509 608 546 θ’)
630 509 690 539 sed
714 508 846 549 proprie
869 507 912 538 ad
934 505 1024 537 illam
1043 517 1115 548 per·
1137 521 1142 527 ·
1165 507 1312 538 dicemus
1336 507 1377 538 de
1400 506 1454 538 illo
1479 515 1548 539 toto
1570 507 1660 541 cultu
1685 510 1958 547 ceremoniarum,
1971 509 2013 541 de
2031 509 2143 541 lectio-

135 562 271 590 sonam,
305 561 380 583 cum
409 561 475 592 qua
505 552 548 583 ibi
579 549 726 593 loquitur
757 550 929 587 Christus,
963 550 1116 591 pertinet,
1164 550 1274 588 nibus,
1297 556 1409 588 cantu,
1431 556 1464 581 et
1486 550 1647 583 similibus
1677 553 1777 583 rebus
1801 562 1885 593 quae
1914 558 2067 593 poterant
2096 558 2144 584 to·

135 596 221 627 sicut
243 595 374 626 vocatio
399 593 507 625 Dauid
536 594 577 625 ad
607 604 763 635 regnum,
790 591 959 623 Abraham
983 592 1025 623 ad
1049 603 1115 624 ma·
1165 591 1276 630 lerari,
1299 592 1327 622 si
1351 592 1551 625 haberentur
1572 605 1634 635 pro
1657 595 1840 636 exercitijs,
1869 596 1955 626 sicut
1985 594 2145 626 lectiones

135 638 288 670 ctandum
312 636 413 668 filium
437 647 503 668 non
527 643 602 668 sunt
626 637 722 668 nobis
746 635 933 672 imitandae,
958 634 1115 667 Vocatio-
1165 635 1198 666 in
1221 633 1370 670 ScholiS,
1402 646 1538 677 quarum
1562 637 1636 668 finis
1665 643 1715 668 est
1746 638 1868 669 docere
1896 638 2083 675 audientes,
2112 643 2143 669 et

134 689 196 712 nes
226 686 303 711 sunt
325 679 588 721 personales2†)
618 680 704 710 sicut
726 679 866 719 negocia
889 677 961 718 ipsa
988 678 1116 709 variant
1165 679 1250 709 inter
1280 678 1466 709 docendum
1500 678 1629 721 aliquos
1664 690 1873 711 commouere
1908 681 1949 711 ad
1984 681 2143 715 timorem,

134 723 340 764 temporibus
364 729 395 754 et
415 723 586 763 personis,
611 721 679 753 Sed
701 718 888 761 exemplum
908 721 1116 752 obedientiae
1166 727 1221 752 aut
1245 719 1352 752 fidem.
1399 721 1465 752 Sed
1488 732 1576 754 nunc
1600 722 1727 764 fingunt
1750 723 1811 753 has
1839 724 2043 754 ceremonias
2068 733 2145 755 esse

134 773 185 797 est
211 765 380 807 generale.
427 764 592 797 Pei-sectio
616 770 685 794 erat
715 762 826 794 futura
855 761 901 794 illi
929 763 1056 801 iuueni,
1087 764 1116 794 si
1167 762 1275 794 cultus
1298 763 1373 801 Dei,
1396 764 1451 805 qui
1472 772 1659 797 mereantur
1683 766 1909 797 remissionem
1933 772 2145 807 peccatorum

135 809 212 840 huic
236 808 400 840 vocationi
424 808 619 839 credidisset
643 812 675 837 et
703 806 920 837 obediuisset.
966 806 1014 837 lta
1045 817 1116 847 per·
1166 807 1247 846 ipsis
1274 812 1306 837 et
1335 805 1420 847 alijs.
1468 807 1544 839 ldeo
1576 808 1659 839 enim
1689 815 1811 849 augent
1841 807 1902 839 has
1931 810 2144 840 ceremonias.

135 849 236 883 sectio
261 850 359 882 nobis
383 856 445 888 est,
468 849 606 882 obedire
630 859 729 880 vnum
753 858 914 890 quemque
943 859 1022 881 vera
1052 849 1116 880 fide
1168 849 1265 884 Quod
1288 849 1317 880 si
1340 851 1546 890 susciperent
1570 851 1611 882 ad
1643 851 1832 888 docendos,
1857 857 1887 882 et
1918 851 2144 883 adhortandos

136 903 219 926 suae
242 893 417 924 vocationi.
1166 893 1352 930 auditores,
1375 893 1497 924 breues
1520 899 1551 924 et
1574 899 1751 925 accuratae
1780 892 1941 925 lectiones
1967 893 2041 935 plus
2069 905 2144 935 pro-

221 935 344 967 Tertio.
390 935 424 965 ln
448 935 534 966 votis
559 933 755 966 Monasticis
786 934 988 975 promittitur
1017 935 1115 965 casti·
1166 935 1319 973 dessem,
1349 945 1445 976 quam
1474 935 1552 967 illae
1581 936 1727 967 infinitae
1755 937 1951 976 βαττολογίαι.
1998 937 2046 968 lta
2076 942 2144 968 tota

135 985 201 1016 tas,
225 978 334 1018 Supra
357 984 465 1009 autem
490 978 628 1009 diximus
653 979 693 1009 de
707 977 860 1019 coniugio
886 976 1115 1015 Sacerdotum‚
1166 978 1233 1008 vita
1262 977 1449 1010 Monastica
1472 978 1570 1020 plena
1602 985 1653 1010 est
1682 979 1870 1021 hypocrisi,
1897 985 1929 1010 et
1957 978 2052 1010 salsis
2081 980 2145 1021 opi-

134 1031 201 1052 non
236 1030 339 1061 posse
373 1021 459 1052 votis
490 1026 545 1051 aut
579 1019 709 1061 legibus
738 1018 808 1051 tolli
833 1019 887 1051 lus
918 1026 1055 1051 naturae
1083 1021 1114 1051 in
1166 1021 1330 1052 nionibus.
1376 1021 1428 1051 Ad
1451 1020 1535 1052 haec
1564 1022 1673 1053 omnia
1702 1022 1831 1053 accedit
1863 1028 1894 1053 et
1923 1021 1986 1053 hoc
2018 1022 2144 1063 pericu-

134 1063 334 1094 hominibus.
368 1062 410 1093 Et
432 1063 507 1104 quia
531 1073 596 1094 non
621 1073 737 1093 omnes
750 1062 875 1094 habent
898 1063 1019 1094 donum
1038 1073 1114 1094 con-
1165 1062 1244 1101 lum,
1265 1064 1352 1105 quod
1378 1064 1431 1105 qui
1455 1071 1532 1096 sunt
1563 1065 1593 1095 in
1618 1063 1683 1095 illis
1713 1063 1865 1106 colleg-ijs
1897 1070 2060 1106 coguntur
2092 1075 2145 1095 as-

136 1106 317 1144 tinenciae,
351 1105 441 1137 multi
472 1112 607 1147 propter
634 1104 887 1137 imbecillitatem
918 1104 1115 1137 infoeliciter
1165 1106 1279 1137 sentiri
1302 1107 1579 1148 persequentibus
1599 1108 1780 1139 veritatem.
1817 1105 1943 1138 Multae
1961 1108 2059 1150 igitur
2072 1117 2145 1149 gra-

136 1149 316 1180 continent.
361 1148 477 1190 Neque
495 1159 576 1180 vero
599 1146 666 1179 vlla
692 1155 788 1186 vota,
818 1154 873 1179 aut
904 1146 990 1179 vllae
1021 1147 1113 1190 leges
1137 1075 1143 1216 Ι
1167 1158 1225 1179 ues
1249 1155 1281 1180 et
1303 1159 1445 1191 magnae
1468 1151 1612 1181 rationes
1635 1156 1731 1188 sunt,
1761 1160 1846 1191 quae
1878 1149 2016 1182 liberant
2039 1151 2146 1182 bonos

134 1198 277 1232 possunt
301 1189 436 1222 abolere
459 1191 647 1223 mandatum
671 1192 806 1233 spiritus
825 1192 939 1222 sancti.
975 1191 1114 1233 Propter
1165 1193 1255 1223 viros
1280 1192 1320 1222 ab
1344 1191 1409 1224 hoc
1433 1193 1519 1223 vitae
1542 1203 1675 1234 genere.

135 1233 388 1266 fornicationem
424 1235 651 1276 vnusquisque
685 1233 805 1265 habeat
839 1244 975 1264 vxorem
1010 1244 1114 1266 suam.
1252 1234 1426 1266 Postremo
1459 1234 1580 1266 multos
1616 1235 1757 1267 liberant
1787 1235 1850 1276 ipsi
1885 1235 2058 1274 Canones,
2091 1236 2146 1277 qui

137 1276 249 1312 Quare
271 1275 337 1308 hoc
361 1282 470 1308 votum
494 1287 560 1308 non
583 1283 635 1308 est
663 1276 787 1308 licitum
818 1277 850 1307 in
878 1276 930 1308 his
963 1277 1017 1318 qui
1047 1286 1114 1308 non
1165 1283 1221 1308 aut
1252 1275 1352 1309 illecti
1381 1278 1507 1309 artibus
1530 1277 1769 1310 Monachorum
1799 1279 1870 1309 sine
1900 1278 2019 1310 iudicio
2047 1289 2145 1309 voue-

1164 1325 1255 1357 nint,
1288 1326 1342 1351 aut
1377 1321 1482 1352 eoacti
1506 1321 1548 1351 ab
1581 1321 1696 1353 amicis
1727 1326 1897 1352 vouerunt.
1943 1320 2035 1352 Talia
2067 1326 2145 1353 vota

1164 1372 1206 1393 ne
1240 1361 1394 1394 Canones
1429 1363 1559 1405 quidem
1592 1364 1811 1405 pronunciant
1846 1373 1922 1395 esse
1957 1370 2043 1395 vota.
2095 1364 2146 1395 Ex

1164 1405 1217 1436 his
1240 1405 1392 1437 omnibus
1421 1414 1557 1447 apparet
1587 1405 1744 1448 plurimas
1775 1416 1850 1437 esse
1884 1415 2025 1444 causas,
2061 1416 2145 1448 quae

1165 1448 1286 1479 docent
1310 1454 1388 1479 vota
1410 1449 1610 1487 Monastica,
1625 1448 1735 1490 qualia
1757 1449 1919 1481 hactenus
1943 1447 2033 1480 facta
2056 1456 2144 1489 sunt,

1163 1500 1230 1522 non
1254 1500 1330 1522 esse
1354 1497 1443 1530 vota,
1466 1501 1569 1533 quare
1597 1498 1666 1523 tuto
1691 1492 1821 1531 deseri]
1831 1497 1943 1533 potest
1971 1491 2059 1524 vitae
2089 1502 2145 1534 ge-

1164 1543 1227 1564 nus
1250 1532 1384 1574 plenum
1406 1534 1596 1576 hypocrisis
1620 1540 1652 1566 et
1674 1533 1832 1566 salsarum
1857 1535 2057 1575 opinionum.

1251 1576 1312 1608 Hic
1335 1577 1494 1619 obijciunt
1517 1587 1558 1608 ex
1590 1576 1666 1620 lege
1688 1577 1873 1609 Nazareos‘.
1919 1577 1986 1609 Sed
2015 1577 2048 1609 hi
2077 1587 2143 1609 non

1165 1619 1390 1660 suscipiebant
1419 1626 1498 1651 vota
1531 1630 1592 1652 sua
1627 1631 1700 1652 cum
1734 1621 1786 1652 his
1821 1620 2029 1661 opinionibus
2059 1630 2143 1662 quas

1165 1661 1328 1694 hactenus
1363 1663 1503 1694 diximus
1526 1672 1590 1694 nos
1619 1663 1863 1704 reprehendere
1897 1663 1929 1694 in
1958 1663 2044 1694 votis
2073 1662 2142 1694 Mo·

1165 1704 1358 1736 nachorum.
1403 1704 1628 1738 Nazareorum
1652 1706 1736 1738 ritus
1760 1712 1829 1737 erat
1853 1705 2065 1743 exercitium,
2089 1710 2144 1737 aut

135 1319 259 1351 habent
282 1320 403 1351 donum
428 1320 666 1358 continentiae,
697 1320 757 1351 sed
787 1325 922 1361 propter
945 1318 1114 1351 imbecilli-

135 1366 237 1393 tatem
256 1363 528 1393 contaminantur.
563 1361 616 1393 De
635 1362 700 1394 hoc
722 1368 793 1393 toto
815 1361 892 1393 loco
905 1362 988 1393 satis
1012 1372 1114 1404 supra

135 1404 257 1435 dictum
279 1411 349 1442 est,
377 1405 410 1435 in
433 1415 499 1446 quo
522 1404 673 1446 profecto
697 1405 813 1435 mirum
837 1410 906 1442 est,
937 1415 1010 1436 cum
1040 1415 1113 1436 ver·

136 1453 253 1479 sentur
275 1448 318 1478 ob
343 1446 460 1479 oculos
484 1445 632 1488 pericula
655 1453 686 1478 et
710 1445 889 1484 scandala,
918 1452 1025 1478 tamen
1056 1447 1113 1478 ad·

135 1490 307 1521 uersarios
332 1489 511 1521 defendere
535 1499 614 1522 suas
637 1490 848 1528 traditiones,
871 1494 989 1521 contra
1012 1490 1113 1520 mani-

136 1530 257 1564 festum
280 1531 344 1564 Dei
373 1539 598 1574 praeceptum.
644 1533 715 1564 Nec
744 1538 931 1564 commouet
955 1542 1013 1564 eos
1048 1542 1112 1564 vox

137 1573 278 1613 Christi,
313 1575 368 1616 qui
404 1576 558 1616 obiurgat
594 1574 794 1614 phariseos,
829 1576 885 1617 qui
918 1575 1112 1607 traditiones

135 1623 253 1649 contra
275 1617 466 1649 mandatum
488 1617 551 1649 Dei
573 1616 730 1649 fecerant.

222 1660 361 1695 Quarto.
406 1660 566 1692 Liberant
597 1661 661 1692 hos
696 1660 751 1702 qui
785 1660 899 1692 viuunt
931 1660 963 1691 in
998 1660 1113 1692 Mona-

135 1703 248 1744 sterijs
271 1703 360 1745 impij
385 1702 496 1735 cultus
519 1701 635 1745 quales
658 1709 734 1735 sunt
751 1702 969 1745 prophanatio
987 1702 1113 1735 Missae

134 1747 177 1777 ad
201 1753 375 1788 quaestum
399 1744 542 1778 collatae
570 1756 631 1788 pro
662 1746 817 1784 mortuis,
845 1745 954 1778 cultus
984 1751 1114 1778 sancto-

134 1799 225 1826 rum,
252 1789 285 1820 in
309 1789 428 1830 quibus
453 1788 575 1830 duplex
598 1790 716 1820 vicium
736 1795 803 1827 est,
832 1796 863 1820 et
894 1789 982 1830 quod
1005 1789 1112 1820 sancti
1165 1790 1394 1822 remissionem
1418 1797 1629 1831 peccatorum
1654 1801 1768 1823 coram
1790 1791 1877 1829 Deo,
1901 1801 1967 1822 non
1992 1790 2144 1822 iustifica-

133 1831 167 1862 in
201 1829 311 1863 locum
343 1830 465 1862 Christi
493 1839 728 1874 surrogantur,
758 1838 791 1864 et
818 1832 914 1873 impie
949 1830 1112 1870 coluntur,
1165 1833 1221 1864 bat
1254 1842 1364 1865 coram
1394 1833 1480 1865 Deo.
1526 1833 1656 1865 Deinde
1684 1835 1771 1866 sicut
1804 1844 1892 1865 nunc
1925 1834 2145 1870 circumcisio,

135 1874 221 1905 sicut
244 1874 411 1906 finxerunt
433 1873 669 1906 Dominicastri
692 1874 868 1906 Rosarium
890 1874 930 1906 B.
953 1874 1113 1917 Virginis,
1164 1881 1221 1908 aut
1243 1876 1397 1908 mactatio
1423 1877 1626 1908 victimarum
1649 1887 1716 1908 non
1740 1882 1830 1908 esset
1858 1875 1986 1915 cultus,
2015 1877 2059 1908 ita
2081 1886 2144 1909 nec

135 1916 225 1958 quod
247 1922 300 1947 est
322 1926 413 1948 mera
434 1918 626 1958 βατιολογία,
654 1927 721 1949 non
743 1918 851 1949 minus
874 1916 992 1956 stulta,
1016 1928 1114 1959 quam
1164 1918 1247 1949 ritus
1281 1918 1526 1957 Nazareorum,
1562 1929 1650 1952 nunc
1683 1920 1781 1952 debet
1815 1919 1955 1960 proponi
1988 1925 2143 1961 tanquam

134 1958 234 2001 impia
250 1959 464 1990 vanissimam
477 1960 631 1991 fiduciam
643 1960 749 1992 alens.
786 1960 914 1992 Deinde
935 1959 999 1992 hae
1019 1961 1114 2001 ipsae
1139 1966 1141 2004 j
1166 1960 1292 1999 cultus,
1328 1962 1388 1992 sed
1429 1962 1527 1994 debet
1569 1963 1706 2000 iudicari
1740 1960 1934 2004 simpliciter
1967 1961 2143 2004 ἀδιάφορον.

134 2002 331 2044 impietates,
355 2007 478 2033 tantum
501 2002 717 2035 conseruntur
740 2004 783 2035 ad
806 2009 991 2045 quaestum.
1034 2004 1112 2035 Item
1164 2003 1239 2035 Non
1262 2004 1360 2046 igitur
1378 2011 1470 2036 recte
1494 2003 1665 2037 conset-tur
1687 2004 1910 2037 Monachatus
1939 2005 2011 2036 sine
2038 2006 2144 2037 verbo

1138 2050 1141 2088 ff
1166 2046 1229 2079 Dei
1249 2048 1458 2090 excogitatus
1481 2053 1515 2079 vt
1539 2048 1581 2079 sit
1612 2047 1740 2086 cultus,
1764 2049 1819 2090 qui
1842 2053 2007 2080 mereatur
2030 2048 2143 2079 remis-

1139 2090 1290 2122 fsionem
1324 2096 1556 2131 peccatorum,
1591 2097 1623 2123 et
1655 2091 1940 2129 iustificationem,
1976 2100 2050 2122 cum
2079 2091 2142 2122 ritu

1138 2125 1142 2167 Ι
1163 2132 1402 2172 Nazareorum,
1415 2133 1448 2171 *)
1473 2134 1528 2176 qui
1550 2133 1695 2166 habebat
1717 2135 1854 2166 verbum
1877 2133 1959 2171 Dei,
1988 2143 2051 2165 nec
2079 2139 2143 2164 tra·

153 2174 180 2205 ⁸)
200 2174 233 2198 Et
258 2174 504 2213 perisulnsissimum
529 2187 561 2192 -
585 2174 704 2198 laudibus
729 2173 838 2206 efferre]
861 2173 921 2199 '⁸⁰2⁰
944 2174 1019 2215 verba
1047 2174 1113 2215 (qu
1138 2174 1142 2205 1
1165 2176 1253 2207 ditus
1277 2183 1346 2208 erat
1370 2177 1403 2208 in
1427 2177 1511 2216 hoc,
1539 2183 1574 2208 vt
1602 2183 1783 2209 mereretur
1811 2177 2038 2209 remissionem
2066 2185 2142 2217 pec-

205 2208 239 2233 T‘
257 2209 286 2247 ²¹.
305 2208 347 2232 ω’·
352 2209 420 2267 ‘123
433 2208 487 2256 ¹32)
506 2208 675 2248 Lumen-13⁵
693 2207 769 2257 5¹¹⁶?
787 2209 867 2266 {olore
888 2209 1027 2234 ''¹⁶”0‘m‘
1047 2213 1069 2235 α
1087 2218 1113 2234 ”¹
1139 2210 1142 2244 l
1165 2224 1332 2258 catorum,
1356 2219 1417 2251 sed
1439 2225 1475 2251 vt
1503 2226 1593 2251 esset
1623 2221 1813 2252 exercitium
1842 2226 2028 2257 externum,
2057 2218 2142 2250 sicut

137 2285 166 2298 ,,
203 2251 316 2275 marqme
334 2252 350 2267 ‘²
417 2247 481 2275 μμ
503 2248 624 2275 ,propter
642 2250 736 2275 ¹¹¹²p¹⁰⁵
745 2244 813 2304 of).
1164 2261 1249 2293 aliae
1273 2263 1480 2294 ceremoniae
1503 2261 1536 2295 le
1561 2263 1598 2294 is,
1634 2263 1721 2295 ldem
1745 2263 1785 2294 de
1807 2260 1882 2303 alijs
1905 2262 1991 2294 votis
2014 2262 2045 2293 in
2064 2259 2141 2304 lege

170 2286 309 2317 )sequere
329 2285 390 2319 mm]
415 2285 474 2310 haec
498 2285 573 2310 rerba
600 2285 667 2316 (fol.
694 2285 726 2309 Tt
746 2303 759 2309 ..
794 2287 836 2326 ¹³⁸:
863 2287 918 2325 22.)
946 2287 1112 2311 Lutherus
1164 2305 1292 2337 traditis
1317 2305 1381 2336 dici
1405 2311 1514 2346 potest
1538 2274 1560 2306 g

203 2319 281 2344 rubro
304 2321 370 2346 It'nea‘
394 2321 487 2344 notavit
512 2324 534 2344 et
562 2321 587 2343 t'n
610 2321 722 2351 maryine
745 2319 892 2353 αὼοπρειει
923 2322 955 2351 ,1.
976 2330 998 2347 e.
1024 2326 1112 2353 patere

204 2357 327 2379 Μαιη-
1250 2346 1447 2390 Allegantur
1470 2354 1501 2381 et
1524 2347 1741 2387 Reehabitae,
1755 2348 1807 2385 ⁴⁸)
1838 2348 1893 2389 qui
1920 2355 1984 2379 nec
2006 2355 2141 2388 posses-

155 2396 199 2429 ··)
219 2398 324 2421 vocatio
343 2405 396 2422 uon
415 2402 453 2422 est
470 2395 603 2430 omnimm]
622 2395 682 2421 haec
697 2396 773 2422 verba
799 2397 865 2429 (fol.
890 2397 925 2422 Tt
948 2399 977 2422 2ι
1001 2399 1043 2423 lin.
1069 2399 1110 2423 24.

204 2431 260 2463 25.)
279 2432 444 2456 Lutherus
462 2431 537 2456 rubro
556 2432 637 2456 colore
654 2430 793 2455 subnotavit
818 2434 839 2455 d
862 2432 888 2455 t‘n
909 2433 1021 2465 unm-fine
1043 2433 1111 2457 adie-

205 2467 238 2489 cit
262 2465 325 2490 que
351 2471 447 2491 tunm:
476 2466 546 2495 „Imo
570 2471 607 2490 est
633 2467 759 2495 omnium,
785 2467 846 2497 quia
876 2467 980 2497 publica
1007 2472 1112 2499 propter
1135 2484 1137 2498 1

205 2500 362 2525 Christum*
401 2500 452 2531 (Δό
470 2500 507 2525 ki·
525 2500 666 2532 Spiekerus
686 2501 702 2525 1.
724 2500 738 2524 L
755 2508 781 2532 p.
802 2501 860 2525 58³.
880 2501 942 2526 mate
959 2501 1064 2534 offert.)
1135 2513 1137 2532 ³
1182 2502 1210 2535 *)
1230 2510 1286 2527 cm
1304 2503 1354 2526 rim
1372 2501 1571 2533 Nazareorum‚]
1591 2501 1626 2526 aa
1643 2501 1702 2525 haec
1721 2501 1785 2533 (sol.
1803 2500 1839 2525 '1¹2
1857 2501 1887 2525 ab
1908 2500 1948 2525 ιε..
1960 2500 2000 2531 ε.)
2020 2499 2140 2525 nuthe-

152 2543 181 2573 †)
201 2544 358 2567 Vocationes
377 2547 436 2567 sunt
453 2543 626 2575 personales,]
647 2543 706 2568 haec
723 2542 799 2568 verba
819 2543 885 2573 (foL
905 2544 979 2568 1³22·
997 2545 1038 2569 lin·
1054 2545 1111 2576 28.)
1136 2545 1138 2570 ᾗ
1234 2545 1285 2561 rus
1304 2538 1330 2560 ὄπ
1349 2538 1459 2569 maryine
1477 2536 1618 2560 adnotavit:
1640 2536 1689 2574 „Eis
1709 2540 1763 2559 crat
1789 2535 1943 2567 temporale,
1970 2535 2063 2559 deinde
2088 2542 2138 2558 non

204 2577 371 2601 Lntherus
389 2576 464 2601 rubro
482 2579 562 2603 colore
585 2578 724 2602 subnotata
744 2582 766 2602 et
784 2578 810 2601 in
827 2579 939 2610 narqt'ne
963 2578 1110 2612 adver-ipsit:
1135 2576 1137 2596 ἶ
1234 2571 1334 2601 celem,
1354 2579 1400 2595 ΜΕ
1418 2578 1529 2602 pauper»
1547 2578 1593 2594 ΜΟ
1613 2570 1762 2594 ‘'immons-⁸

207 2611 308 2639 ‚Non.⁸
330 2612 359 2643 (α
376 2611 504 2643 Spiekero
524 2614 620 2645 ornias.)
1134 2597 1138 2641 i
1167 2615 1211 2647 ”)
1230 2615 1385 2645 Alleganmr
1404 2620 1429 2637 et
1454 2613 1633 2645 Re·t}=abitae‚]
1658 2612 1695 2637 his
1721 2611 1801 2637 verbi·
1827 2612 1891 2643 (jol.
1917 2611 1950 2636 T:
1968 2612 1998 2636 δῦ
2021 2611 2061 2634 lin.
2084 2610 2139 2642 11.)

1165 1748 1360 1788 protestatio
1390 1747 1464 1779 fidei
1488 1758 1601 1780 coram
1630 1747 1832 1785 hominibus,
1860 1759 1926 1780 non
1956 1748 2144 1781 merebatur
