2366 2958
241 184 309 216 443
698 180 809 213 PHIL.
834 181 935 213 MEL.
958 179 1143 212 SCRIPTA
1167 179 1435 214 DOGMATICA
1456 181 1513 215 ET
1535 181 1806 216 SYMBoLch.
2189 185 2254 219 444

331 276 455 309 Paulus
484 278 515 308 in
538 275 687 317 Epistola
713 275 754 307 ad
786 274 954 307 Romanos
983 274 1159 315 praecipue
1181 273 1223 306 de
1247 281 1250 296 v
1362 275 1415 306 Ad
1444 274 1568 315 Ephes.
1592 275 1625 315 ij.
1682 275 1797 308 Gratia
1830 277 1916 308 enim
1946 276 2066 310 saluati
2087 280 2171 311 estis
2192 289 2254 320 per

244 321 310 352 hoc
332 319 408 351 loco
432 320 594 361 disputat,
623 325 654 349 et
679 319 848 359 proponit.
872 317 959 358 quod
980 317 1085 358 gratis
1108 317 1222 348 iustiti-
1247 324 1250 348 ι
1276 317 1391 351 fidem,
1421 324 1454 348 et
1477 317 1542 348 hoc
1563 328 1630 350 non
1653 328 1695 349 ex
1713 320 1829 356 vobis,
1854 319 1916 351 Dei
1939 321 2024 352 enim
2047 322 2168 353 donum
2189 327 2254 360 est,

245 373 355 394 cemur
383 362 466 400 tide,
498 363 670 394 credentes
703 362 799 391 nobis
823 360 930 391 Deum
959 359 1125 400 placatum
1147 369 1222 400 pro·
1247 367 1250 388 ι
1275 370 1341 391 non
1365 369 1404 390 ex
1428 361 1596 400 operibus,
1619 371 1662 392 ne
1685 361 1758 403 quis
1781 361 1953 403 glorietur.

245 411 317 447 ptcr
340 404 516 436 Christum.
562 404 601 434 Et
631 404 716 434 hanc
745 403 1002 444 propositionem
1032 402 1138 443 capite
1160 408 1222 433 ter·
1247 405 1250 441 i
1361 401 1515 433 lobannis
1537 403 1654 444 primo.
1671 406 1723 441 ⁶⁴)
1757 404 1858 436 Dedit
1881 405 1929 436 eis
1952 410 2149 445 potestatem
2165 405 2253 438 filios

245 449 310 485 tio,
341 458 425 489 quae
459 454 577 477 statum
602 447 777 477 vniuersae
809 445 1040 486 disputationis
1063 445 1222 482 continet,
1275 443 1337 476 Dei
1362 445 1442 480 fieri,
1467 445 1519 476 his
1542 446 1598 487 qui
1620 447 1759 478 credunt
1780 448 1813 478 in
1840 448 1970 479 nomine
1993 448 2084 486 eius,
2107 449 2162 490 qui
2187 458 2254 481 non

244 491 353 521 tradit.
410 491 617 521 Arbitrantur
647 488 810 519 hominem
846 489 910 519 lide
944 487 1124 524 iustificati,
1153 497 1220 518 non
1274 497 1314 518 ex
1339 488 1575 529 sanguinibus,
1606 498 1713 530 neque
1735 499 1776 520 ex
1796 489 1967 522 voluntate
1989 491 2100 522 carnis
2146 501 2256 534 neque

244 543 284 564 ex
315 533 470 574 operibus
506 531 601 572 legis.
654 531 716 561 Hic
748 531 933 570 aduersarij
964 531 1221 571 interpretantur
1246 536 1249 548 ¹
1275 540 1315 561 ex
1339 529 1508 562 voluntate
1531 531 1604 569 viri,
1626 531 1687 562 sed
1705 542 1748 563 ex
1770 531 1844 563 Deo
1867 533 1935 564 nati
1957 539 2045 564 sunt.
2109 515 2118 531 ⁹

245 578 450 607 ceremonias
482 575 658 605 Leuiticas.
709 573 754 604 At
783 572 905 605 Paulus
934 584 1000 604 non
1031 579 1156 604 tantum
1178 572 1220 603 de
1245 559 1266 736 Ρ
1361 571 1514 604 lobannis
1533 573 1577 615 iij.
1634 573 1727 605 Sicut
1738 573 1864 606 Moises
1887 575 2046 607 exaltauit
2066 581 2255 616 serpentem

243 618 440 657 cerennmijs
476 616 639 657 loquitur,
673 618 733 647 sed
768 617 809 648 de
844 622 912 647 tota
947 616 1031 657 lege.
1088 614 1221 656 Allegat
1273 615 1307 646 in
1336 615 1487 654 deserto,
1516 616 1562 647 ita
1588 615 1725 647 exaltari
1756 623 1885 658 oportet
1908 616 2009 650 filium
2031 618 2191 657 hominis,
2218 625 2257 651 vt.

243 662 328 693 enim
352 660 435 691 infra
461 672 500 691 ex
524 658 709 700 Decalogo.
755 659 829 690 Non
850 660 1080 699 concupisces.
1127 657 1170 688 Et
1191 658 1220 688 si
1274 659 1381 689 omnis
1400 659 1454 699 qui
1476 659 1581 689 credit
1605 659 1636 689 in
1659 659 1766 699 ipsum
1789 669 1855 691 non
1878 667 2005 700 pereat.

242 714 344 744 opera
369 701 504 733 moralia
529 710 730 733 mererentur
750 703 977 733 remissionem
998 706 1222 740 peecatorum,
1362 700 1454 739 Item,
1477 701 1550 732 Non
1570 701 1658 732 misit
1677 701 1771 733 Deus
1794 701 1894 734 filium
1913 713 2010 734 suum
2030 703 2064 734 in
2087 703 2255 742 mundum,

243 753 276 778 et
309 746 590 779 iustificationem,
625 745 722 776 etiam
751 744 830 776 nihil
855 755 938 785 opus
962 750 1053 774 esset
1076 742 1221 779 Christe,
1274 748 1310 773 vt
1331 743 1452 774 iudicet
1476 744 1651 781 mundum,
1682 745 1744 775 sed
1774 751 1809 776 vt
1837 744 1987 777 saluetur
2020 746 2162 778 mundus
2196 755 2257 787 per

243 795 274 820 et
298 788 531 830 promissione,
555 795 587 818 et
611 794 744 818 ruerent
767 788 877 818 onmia
901 785 967 823 illa,
990 795 1075 827 quae
1098 783 1222 816 Paulus
1275 786 1392 826 ipsum.
1438 785 1502 821 Qui
1525 787 1630 817 credit
1650 787 1684 817 in
1709 797 1792 827 eum,
1815 798 1882 819 non
1905 788 2078 820 iudicatur.

243 832 284 862 dc
309 831 526 872 promissione
555 829 708 871 loquitur.
754 829 843 860 Male
873 830 969 860 etiam
993 828 1155 859 scriberet
1178 827 1222 858 ad
1362 828 1502 860 Actunm
1532 829 1600 870 xiij.
1647 829 1769 860 Notum
1792 831 1891 870 igitur
1913 831 1956 861 sit
1978 831 2076 862 vobis
2099 831 2160 862 viri
2189 829 2254 863 fra·

242 874 424 916 Ephesios,
447 874 551 915 gratis
576 883 636 903 nos
660 872 811 904 saluatus
835 882 927 909 esse,
959 878 989 901 et
1013 871 1134 901 donum
1160 869 1222 900 Dei
1247 871 1252 893 ¹
1275 875 1361 907 tres,
1396 871 1483 912 quod
1517 882 1576 912 per
1610 871 1698 903 hunc
1731 863 1828 904 vobis
1858 873 2009 904 remissio
2040 879 2257 915 peccatorum

242 927 330 955 esse,
355 927 421 948 non
445 927 486 948 ex
509 916 675 956 operibus.
718 915 796 947 item
821 913 944 946 Paulus
967 911 1092 954 allegat
1115 912 1222 943 Abra-
1275 914 1505 951 annunciatur,
1527 919 1561 944 et
1582 915 1624 945 ab
1648 915 1801 946 omnibus
1820 916 1940 957 quibus
1962 926 2029 947 non
2046 917 2200 957 potuistis
2222 916 2258 948 in

242 959 335 997 ham,
365 958 489 996 allessat
513 959 689 995 Dauidem‚
712 964 744 988 at
768 958 800 988 hi
825 958 865 988 de
891 956 1142 988 circumcisione
1165 955 1222 986 ha·
1276 953 1352 997 lege
1375 955 1557 994 iustificari,
1578 957 1611 987 in
1633 956 1700 988 hoc
1723 959 1829 989 omnis
1853 958 1908 999 qui
1932 959 2257 990 ereditiustificatur.

242 1004 384 1034 buerunt
415 1003 603 1033 mandatum
633 1000 706 1031 Dei.
760 1000 871 1041 ltaque
900 1001 927 1030 si
959 997 1028 1029 vlla
1051 1008 1152 1039 opera
1179 998 1222 1030 iu·
1275 997 1451 1032 Quomodo
1485 999 1590 1039 potuit
1621 998 1745 1030 clarius
1775 1001 1816 1032 de
1846 999 1958 1032 officio
1990 1000 2129 1039 Christi,
2159 1008 2192 1033 et
2214 1001 2256 1033 de

241 1045 450 1082 stificabant,
476 1054 616 1076 necesse
639 1051 709 1074 erat
733 1042 787 1073 illa
811 1053 913 1084 opera
937 1049 1014 1072 tunc
1038 1051 1112 1072 cum
1135 1050 1221 1071 man-
1274 1040 1506 1072 iustificatione
1540 1041 1627 1072 dici?
1688 1041 1760 1073 Lex
1800 1043 1903 1084 inquit
1942 1053 2009 1075 non
2043 1044 2255 1082 iustificabat,

242 1089 352 1120 datum
377 1087 548 1123 haberent,
574 1087 668 1117 etiam
692 1085 904 1123 insufflasse,
925 1086 985 1115 sed
1010 1090 1101 1115 recte
1124 1083 1222 1114 docet
1275 1083 1353 1115 ldeo
1377 1083 1531 1114 Christus
1561 1084 1660 1115 datus
1683 1091 1752 1121 est,
1777 1091 1811 1115 vt
1836 1086 2011 1117 credamus
2033 1096 2096 1117 nos
2120 1092 2258 1127 propter

242 1132 448 1173 Augustinus
477 1128 613 1160 Paulum
645 1129 685 1159 dc
716 1135 783 1159 tota
807 1128 883 1170 lege
906 1126 1014 1168 loqui,
1037 1127 1123 1157 sicut
1146 1136 1222 1167 pro·
1274 1126 1382 1167 ipsum
1396 1125 1577 1158 iustificari.
1602 1126 1728 1167 Aperte
1740 1127 1883 1158 detrahit
1901 1126 1967 1170 legi
1978 1128 2259 1167 iustificationum,

242 1173 308 1205 lixe
332 1174 475 1214 disputat.
499 1174 539 1203 tle
559 1172 676 1211 spiritu
698 1179 730 1202 et
753 1170 867 1208 litera,
896 1172 952 1202 vbi
975 1176 1143 1210 postremo
1166 1169 1221 1199 ait.
1276 1168 1366 1210 Ergo
1388 1177 1524 1210 propter
1547 1167 1716 1200 Christum
1746 1170 1823 1201 iusti
1851 1177 2058 1212 reputamur,
2086 1180 2161 1202 cum
2186 1180 2259 1202 cre-

242 1217 301 1248 His
337 1217 432 1257 igitur
463 1214 681 1246 consideratis
721 1214 963 1255 pertractisqne
1000 1223 1061 1254 pro
1096 1212 1222 1242 viribus
1275 1212 1382 1243 dimus
1405 1213 1501 1243 nobis
1524 1211 1632 1243 Deum
1654 1211 1819 1253 placatum
1842 1222 1921 1244 esse
1943 1219 2080 1254 propter
2101 1214 2220 1255 ipsum.

241 1270 325 1301 quas
349 1259 511 1290 Dominus
535 1258 660 1288 donare
684 1257 849 1298 dignatur,
873 1255 1061 1298 colligimus
1085 1265 1151 1285 non
1175 1254 1222 1286 iu·
1361 1254 1507 1285 Actuum
1526 1255 1584 1295 iiij.
1641 1254 1702 1286 llic
1725 1262 1775 1286 est
1799 1254 1884 1296 lapis
1907 1256 1962 1297 qui
1984 1256 2187 1296 reprobatus
2207 1260 2261 1288 est

241 1303 379 1333 stitieari
414 1301 576 1332 hominem
607 1300 794 1341 praeceptis
820 1301 926 1331 bonae
950 1300 1056 1336 vitae,
1079 1298 1141 1328 nisi
1163 1306 1223 1339 per
1276 1307 1296 1328 a
1318 1297 1414 1328 vobis
1437 1297 1706 1330 aedificantibus.
1735 1298 1790 1339 qui
1813 1296 1923 1330 sactus
1950 1304 2003 1329 est
2025 1299 2057 1329 in
2081 1304 2181 1339 caput
2203 1307 2261 1330 an-

242 1346 339 1377 fidem
365 1345 439 1375 lesu
464 1343 598 1375 Christi.
1276 1338 1356 1382 guli,
1380 1339 1423 1370 Et
1445 1349 1512 1371 non
1535 1346 1585 1371 est
1605 1341 1637 1371 in
1660 1338 1771 1382 aliquo
1791 1340 1857 1371 alio
1884 1339 1988 1372 salus.
2035 1340 2152 1382 Neque
2174 1341 2262 1373 enim

328 1387 369 1418 Et
392 1397 433 1418 ne
456 1394 608 1428 putemus
632 1392 756 1416 temere
780 1385 945 1416 excidisse
964 1381 1068 1414 Paulo
1092 1388 1222 1414 senten·
1275 1381 1365 1414 aliud
1388 1393 1508 1414 nomen
1543 1389 1596 1414 est
1627 1384 1689 1414 sub
1725 1382 1821 1415 coelo
1851 1383 1962 1414 datum
1991 1382 2200 1422 hominibus,
2226 1384 2262 1414 in

242 1432 338 1468 ciam,
360 1430 449 1472 quod
474 1430 556 1461 fides
585 1429 751 1466 iustificet,
776 1427 877 1469 longa
899 1427 1131 1468 disputacione
1155 1437 1224 1457 mu-

242 1475 289 1505 nit
311 1481 342 1505 et
365 1473 537 1505 confirmat
560 1482 632 1502 eam
655 1473 687 1503 in
710 1477 828 1513 quarto
848 1471 967 1511 Capite
985 1471 1029 1501 ad
1043 1469 1222 1500 Romanos-

242 1518 283 1548 Et
306 1517 424 1548 deinde
448 1517 479 1546 in
503 1516 656 1546 omnibus
673 1517 725 1552 υ3)
751 1513 909 1554 Epistolis
932 1513 1061 1553 repetit.

328 1560 385 1591 Sic
408 1560 453 1590 ait
475 1558 592 1599 Capite
615 1566 732 1599 quarto
749 1559 802 1594 63)
831 1557 872 1587 ad
903 1555 1018 1586 Roma.
1065 1554 1223 1595 Operanti

243 1613 373 1635 merces
402 1612 466 1633 non
495 1601 674 1641 imputatur
696 1599 879 1631 secundum
903 1598 1058 1639 gratiam,
1087 1597 1147 1627 sed
1171 1606 1223 1627 se-

244 1647 385 1678 cundum
426 1645 580 1676 debitum.
649 1643 686 1674 Ei
721 1649 829 1674 autem
864 1643 918 1683 qui
953 1651 1018 1672 non
1053 1646 1224 1681 operatur,

243 1690 348 1721 credit
375 1695 483 1719 autem
514 1687 545 1717 in
569 1697 642 1718 eum
666 1687 721 1726 qui
744 1685 899 1716 iustificat
922 1684 1070 1724 impium,
1095 1690 1224 1723 reputa-

245 1739 296 1764 tur
323 1732 406 1762 fidcs
436 1731 507 1761 eins
534 1730 574 1760 ad
608 1730 780 1760 iusticiam.
827 1728 889 1758 llic
913 1726 1004 1758 clare
1027 1726 1103 1756 dicit
1128 1725 1224 1756 iidem
1277 1735 1404 1756 namur.

244 1777 349 1817 ipsam
374 1773 524 1815 imputari
553 1772 595 1803 ad
624 1772 795 1803 iusticiam.
846 1771 944 1801 Fides
973 1769 1073 1809 igitur
1096 1774 1147 1800 est
1169 1765 1225 1798 illa
1366 1766 1508 1798 Actuum
1538 1777 1592 1798 xv.
1660 1766 1740 1798 Fide
1802 1765 1960 1798 urificans
1999 1766 2103 1797 corda
2136 1775 2265 1798 eorun-

246 1829 312 1855 res,
335 1828 432 1859 quam
454 1815 545 1847 Deus
569 1815 766 1856 pronunciat
789 1824 865 1845 esse
888 1813 1061 1849 iusticiam,
1086 1819 1118 1843 et
1135 1811 1227 1842 addit
1278 1809 1390 1844 Quare.
1424 1809 1506 1841 fides
1541 1808 1597 1840 illa
1626 1809 1668 1840 de
1696 1820 1762 1850 qua
1803 1816 1971 1850 oquuntur
1993 1807 2166 1850 Apostoli,
2193 1817 2263 1839 non

245 1861 349 1903 gratis
380 1860 542 1901 imputari.
601 1858 639 1888 Et
672 1864 767 1897 negat
798 1867 899 1897 posse
928 1856 1033 1898 gratis
1063 1855 1227 1895 imputari,
1279 1859 1331 1884 est
1355 1853 1470 1883 ociosa
1493 1852 1632 1889 noticia,
1654 1853 1715 1883 sed
1738 1862 1794 1883 res
1813 1852 1982 1892 accipiens
2005 1851 2156 1892 spiritam
2185 1859 2264 1882 san-

244 1905 273 1935 si
298 1911 433 1944 propter
457 1912 559 1942 opera
583 1902 771 1932 deberetur.
819 1901 930 1934 Quare
962 1897 1108 1929 excindit
1130 1898 1227 1928 etiam
1279 1901 1379 1933 ctum,
1404 1902 1435 1926 et
1459 1895 1644 1926 iustificans
1666 1904 1739 1926 nos.

1276 1436 1342 1466 quo
1367 1432 1518 1466 oporteat
1540 1435 1604 1456 nos
1627 1424 1742 1457 saluos
1761 1425 1843 1457 fieri.
1887 1425 2017 1457 Nomen
2039 1431 2148 1458 autem
2167 1425 2263 1457 chri-

1277 1469 1318 1498 sti
1348 1474 1473 1499 tantum
1503 1468 1568 1499 fide
1596 1468 1866 1509 apprehenditur.
1920 1468 2024 1510 igitur
2054 1467 2176 1500 fiducia
2202 1478 2262 1500 no·

1276 1511 1371 1541 minis
1394 1510 1536 1548 Christi,
1570 1521 1635 1541 non
1672 1510 1793 1542 fiducia
1824 1516 2013 1542 nostrorum
2036 1520 2174 1552 operum
2195 1509 2263 1543 sal·

1276 1563 1403 1584 uamur.
1466 1553 1594 1584 Nomen
1623 1554 1708 1584 enim
1737 1553 1793 1584 hic
1819 1553 1987 1595 significat
2014 1562 2151 1585 causam
2174 1562 2263 1595 quae

1276 1594 1439 1637 allegatur
1471 1602 1606 1637 propter
1636 1605 1734 1637 qnam
1764 1597 1926 1638 contingit
1958 1594 2064 1627 salus.
2121 1595 2163 1627 Et
2183 1594 2264 1627 allo·

1277 1649 1358 1681 gare
1381 1649 1500 1669 nomen
1524 1638 1658 1676 Christi,
1682 1645 1733 1669 est
1756 1638 1924 1670 confidere
1947 1638 2148 1677 nomine⁶⁵)
2170 1637 2265 1670 Chri·

1277 1682 1336 1719 sti,
1360 1687 1517 1723 tanquam
1540 1691 1744 1719 causas-seu
1765 1681 1898 1723 precio,
1925 1687 2062 1723 propter
2084 1681 2174 1723 quod
2195 1679 2263 1712 sal·

246 1948 394 1978 meritum
419 1955 553 1987 operum
578 1943 759 1975 moralium.
807 1942 888 1973 Nam
917 1942 944 1971 si
976 1942 1028 1972 his
1051 1942 1228 1972 deberetur
1366 1939 1504 1969 Abacuc
1539 1937 1653 1978 prium.
1721 1937 1829 1967 iustus
1865 1947 1906 1967 ex
1947 1935 2015 1966 fide
2043 1936 2144 1966 vinet-
2200 1934 2265 1967 nio

247 1990 434 2021 iustilicatio
470 1998 581 2019 coram
614 1986 696 2023 Deo,
730 1996 795 2016 non
831 1986 1045 2025 imputaretur
1073 1984 1155 2014 fides
1184 1983 1227 2014 ad
1279 1982 1417 2023 primum
1448 1981 1527 2011 dicit
1564 1981 1714 2011 homines
1745 1979 1809 2009 tide
1840 1989 1917 2010 esse
1940 1979 2065 2015 iustos,
2093 1987 2160 2019 qua
2192 1987 2266 2009 cro-

246 2033 405 2064 iusticiam
429 2032 500 2062 sine
519 2030 689 2070 operibus.
1280 2025 1359 2054 dunt
1385 2023 1489 2054 Deum
1524 2023 1707 2063 propicium
1731 2032 1824 2057 csse,
1859 2028 1890 2052 et
1912 2021 2015 2057 addit,
2035 2021 2124 2062 quod
2147 2020 2266 2052 eadem

333 2075 372 2105 Et
406 2082 532 2115 postea.
586 2072 735 2103 Dii-imus
767 2072 851 2102 enim
881 2070 969 2112 quod
990 2069 1146 2100 Abrahae
1171 2069 1228 2099 im-
1282 2067 1365 2097 tides
1395 2065 1556 2097 viuinoet.
1580 2066 1655 2106 quin
1687 2065 1770 2095 haec
1801 2064 1884 2095 fides
1910 2064 1995 2105 parit
2023 2063 2056 2094 in
2080 2064 2183 2095 eorde
2206 2073 2266 2105 pa·

248 2125 360 2159 putata
384 2125 431 2147 est
458 2117 540 2147 sues
564 2116 604 2145 ad
630 2116 802 2145 iusticiam.
1281 2119 1352 2140 cem
1376 2115 1406 2139 et
1432 2109 1597 2148 gaudium,
1622 2114 1653 2139 ct
1676 2108 1774 2137 vitam
1798 2112 1976 2137 aeternam.

334 2160 449 2201 Capite
475 2171 501 2190 v.
526 2159 580 2189 ait.
627 2158 797 2189 lustiiicnti
822 2167 862 2188 ex
887 2156 963 2193 tide,
987 2166 1102 2195 pacem
1128 2155 1228 2186 habe·
1370 2152 1487 2182 Esaiae
1515 2151 1572 2190 iiij.
1638 2150 1769 2181 Noticia
1801 2150 1872 2180 eius
1907 2148 2097 2180 iustificabit
2130 2146 2264 2179 multos-

248 2215 321 2236 mus
340 2214 421 2245 erga
441 2202 558 2238 Deum,
583 2201 613 2231 id
635 2208 697 2232 est.
721 2199 880 2231 habemus
899 2198 1121 2231 conscientias
1141 2205 1229 2228 tran-
1252 2185 1257 2246 Ι
1281 2195 1366 2229 Quid
1398 2202 1447 2225 est
1478 2203 1587 2225 antem
1618 2193 1738 2224 noticia
1761 2192 1902 2224 Christi.
1938 2191 2001 2222 nisi
2031 2201 2134 2222 nosse
2164 2191 2264 2223 bene-

248 2245 368 2289 quillas
393 2253 424 2276 et
446 2244 552 2276 laetas
578 2255 689 2274 coram
715 2243 798 2273 Deo.
1252 2247 1257 2267 1
1283 2237 1354 2268 ficia
1385 2237 1520 2271 Christi,
1555 2237 1810 2277 promissiones,
1843 2244 1926 2276 quas
1957 2244 2016 2274 per
2047 2232 2266 2275 Euangeliou

337 2289 450 2321 Roma.
474 2289 529 2327 iiij.
575 2287 684 2317 (torale
710 2286 854 2317 creditur
882 2286 922 2315 ad
948 2284 1121 2315 iusticiam.
1168 2282 1229 2314 Hic
1254 2283 1257 2311 Ι
1282 2281 1402 2320 sparsit
1428 2281 1458 2310 in
1484 2280 1659 2311 uiiundnm'?
1702 2279 1741 2309 Et
1766 2282 1847 2309 haec
1871 2276 2032 2308 beneficia
2055 2286 2170 2310 nosse.
2192 2286 2267 2317 pm-

250 2334 444 2374 pronnnciat
470 2331 579 2363 fidem,
604 2340 681 2360 esse
704 2329 862 2359 instit-inm
886 2329 1006 2357 cordis.
1254 2337 1257 2344 ¹
1284 2323 1352 2364 prie
1386 2331 1417 2353 ct
1455 2333 1532 2353 vere
1567 2330 1618 2353 est
1654 2323 1794 2353 credere
1829 2321 1860 2350 in
1895 2319 2080 2356 Christum,
2115 2319 2269 2357 credere,

340 2376 388 2406 Ad
410 2373 548 2404 (inlatas
580 2374 612 2412 ij.
659 2372 728 2402 Nos
753 2372 783 2401 in
808 2371 941 2400 t'hristn
962 2371 1035 2400 lesu
1056 2369 1232 2403 eredimus,
1283 2367 1370 2407 quod
1396 2376 1480 2406 quine
1504 2366 1653 2406 promisit
1679 2365 1769 2395 Deus
1792 2369 1928 2404 propter
1958 2362 2142 2400 Christum,
2173 2367 2269 2394 certo

253 2427 283 2448 vt
310 2418 515 2449 ivstiticcmui
545 2427 584 2447 cx
610 2416 672 2447 lide
695 2415 835 2447 Christi,
865 2421 895 2443 ct
922 2424 985 2443 non
1009 2424 1048 2443 cx
1075 2412 1230 2453 operibns
1256 2422 1258 2449 j
1284 2416 1440 2450 praestet.

253 2461 347 2503 legis⁴
1258 2487 1259 2504 χ
1371 2451 1437 2482 Sed
1474 2449 1571 2492 plenu
1613 2457 1663 2482 est
1698 2449 1863 2491 scriptura
1903 2447 2023 2479 talibus
2056 2447 2269 2488 testimonijo.

1258 2507 1261 2519 i

255 2600 301 2627 (1¹2)
322 2598 449 2629 oiiunbnn}
473 2599 517 2620 1-21.
540 2598 553 2619 3
584 2602 633 2627 ΙυΙι,
655 2604 717 2620 err..
739 2596 837 2619 «umbus
1258 2550 1262 2580 ι
1287 2589 1334 2618 13⁴)
1355 2589 1458 2621 primm]
1479 2588 1526 2611 Ed.
1547 2589 1587 2611 3.:
1612 2588 1631 2610 l.

255 2643 302 2669 κζ’.)
323 2641 427 2673 quintu]
450 2641 495 2663 ΕἸ,
517 2642 531 2661 25
552 2658 554 2661 .
576 2642 589 2662 4
1288 2632 1334 2662 ῦὸ)
1354 2631 1467 2662 nomint-1
1490 2631 1536 2654 Ed.
1557 2632 1597 2654 :Le
1618 2631 1716 2654 uomiul
