2366 2958
231 178 298 213 455

235 273 297 305 sed
331 271 420 313 qnod
451 269 531 303 nolo
565 269 698 306 mal-um,

681 175 795 210 PmL.
815 175 921 210 ΗΕΒ.
944 173 1133 208 SCRIPTA
1153 173 1423 210 DoGMA'rch
1442 172 1500 206 ET
1519 172 1792 207 SYMBoLtcA.

2186 174 2253 208 456

747 270 846 310 Item,
879 269 991 300 Mente
1020 269 1132 301 sei-uio
1153 268 1221 311 legi
1273 268 1332 301 fiat
1354 266 1542 310 tranquilla.
1586 266 1662 299 Non
1683 268 1770 299 enim
1792 277 1908 299 sumus
1928 268 2007 299 iusti
2030 278 2144 301 coram
2163 268 2253 308 Deo,

234 315 318 353 Dei,
342 313 453 346 Carne
481 320 590 346 autem
615 314 726 344 seruio
750 311 817 354 legi
839 313 980 353 peccati.
1022 312 1084 343 Hic
1107 319 1221 354 aperte
1273 312 1380 343 donec
1401 311 1570 353 fugientes
1591 310 1746 342 iudicium
1767 309 1843 349 Dei,
1863 311 2039 344 irascimur
2056 311 2143 343 Deo.
2172 311 2253 344 Sen-

232 358 406 400 praedicat
440 367 478 389 se
511 356 576 398 legi
611 356 740 396 peccati
768 356 906 387 seruire.
954 354 999 386 Et
1025 355 1136 387 Dauid
1162 355 1218 387 ait.

232 401 308 433 Non
338 401 442 432 intres
476 401 508 431 in
538 400 691 430 iudiciuin
723 408 797 430 cum
820 408 921 429 seruo
944 404 1020 436 tuo,
1051 399 1128 440 quia
1149 407 1216 429 non

232 443 466 476 iustificabitur
494 444 527 473 in
559 447 742 482 conspectu
771 447 826 472 tuo
851 442 957 472 omnis
981 441 1108 473 viuens.
1154 440 1216 472 Hic

235 488 332 518 etiam
356 496 476 517 seruus
499 485 561 516 Dei
585 485 785 525 deprecatur
807 484 971 515 iudicium.
1018 483 1111 522 ltem,
1135 483 1216 515 Bea-

232 535 287 561 tus
311 530 361 560 vir
384 529 434 559 cui
458 538 526 559 non
554 528 691 568 imputat
715 526 878 558 Dominus
901 532 1083 568 peccatum.
1123 526 1217 558 Sem-

232 582 294 615 per
326 573 425 613 igi·ur
458 571 490 601 in
525 571 588 601 hac
618 569 804 601 infirmitate
832 576 949 601 nostra
978 570 1075 601 adest
1097 579 1216 610 pecca-

233 622 313 652 tum,
339 614 426 656 quod
450 614 600 654 imputari
624 618 770 654 poterat,
794 613 835 644 tle
858 623 923 654 quo
946 611 1047 654 paulo
1070 618 1148 654 post
1170 613 1216 643 in-

233 659 314 700 quit.
372 656 436 687 Pro
466 656 531 687 hoc
561 656 669 687 orabit
699 657 741 687 ad
764 662 798 687 tc
827 655 934 687 omnis
962 661 1110 687 sanctus.
1157 655 1219 685 Hic

234 701 380 733 ostendit
398 706 535 731 sanctos
559 699 656 729 etiam
680 705 836 740 oportere
854 705 970 739 petere
989 699 1217 730 remissionem

232 749 457 785 peccatorum.
521 740 701 783 plusquam
742 742 834 774 coeci
875 748 972 779 sunt,
1014 743 1068 782 qui
1109 739 1217 772 malos

233 787 373 818 affectus
407 786 439 816 in
474 795 575 816 carne
605 795 672 816 non
701 785 847 816 sentiunt
876 793 952 815 esse
985 789 1142 824 peccata,
1176 783 1218 814 de

234 830 353 871 quibus
387 827 511 859 Paulus
546 828 642 865 dicit,
688 826 775 858 Caro
810 827 1019 867 concupiscit
1051 826 1217 857 aduersus

234 872 402 913 spiritum,
437 871 573 912 spiritus
607 871 771 902 aduersus
805 879 953 903 carnem,
989 879 1069 900 caro
1099 867 1218 900 diffidit

233 915 326 952 Deo,
357 913 491 946 confidit
522 914 623 945 rebus
651 914 900 954 praesentibus,
924 912 1052 953 quaerit
1074 911 1218 942 humana

234 956 358 990 auxilia
382 958 413 988 in
438 957 637 993 calamitate,
661 956 755 987 etiam
779 961 896 986 contra
915 953 1119 985 voluntatem
1142 953 1219 991 Dei,

234 1000 319 1043 fugit
357 999 557 1031 afflictiones
597 1009 680 1040 quas
726 999 869 1029 debebat
903 995 1050 1028 tolerare
1083 1002 1219 1037 propter

233 1043 424 1076 mandatum
455 1042 535 1079 Dei,
572 1042 697 1073 dubitat
732 1041 773 1071 de
803 1039 866 1071 Dei
900 1040 1126 1071 miserisordia
1153 1045 1218 1070 etc.

234 1086 318 1118 Cum
342 1085 464 1117 talibus
488 1085 661 1116 affectibus
686 1082 829 1114 luctatur
857 1083 994 1123 spiritus
1022 1088 1162 1114 sanctus
1186 1082 1218 1113 in

236 1129 395 1161 cordibus
419 1135 453 1159 it
479 1138 538 1160 eos
562 1127 735 1168 reprimat,
759 1136 799 1157 ac
823 1125 1017 1164 mortificet,
1041 1132 1071 1156 et
1095 1127 1220 1156 inserat

234 1183 345 1204 nouos
380 1171 570 1212 spirituales
599 1177 719 1200 motus.
771 1169 837 1201 Sed
867 1170 908 1200 de
936 1168 1003 1200 hoc
1027 1167 1104 1200 loco
1133 1168 1219 1199 infra

234 1215 331 1258 plura
376 1214 562 1245 testimonia
603 1211 817 1254 colligemus,
864 1222 1053 1253 quanquam
1098 1212 1220 1252 vbique

235 1259 335 1290 obuia
366 1263 458 1294 sunt,
488 1267 554 1288 non
579 1255 687 1286 solum
710 1255 742 1285 in
767 1255 959 1296 scripturis,
983 1255 1044 1286 sed
1068 1255 1166 1286 etiam
1187 1254 1220 1285 in

235 1301 362 1333 sanctis
387 1300 552 1331 Patribus.

322 1349 502 1383 Praeclare
523 1350 628 1391 inquit
651 1349 869 1392 Augustinus.
923 1347 1041 1379 Omnia
1064 1348 1220 1379 mandata

234 1394 298 1428 Dei
320 1394 507 1435 implentur,
536 1392 669 1435 quando
693 1392 849 1434 quidquid
873 1401 939 1422 non
965 1391 1000 1422 fit
1022 1391 1220 1433 ignoscitur.

234 1438 384 1480 Requiri't
414 1438 513 1479 igitur
547 1436 661 1473 fidem,
696 1436 793 1466 etiam
821 1436 854 1465 in
878 1435 974 1465 bonis
1004 1435 1161 1476 operibus
1184 1441 1221 1465 vt

236 1482 411 1513 credamus
440 1489 504 1511 nos
528 1478 663 1521 placere
688 1477 764 1509 Deo
787 1484 924 1519 propter
946 1477 1135 1516 Christum,
1158 1487 1222 1509 nec

236 1534 339 1566 opera
363 1524 435 1564 ipsa
457 1533 519 1564 per
541 1532 578 1553 se
602 1523 702 1564 digna
725 1531 802 1552 esse
825 1529 912 1562 quae
934 1518 1098 1561 placeant.

322 1575 365 1607 Et
387 1575 608 1616 Hieronymus
631 1579 747 1604 contra
766 1570 976 1614 Pelagianos.
1022 1571 1117 1603 Tunc
1140 1582 1222 1613 ergo

236 1620 313 1651 iusti
336 1628 472 1658 sumuS,
508 1617 640 1659 quaudo
670 1626 733 1647 nos
763 1621 960 1656 peccatores
983 1613 1137 1647 fatemur.
1182 1614 1223 1646 Et

236 1662 367 1695 iusticia
390 1668 506 1693 nostra
537 1671 601 1691 non
626 1670 666 1691 cx
690 1659 824 1700 proprio
849 1659 985 1697 inei-ito,
1009 1658 1070 1689 sed
1095 1668 1135 1688 ex
1158 1657 1223 1689 Dei

231 1705 387 1738 consistit
411 1704 649 1735 misericordia.
695 1702 724 1733 0
740 1708 838 1732 ›ortet
861 1701 962 1743 igitur
983 1702 1106 1734 adesse
1125 1700 1223 1731 fidem

231 1749 262 1780 in
287 1747 346 1779 illa
375 1746 532 1779 inchoata
554 1745 641 1787 legis
664 1745 728 1785 imp
745 1745 880 1782 ecione,
906 1754 990 1786 quac
1013 1749 1136 1775 statuat
1158 1753 1221 1775 nos

231 1798 369 1833 propter
403 1789 570 1821 Christum
606 1789 730 1819 habere
766 1787 872 1818 Deum
905 1785 1082 1828 placatum.
1137 1785 1221 1817 Nam

231 1833 463 1866 misericordia
486 1843 552 1864 non
576 1836 686 1872 potest
710 1830 913 1872 apprehendi
938 1831 1001 1863 nisi
1026 1830 1110 1868 fide,
1135 1830 1222 1861 sicut

232 1887 335 1918 supra
361 1875 536 1918 aliquoties
560 1875 681 1906 «lictum
706 1880 767 1904 cst.
786 1875 838 1910 ⁷⁹)

323 1928 435 1963 Quare
463 1937 536 1958 cum
567 1927 612 1957 ait
641 1924 764 1956 Paulus
779 1927 832 1963 ⁸⁰)
859 1923 968 1965 legem
997 1922 1139 1955 stabiliri
1162 1932 1222 1964 per

233 1971 351 2010 fidem,
384 1981 449 2001 non
484 1968 592 2000 solum
622 1969 756 2007 hocffl)
784 1966 924 2006 intelligi
953 1973 1104 2008 oportet,
1133 1966 1221 2007 quod

234 2014 300 2046 fide
324 2015 428 2045 renati
452 2013 638 2053 concipiant
661 2011 809 2052 spiritum
834 2017 998 2048 sanctum,
1021 2016 1054 2040 et
1075 2009 1222 2040 habeant

235 2064 344 2089 motus
376 2057 630 2087 consencientes
660 2053 724 2096 legi
755 2053 835 2092 Dei,
864 2054 924 2084 sed
951 2051 1053 2084 multo
1081 2052 1223 2083 maxime

237 2100 340 2133 refert
364 2106 395 2131 et
420 2099 485 2130 hoc
509 2098 648 2134 addere,
676 2098 765 2137 quod
789 2097 912 2128 sentire
932 2106 999 2127 >nos
1023 2101 1156 2137 oportet
1169 2097 1223 2134 ⁸²)

238 2145 327 2184 quod
355 2141 472 2184 procul
502 2152 522 2174 a
550 2140 752 2182 perfectione
781 2139 867 2181 legis
895 2140 1054 2171 absimus.
1111 2138 1224 2173 Quare

240 2198 306 2219 non
331 2195 510 2228 possumus
533 2190 699 2220 statuere,
723 2184 811 2224 quod
837 2193 950 2213 coram
974 2181 1047 2213 Deo
1071 2181 1149 2212 iusti
1173 2191 1224 2212 re-

242 2239 414 2271 putemur,
469 2233 606 2269 propter
653 2233 802 2257 nosti-mn
855 2224 1078 2266 impletionem
1126 2223 1224 2266 legis,

244 2276 259 2295 ⁸
268 2275 299 2312 ³)
313 2273 380 2305 Sed
393 2270 584 2313 quaerenda
597 2275 649 2300 est
660 2267 740 2301 alibi
754 2268 956 2307 iustificatio,
972 2274 1008 2300 vt
1020 2267 1225 2300 conscientia

244 2446 291 2475 80)
311 2446 346 2468 nit
365 2442 472 2475 Paulus]
491 2443 575 2467 Editt.
595 2442 683 2466 2—4.:
704 2441 798 2466 Pnulus
817 2440 855 2464 nit

246 2490 293 2520 ul)
311 2487 372 2520 hm]
395 2488 442 2510 Eri.
461 2487 499 2510 8„-
519 2486 561 2509 hic

246 2533 292 2561 ⁸2)
313 2532 405 2554 sentire
426 2538 472 2553 nus
492 2528 608 2560 oportet]
629 2528 708 2552 Edfitt,
729 2527 821 2551 2-4,:
842 2529 945 2556 oportet
964 2531 1011 2548 nos
1030 2525 1127 2548 sentiro

246 2576 293 2606 18)
312 2574 363 2597 Sui
389 2574 536 2603 quaerenda
559 2577 599 2595 ut
623 2572 683 2595 alibi
710 2570 857 2595 insutis-atio
884 2583 912 2587 —
938 2579 969 2585 —·
990 2581 1019 2586 -—
1048 2575 1098 2591 non
1123 2571 1229 2599 propter

317 2614 430 2633 nostruin·
460 2607 637 2638 impletioni-m
664 2605 749 2637 lonis}
775 2604 833 2627 liutet:
860 2604 887 2627 ἐκ
912 2602 993 2626 Editt.
1021 2602 1096 2625 2-4.
1127 2601 1163 2625 ni'c
1190 2609 1227 2626 re-

319 2646 427 2667 traetata
447 2646 514 2664 tunt:
538 2640 589 2664 Sevi
615 2640 777 2664 sentiendum
797 2642 856 2667 eut.
879 2638 947 2669 quod
973 2636 1034 2661 lusti
1059 2643 1102 2660 seu
1126 2637 1227 2666 net-epti

1272 355 1418 386 tiendum
1451 359 1503 385 est
1535 353 1636 395 igitur
1660 353 1749 394 quod
1781 352 1986 385 reconciliati
2018 353 2084 385 fide
2116 360 2254 396 propter

1271 397 1438 429 Christum
1460 396 1537 428 iusti
1559 401 1767 437 reputemur,
1794 406 1860 427 non
1884 403 2021 439 propter
2042 395 2169 439 legem,
2197 402 2254 428 aut

1270 446 1407 481 propter
1436 449 1539 481 opera
1571 444 1700 470 nosti-a.
1755 438 1824 470 Sed
1857 440 1945 481 quod
1977 439 2063 471 haec
2094 439 2254 471 inchoata

1270 481 1414 524 impletio
1437 480 1523 523 legis
1547 481 1679 522 placeat
1700 488 1836 522 propter
1858 483 1967 514 fidem.
2005 482 2048 513 Et
2068 483 2158 523 quod
2179 492 2254 524 pro-

1269 531 1342 567 pter
1364 525 1461 556 iidem
1484 534 1550 555 non
1572 525 1750 564 imputetur
1768 525 1834 556 hoc
1855 525 1944 567 quod
1963 526 2057 557 deest
2074 523 2255 566 impletioni

1270 569 1373 610 legis,
1402 568 1531 599 etiamsi
1561 573 1766 608 conspectus
1793 569 1987 608 impuritatis
2015 573 2153 599 nostrae
2180 577 2256 609 pet·-

1269 611 1440 643 terresacit
1469 620 1542 641 nos.
1592 609 1659 641 lam
1688 611 1717 640 si
1745 616 1796 641 est
1822 609 1900 642 alibi
1929 611 2120 653 quaerenda
2142 609 2256 642 iustifi-

1269 655 1375 692 catio,
1414 663 1496 694 ergo
1532 659 1650 684 nostra
1684 651 1818 684 dilectio
1857 658 1890 684 et
1923 664 2027 695 opera
2060 664 2127 685 non
2160 652 2254 685 iusti·

1269 696 1379 728 fleant.
1443 695 1561 738 Longe
1602 704 1705 735 supra
1746 702 1896 727 nostram
1929 697 2145 735 mundiciem,
2186 697 2254 727 imo

1268 738 1370 781 longe
1393 749 1496 779 supra
1519 740 1624 780 ipsam
1647 738 1756 779 legem
1780 736 1939 770 collocari
1962 739 2086 770 debent
2107 748 2200 770 mors
2222 743 2255 770 et

1269 780 1455 813 satisfactio
1485 781 1611 813 Christi
1639 782 1736 812 nobis
1760 781 1900 819 donata,
1924 787 1959 812 vt
1980 788 2168 813 statuamus
2191 790 2258 813 nos

1269 830 1405 866 propter
1426 823 1516 855 illam
1539 822 1800 856 satisfactionem
1829 823 1956 856 habere
1984 825 2168 866 propicium
2192 823 2258 856 De-

1269 878 1337 906 um,
1359 877 1426 899 non
1448 873 1587 908 propter
1609 873 1759 898 nostram
1782 866 2005 908 impletionem
2028 866 2125 910 legis.
2141 869 2196 906 ⁸⁸)

1357 917 1430 949 Hoc
1453 918 1551 950 docet
1574 917 1698 949 Paulus
1720 919 1763 949 ad
1785 917 1894 950 Galat.
1913 918 1958 960 iij.
1983 928 2058 950 cum
2075 918 2131 949 ait.
2166 916 2259 950 Chri-

1270 967 1344 992 stus
1373 961 1511 991 redemit
1539 971 1603 991 nos
1632 972 1651 991 a
1681 959 1914 993 maledictione
1938 961 2042 1003 legis,
2064 960 2174 993 factus
2196 971 2259 1002 pro

1271 1004 1369 1035 nobis
1393 1001 1621 1039 maledictum,
1642 1003 1709 1034 hoc
1731 1010 1801 1041 est,
1824 1002 1878 1034 lex
1902 1004 2036 1035 damnat
2061 1013 2178 1036 omnes
2200 1003 2260 1034 ho-

1272 1047 1396 1084 mines,
1428 1046 1496 1077 Sed
1521 1045 1674 1077 Christus
1698 1046 1775 1087 quia
1797 1046 1870 1077 sine
1891 1054 2032 1087 peccato
2056 1047 2159 1088 subijt
2181 1056 2261 1088 poe-

1271 1099 1346 1120 nam
1368 1089 1518 1130 peccati‚
1548 1094 1581 1120 et
1603 1089 1736 1119 victima
1756 1099 1817 1129 pro
1840 1089 1939 1120 nobis
1962 1088 2073 1121 factus
2095 1097 2164 1128 est,
2186 1098 2260 1121 sus-

1272 1132 1345 1164 tulit
1372 1131 1453 1163 illud
1483 1132 1534 1163 ius
1557 1131 1662 1173 legis,
1698 1141 1740 1162 ne
1768 1138 1924 1169 accuset,
1966 1141 2008 1163 ne
2031 1132 2164 1163 damnet
2185 1131 2260 1166 hos,

1272 1176 1328 1217 qui
1352 1175 1492 1206 credunt
1515 1175 1548 1205 in
1572 1175 1692 1215 ipsum,
1717 1174 1794 1215 quia
1817 1175 1889 1215 ipse
1909 1180 1960 1206 est
1980 1175 2177 1216 propiciatio
2198 1183 2262 1215 pro

1273 1219 1334 1256 eis,
1357 1224 1494 1259 propter
1517 1227 1616 1258 quam
1639 1228 1728 1249 nunc
1750 1217 1827 1249 iusti
1851 1223 2057 1258 reputantur.
2097 1216 2181 1249 Cum
2203 1227 2262 1248 au·

1273 1268 1338 1293 tem
1361 1261 1439 1292 iusti
1463 1266 1675 1301 reputentur,
1698 1259 1754 1291 lex
1777 1270 1844 1291 non
1867 1267 1979 1301 potest
2001 1269 2061 1291 eos
2084 1270 2262 1298 accusare,

1273 1311 1331 1336 aut
1344 1305 1512 1341 damnare,
1533 1303 1661 1334 etiamsi
1675 1304 1782 1344 reipsa
1796 1302 1863 1344 legi
1884 1313 1951 1334 non
1965 1301 2262 1340 satisfecerint.⁸⁴)

1274 1347 1310 1378 ln
1333 1348 1472 1378 eandem
1495 1346 1698 1378 sentenciam
1723 1346 1838 1377 scribit
1867 1346 1910 1377 ad
1934 1344 2173 1378 colossenses.
2226 1344 2263 1376 ln

1273 1389 1409 1421 Christo
1433 1389 1650 1421 consummati
1673 1389 1771 1426 eatis,
1796 1389 1892 1430 quasi
1915 1389 2014 1420 dicat.
2058 1388 2131 1421 Etsi
2153 1389 2264 1421 adhuc

1273 1431 1391 1474 procul
1415 1433 1542 1464 abestis
1565 1442 1584 1462 a
1618 1431 1822 1473 perfectione
1850 1430 1955 1473 legis,
1986 1437 2094 1464 tamen
2115 1442 2183 1464 non
2209 1432 2264 1464 da·

1274 1481 1388 1506 nunant
1409 1485 1472 1506 vos
1497 1473 1655 1515 reliquiae
1679 1475 1819 1515 peccati,
1844 1476 1920 1515 quin
1944 1482 2081 1516 propter
2095 1474 2264 1506 Christum

1274 1519 1438 1550 hahemus
1453 1518 1507 1551 ⁸⁵)
1531 1516 1836 1548 reconciliationem
1860 1523 1984 1548 certam
2009 1524 2040 1548 et
2064 1517 2211 1556 firmam,
2233 1517 2264 1548 si

1276 1561 1422 1599 creditis,
1445 1560 1543 1591 etiam
1566 1559 1595 1590 si
1619 1560 1734 1590 haeret
1755 1565 1930 1601 peccatum
1958 1560 1990 1590 in
2015 1569 2117 1591 carne
2138 1565 2263 1592 vestra.

1366 1613 1420 1650 8⁶)
1447 1611 1588 1651 Semper
1617 1610 1716 1642 debet
1744 1611 1777 1642 in
1807 1617 1993 1652 conspectu
2021 1620 2101 1642 esse
2127 1611 2265 1653 promis-

1348 1753 1496 1781 reputemur
1513 1752 1620 1780 propter
1639 1747 1784 1777 Christum,
1809 1755 1861 1773 non
1884 1752 1990 1780 propter
2008 1749 2093 1780 legem
2118 1751 2163 1773 unt
2185 1755 2265 1780 opem

1344 1788 1444 1812 nostra,
1463 1787 1489 1806 et
1507 1784 1577 1814 quod
1601 1782 1666 1806 haec
1689 1783 1813 1807 inchoata
1838 1783 1903 1814 legis
1928 1783 2042 1814 impletio
2067 1783 2168 1814 placent
2193 1782 2262 1812 Deo,

1345 1819 1405 1849 qnia
1423 1825 1509 1841 sumus
1529 1819 1554 1841 in
1575 1817 1688 1842 Christo.
1726 1817 1789 1841 Item
1815 1819 1884 1848 quod
1904 1822 2010 1849 propter
2034 1817 2110 1840 fidem
2135 1817 2161 1840 in
2180 1817 2257 1841 Chri-

1343 1857 1411 1877 stum
1431 1860 1483 1876 non
1503 1852 1643 1883 imputetur
1663 1851 1736 1875 nobis
1756 1851 1805 1875 hoc
1830 1852 1899 1883 qnod
1919 1852 1991 1875 deest
2014 1852 2158 1882 impletioni
2181 1851 2258 1882 legis.

1274 1896 1320 1927 84)
1341 1895 1406 1920 Cum
1431 1900 1517 1919 autem
1541 1895 1602 1919 iusti
1626 1899 1790 1926 reputentur,
1813 1894 1856 1918 lex
1878 1907 1912 1912 —
1931 1907 1964 1912 —
1988 1902 2042 1918 uon
2066 1893 2259 1926 satisfecerint]

1343 1931 1369 1953 t'n
1389 1930 1467 1953 Editt.
1488 1930 1564 1954 2—›1.
1584 1937 1630 1952 non
1650 1930 1771 1960 leguntur.

1274 1974 1321 2005 ⁸5)
1340 1971 1478 2003 habemus]
1498 1971 1580 1995 Editt.
1600 1972 1692 1995 2—4.:
1710 1971 1811 1995 habetis

1275 2016 1322 2047 86)
1343 2015 1451 2046 Semper
1467 2014 1543 2038 debet
1554 2015 1580 2037 in
1592 2019 1731 2045 conspectu
1748 2020 1805 2037 esse
1815 2026 1847 2031 —
1858 2027 1892 2032 —
1906 2026 1938 2031 -—-
1950 2013 2046 2038 donato
2061 2014 2156 2045 spiritu
2170 2018 2261 2039 uncto

1346 2051 1463 2081 sequitur
1481 2049 1549 2079 legis
1568 2049 1692 2079 impletio.
1713 2052 1757 2080 (p.
1777 2046 1862 2081 459.)]
1882 2056 1930 2081 pro
1948 2047 1985 2072 hi·
2003 2049 2118 2080 leym-tter
2136 2050 2161 2072 ιἰι
2179 2049 2260 2073 Edita

1346 2085 1421 2108 2—4.
1445 2082 1533 2107 linet-ce
1560 2084 1712 2109 prolixiora:
1737 2083 1829 2113 Longe
1854 2084 1923 2106 enim
1947 2090 2024 2114 supra
2047 2087 2162 2107 nostr-m
2189 2091 2262 2107 mnu·

1345 2119 1449 2146 diciem,
1467 2119 1519 2141 imo
1538 2117 1616 2147 longe
1635 2124 1712 2149 supra
1730 2118 1812 2148 ipsam
1831 2117 1914 2147 legem
1934 2117 2057 2141 calloo-ri
2078 2117 2173 2141 ‹inb-nt
2191 2125 2261 2142 mors

1345 2157 1371 2177 ct
1389 2152 1532 2176 satisfactio
1556 2152 1654 2176 Christi
1679 2151 1754 2175 nobzs
1779 2153 1893 2179 doum.
1913 2156 1941 2174 ut
1965 2156 2106 2175 statuamus
2128 2159 2178 2176 nos
2202 2159 2262 2183 pro-

1345 2192 1400 2219 pter
1417 2188 1487 2210 illam
1506 2186 1712 2210 satislnetionom
1732 2186 1827 2209 tubero
1850 2186 1992 2217 propicium
2011 2186 2111 2215 Deam,
2130 2194 2183 2211 nou
2202 2194 2262 2217 pro-

1346 2227 1404 2254 pter
1431 2226 1545 2244 nostram
1575 2222 1752 2251 impletionem
1777 2221 1850 2250 legis.
1895 2221 1975 2251 impin
2000 2221 2095 2244 fiduci-
2117 2225 2171 2249 σοι,
2196 2227 2263 2252 quae

1348 2257 1491 2280 collocatur
1510 2257 1535 2279 in
1555 2260 1670 2279 nostrum
1695 2256 1872 2286 impletionem
1896 2255 1969 2285 legis.
2007 2254 2055 2278 llln
2078 2262 2141 2278 uero
2164 2255 2264 2280 fiduci·

1348 2292 1495 2315 necessaria
1513 2295 1560 2318 est,
1579 2297 1644 2321 qnae
1663 2290 1809 2313 collocatur
1827 2289 1852 2312 iu
1872 2288 2077 2313 satist-ctionem
2097 2289 2204 2313 Christi.

1385 2326 1483 2348 Temo.
1521 2324 1585 2348 Sola
1604 2325 1649 2348 illa
1676 2331 1716 2347 res
1736 2324 1857 2347 insuti-:at
1880 2330 1966 2347 coram
1992 2323 2065 2351 Deo,
2089 2330 2155 2355 qnae
2178 2323 2265 2347 reddit

1348 2365 1452 2391 psi-*utus
1472 2359 1653 2383 conscientias.
1683 2358 1773 2382 Donec
1791 2359 1859 2381 enim
1877 2359 2036 2381 mtuscirntia
2054 2357 2121 2389 tugis
2140 2358 2264 2382 ludit-lum

1349 2394 1413 2422 Dei,
1433 2398 1457 2416 ct
1477 2394 1600 2417 inst-itm·
1619 2393 1693 2422 Doo,
1716 2399 1768 2416 non
1787 2399 1874 2416 numu
1899 2394 1976 2421 iusti,
2000 2397 2026 2415 et
2049 2392 2174 2416 tinnienti
2200 2392 2262 2424 (Sd.

1349 2429 1385 2452 ⁴.:
1405 2428 1536 2452 iustificati
1553 2435 1613 2459 pro:
1632 2426 1778 2458 uiuido-til.

1383 2462 1466 2487 Pom
1487 2463 1543 2485 sol·
1562 2462 1625 2485 tide·
1645 2461 1730 2485 reddit
1755 2465 1859 2492 parnt&-
1885 2461 2070 2488 consumti-s.
2093 2461 2168 2484 inxt-
2188 2460 2262 2485 illud.

1351 2497 1486 2521 Institit-uti
1507 2503 1538 2520 ex
1559 2496 1610 2520 tid·
1629 2503 1717 2527 put-em
1736 2496 1866 2519 habemns.
1905 2495 1983 2523 ltcm.
2002 2495 2085 2518 iustus
2103 2502 2135 2519 ex
2155 2495 2206 2519 nd·
2225 2497 2263 2519 ui-

1349 2537 1403 2561 uet,
1422 2532 1449 2555 id
1468 2537 1520 2557 est.
1540 2531 1592 2554 lide
1610 2532 1691 2554 nlueit
1709 2535 1821 2554 teri-‹tm-
1840 2531 1947 2557 mortis.
1965 2531 2015 2553 tide
2033 2530 2140 2560 origii-r
2157 2533 2183 2553 et
2201 2537 2263 2553 eon-

1352 2568 1415 2598 nlpit
1434 2567 1556 2597 gandium
1575 2570 1601 2588 et
1623 2566 1711 2589 nium.
1750 2565 1831 2594 idque
1855 2564 1930 2588 affert
1955 2564 2032 2592 ndu.
2055 2570 2107 2588 non
2132 2564 2195 2595 quin
2218 2570 2264 2595 per

1351 2607 1379 2624 ιο
1398 2603 1431 2624 sit
1449 2608 1514 2631 opn-
1533 2601 1650 2630 digmun,
1669 2599 1715 2623 ned
1740 2604 1836 2622 tantum
1861 2601 1922 2630 qni·
1945 2599 2039 2629 κόρη
2063 2598 2178 2622 obim-
2203 2605 2263 2629 pro-

1353 2636 1512 2664 missionum,
1530 2635 1593 2658 mtut
1613 2635 1755 2666 rapiet-u,
1774 2634 1906 2665 propt-im
1925 2633 2087 2663 dignitatem.
