2366 2958
197 187 261 218 527

199 281 240 312 ab
264 278 338 321 alijs
361 279 516 322 gentibus
537 288 597 319 per
618 284 729 309 certas
752 277 980 308 ordinationes
1004 281 1172 313 externas,

198 331 228 354 et
253 323 503 364 promissiones.
546 320 585 352 Et
608 327 717 351 tamen
741 318 816 351 mali
840 317 885 350 illi
908 329 974 350 non
996 317 1174 360 placebant

197 365 282 397 Deo.
317 365 363 396 At
373 362 593 407 Euangelium
606 363 699 394 affert
711 373 778 394 non
791 363 940 394 vmbram
963 366 1172 392 aeternarum

197 418 319 446 rerum,
342 407 401 439 sed
415 408 504 448 ipsas
518 415 572 437 res
591 412 757 443 aeternas,
782 405 931 446 spiritum
952 409 1116 442 sanctum,
1139 409 1172 434 et

197 451 360 482 iusticiam
389 460 455 491 qua
483 459 594 480 coram
618 447 692 479 Deo
722 448 800 480 iusti
829 456 956 479 sumus.
1001 446 1104 488 Igitur
1126 445 1172 477 illi

197 500 322 525 tantum
352 499 428 524 sunt
457 490 599 533 populus
629 492 720 522 iuxta
742 489 979 533 Euangelium,
1030 490 1062 520 ui
1085 487 1173 520 hanc

196 536 450 577 promissionem
474 535 609 575 spiritus
632 534 806 574 accipiunt.
842 533 895 564 Ad
915 533 1000 564 haec
1048 530 1173 563 eclesia

197 585 250 611 est
272 589 409 620 regnum
432 576 567 615 Christi,
589 577 778 608 distinctum
802 582 920 607 contra
943 584 1080 616 regnum
1105 575 1171 605 ‹lia-

197 619 276 653 boli.
322 620 455 652 Certum
479 626 529 651 est
550 626 660 650 antem
683 619 818 659 impios,
851 620 883 649 in
911 622 1078 659 potestate
1105 617 1173 648 dia-

196 663 282 701 boli,
316 670 349 695 et
383 663 530 694 membra
558 662 651 704 regni
680 661 803 693 diaboli
833 671 930 698 esse,
964 661 1051 691 sient
1074 659 1174 690 docet

196 705 322 738 Paulus
348 705 448 746 Ephe.
469 705 502 747 ij.
528 715 602 736 cum
625 705 682 743 ait,
704 703 875 736 diabolum
897 702 1071 736 efficacem
1095 711 1173 732 esse

196 750 230 781 in
264 747 452 780 incredulis.
505 746 547 779 Et
578 746 732 779 Christus
767 747 871 788 inquit
903 747 945 777 ad
980 743 1174 782 Phariseos,

197 793 317 834 quibus
348 797 439 822 certe
467 797 538 822 erat
567 796 703 822 externa
733 790 880 821 societas
912 798 985 819 cum
1007 785 1174 824 Ecclesia,

196 835 229 867 id
258 841 325 872 est,
360 844 433 865 cum
467 834 595 865 sanctis
629 834 662 864 in
696 830 818 874 populo
853 831 948 873 legis.
994 829 1174 860 Praeerant

196 878 295 916 enim,
317 876 564 913 sacrificabant,
587 882 620 907 et
642 876 819 913 docebant,
841 874 914 905 Vos
938 883 978 904 ex
999 878 1093 913 patre
1106 871 1173 902 dia-

196 919 275 952 bolo
300 921 391 951 estis.
437 919 552 961 ltaque
574 918 728 950 Ecclesia
751 927 836 959 qnae
860 926 938 948 vere
962 920 1014 947 est
1035 924 1174 956 regnum

197 962 342 1001 Christi,
366 968 417 993 est
439 962 573 1003 proprie
596 961 814 1002 congregatio
839 965 1043 990 sanctorum.
1089 956 1174 988 Nam

196 1006 284 1047 impij
315 1011 474 1047 reguntur
497 1015 516 1034 a
539 1003 691 1041 diabolo,
719 1010 750 1034 et
779 1008 858 1033 sunt
887 1001 1006 1043 captiui
1037 998 1173 1037 diaboli,

195 1059 262 1080 non
287 1054 446 1091 reguntur
470 1047 587 1087 spiritu
607 1045 742 1083 Christi,
766 1045 828 1076 sed
851 1044 930 1086 quid
953 1043 1064 1074 verbis
1088 1051 1173 1082 opus
1198 1079 1201 1091 ,

197 1097 249 1123 est
280 1093 312 1122 in
343 1101 379 1122 re
410 1089 607 1128 manifesta?
652 1089 688 1120 Si
717 1087 871 1119 Ecclesia
899 1094 985 1128 quae
1014 1094 1094 1116 vere
1122 1089 1175 1115 est

196 1144 335 1176 regnum
349 1132 482 1173 Christi,
503 1132 715 1173 distinguitur
727 1141 747 1162 a
760 1141 866 1173 regno
879 1127 1013 1167 diaboli,
1031 1137 1174 1159 necesse

197 1184 251 1208 est
274 1177 402 1218 impios,
435 1186 508 1207 cum
539 1175 605 1206 sint
632 1175 665 1206 in
696 1184 800 1215 regno
832 1171 973 1210 diaboli,
1006 1181 1072 1202 non
1096 1180 1173 1201 esse

194 1219 392 1251 Ecclesiam.
445 1218 641 1259 Quanquam
665 1217 698 1247 in
721 1216 786 1247 hac
808 1216 896 1254 vita,
927 1215 1004 1256 quia
1027 1213 1174 1245 nondum

194 1261 376 1295 reuelatum
400 1267 451 1293 est
475 1270 614 1302 regnum
638 1259 780 1297 Christi,
809 1259 876 1290 sint
899 1257 1033 1289 admixti
1057 1253 1173 1287 Eccle-

195 1306 283 1343 siae,
313 1312 345 1336 et
369 1310 486 1347 gerant
510 1302 621 1335 officia
644 1303 676 1334 in
698 1301 872 1339 Ecclesia,
900 1300 973 1332 Nec
995 1304 1174 1341 propterea

196 1348 284 1390 impij
311 1355 388 1379 sunt
412 1357 550 1389 regnum
575 1345 715 1383 Christi,
745 1345 822 1387 quia
843 1341 1004 1376 reuelatio
1027 1341 1173 1372 nondum

194 1389 283 1423 facta
305 1397 367 1422 est.
414 1389 553 1431 Semper
582 1389 667 1420 enim
697 1387 764 1419 hoc
791 1393 843 1419 est
873 1396 1012 1428 regnum
1036 1383 1174 1422 Christi,

196 1434 286 1476 quod
307 1433 424 1475 spiritu
446 1442 508 1464 suo
533 1431 689 1468 vindicat,
713 1432 785 1463 siue
807 1431 852 1461 sit
872 1427 1076 1465 reuelatum,
1100 1426 1173 1458 siue

195 1478 236 1508 sit
259 1482 380 1508 tectum
405 1485 514 1507 cruce.
550 1474 742 1507 Sicutidem
755 1479 806 1505 est
819 1471 987 1509 Christus,
1010 1470 1066 1512 qui
1085 1479 1174 1500 nunc

195 1519 403 1562 glorificatus
427 1525 491 1556 est,
513 1523 612 1549 antea
634 1515 780 1549 afflictus
804 1522 885 1547 erat.
918 1514 959 1546 Et
972 1512 1174 1546 conueniunt

194 1563 261 1594 huc
284 1561 515 1594 similitudines
528 1559 666 1598 Christi,
690 1560 745 1602 qui
770 1557 860 1591 clare
882 1557 960 1589 dicit
973 1554 1090 1588 matth.
1103 1554 1172 1595 xiij.

195 1605 325 1638 Bonum
349 1614 465 1636 semen
489 1613 568 1635 esse
591 1601 678 1634 filios
702 1602 808 1646 regni.
859 1601 905 1633 At
927 1599 1062 1631 Zizania
1085 1596 1172 1629 filios

195 1647 329 1686 diaboli,
353 1658 470 1689 agrum
493 1647 570 1678 dicit
592 1646 746 1678 mundum
770 1654 861 1683 esse,
882 1653 951 1675 non
974 1640 1172 1674 Ecclesiam.

195 1692 243 1723 lta
265 1690 431 1723 lohannes
460 1689 501 1721 de
529 1688 587 1721 illa
616 1695 684 1720 tota
707 1694 806 1731 gente
829 1687 1005 1719 ludeorum
1027 1683 1174 1725 loquitur

196 1740 227 1765 et
257 1735 335 1766 dicit
363 1733 453 1771 fore,
487 1738 521 1763 vt
555 1742 635 1763 vera
658 1730 814 1763 Ecclesia
841 1734 1015 1772 separetur
1043 1727 1086 1758 ab
1115 1724 1173 1757 illo

196 1775 331 1819 populo.
367 1777 479 1818 ltaque
502 1775 557 1807 hic
580 1773 676 1806 locus
700 1775 808 1816 magis
828 1778 946 1805 contra
958 1769 1173 1803 aduersarios

196 1819 292 1858 facit,
315 1830 412 1861 quam
462 1829 500 1849 ro
524 1819 592 1856 eis,
615 1818 690 1859 quia
716 1816 861 1849 ostendit
884 1825 998 1846 verum
1022 1819 1054 1846 et
1078 1812 1173 1853 spiri-

197 1862 320 1895 tualem
344 1872 430 1903 popu
449 1872 512 1900 urn,
535 1872 555 1892 a
573 1859 697 1902 populo
711 1858 835 1891 carnali
848 1857 1072 1900 separandum
1085 1865 1173 1886 esse.

196 1905 236 1938 Et
266 1905 421 1937 Christus
456 1905 497 1935 de
532 1904 643 1946 specie
673 1902 845 1935 Ecclesiae
880 1901 975 1939 dicit,
1008 1909 1084 1931 cum
1118 1898 1173 1929 ait.

196 1947 311 1980 Simile
339 1955 390 1980 est
418 1957 555 1989 regnum
586 1945 755 1977 coelorum
783 1944 942 1987 lagenae,
973 1949 1029 1975 aut
1058 1942 1173 1973 decem

196 1993 392 2034 virginibus,
417 1998 448 2022 et
473 1990 569 2022 docet
589 1988 773 2021 Ecclesiam
793 1995 912 2019 tectam
934 1996 1011 2018 esse
1029 1983 1173 2016 multitu-

195 2035 271 2065 dine
295 2033 468 2071 malorum,
491 2043 532 2064 ne
550 2033 581 2064 id
594 2031 789 2064 scandalum
802 2031 875 2072 pios
890 2029 1046 2061 offendat.
1083 2027 1175 2065 item,

196 2084 229 2108 vt
263 2078 408 2108 sciamus
438 2077 574 2108 verbum
603 2082 635 2106 et
663 2080 873 2106 sacramenta
901 2071 1054 2104 efficacia
1084 2079 1174 2107 esse,

196 2121 259 2152 etsi
282 2126 463 2152 tractentur
486 2129 505 2150 a
529 2117 638 2155 malin,
661 2124 760 2159 atque
783 2116 911 2148 interim
936 2116 1033 2147 docet
1056 2113 1173 2154 impios

197 2162 290 2201 illos,
320 2163 471 2204 quamuis
503 2161 645 2193 habeant
675 2162 869 2192 societatem
894 2165 1106 2190 externorum
1131 2157 1173 2187 si-

198 2216 352 2249 gnorum,
376 2212 485 2237 tamen
510 2215 574 2235 noo
599 2214 675 2235 esse
699 2214 813 2235 verum
833 2213 970 2243 regnum
984 2200 1119 2238 Christi,
1143 2205 1174 2229 et

196 2250 344 2280 membra
363 2247 497 2279 Christi.
533 2248 617 2278 Sunt
641 2247 724 2277 enim
749 2246 897 2277 membra
921 2244 1014 2285 regni
1037 2240 1171 2273 diaboli.

196 2292 314 2333 Neque
340 2301 418 2322 vcro
442 2291 647 2322 somniamus
672 2300 732 2320 nos
758 2288 962 2320 Platonicam
994 2286 1171 2320 ciuitatem,

197 2342 229 2365 vt
252 2335 384 2376 quidam
409 2335 505 2375 impie
530 2331 745 2370 cauillantur,
774 2332 840 2362 Sed
865 2331 1004 2361 dicimus
1028 2329 1172 2360 existere

197 2378 282 2409 hanc
297 2376 496 2414 Ecclesiam,
522 2375 687 2413 videlicet,
711 2385 789 2406 vere
811 2374 986 2405 credentes
1005 2382 1046 2404 ac
1065 2372 1172 2403 iustos

197 2431 337 2461 sparsos
363 2431 420 2461 per
445 2427 548 2451 totum
573 2420 697 2450 orbem.
744 2418 784 2449 Et
809 2418 958 2447 addimus
983 2423 1092 2452 notas,
1115 2424 1171 2455 pn-

197 2474 266 2494 rnm
292 2464 473 2494 doctrinam
497 2460 682 2503 Euangelij,
706 2467 738 2492 et
760 2466 977 2492 sacramenta.
1024 2458 1064 2488 Et
1087 2456 1173 2487 hacc

198 2505 353 2537 Ecclesia
388 2518 448 2547 pro
475 2507 520 2536 rie
555 2513 606 2536 est
640 2503 792 2536 columna
826 2503 986 2534 veritatis.
1045 2500 1171 2531 Retinet

198 2549 282 2580 enim
307 2560 421 2590 porum
447 2518 678 2590 Euangelium,
703 2555 733 2579 et
758 2553 790 2578 vt
816 2544 938 2577 Paulus
961 2544 1076 2585 inquit,
1102 2541 1171 2574 sun-

199 2593 403 2627 damcntum,
427 2592 491 2623 hoc
515 2599 585 2625 est,
612 2602 722 2622 veram
747 2590 869 2621 Christi
894 2588 1115 2630 cognitionem
1140 2591 1171 2616 et

644 182 756 216 vnn..
779 182 884 216 MEL.
907 180 1095 214 SCRIPTA
1115 181 1385 216 DOGMATtCA
1406 182 1463 215 ET
1485 182 1769 219 SYMBoLch„

2138 183 2205 216 528

1197 279 1200 284 '
1226 286 1327 317 supra
1360 275 1608 307 fundamentum
1641 276 1818 308 aedificant
1851 276 1991 319 stipulas
2023 277 2202 318 perituras,

1196 2038 1204 2494 f

200 2634 315 2671 tidem.
340 2636 400 2666 etsi
426 2642 500 2666 sunt
525 2636 555 2665 in
580 2634 631 2665 his
655 2635 752 2665 etiam
777 2631 868 2665 multi
892 2629 1093 2668 imbecilles,
1118 2629 1171 2670 qni
1197 2665 1199 2669 Ι

1226 319 1291 350 hoc
1314 324 1382 356 est,
1412 318 1576 360 quasdam
1599 318 1732 351 inutiles
1755 319 1944 360 opiniones,
1973 329 2059 360 quae
2082 325 2203 359 tamen,

1225 362 1303 402 quia
1326 371 1392 391 11011
1416 367 1567 392 euertunt
1590 359 1855 400 fundamentum,
1878 368 1946 393 tum
1970 362 2203 394 condonantur

1227 402 1304 442 illis,
1327 409 1394 435 tum
1417 404 1514 435 etiam
1538 404 1764 437 emendantur.
1800 404 1851 436 Ac
1864 409 2056 436 sanctorum
2068 405 2204 437 Patrum

1228 447 1353 488 scripta
1373 451 1546 484 testantur,
1569 447 1658 488 quod
1677 447 1839 479 interdum
1852 444 1992 489 stipulas
2006 447 2104 479 etiam
2114 447 2203 479 aedi-

1228 489 1401 521 ficauerint
1425 499 1526 530 supra
1547 488 1810 527 fundamentum,
1832 490 1893 522 sed
1916 499 2001 531 quae
2020 499 2087 521 non
2108 499 2202 522 euer-

1227 537 1337 563 terunt
1359 531 1456 562 fidem
1481 541 1605 562 eorum.
1638 531 1764 563 Verum
1775 531 1956 574 plaeraque
1967 533 2106 564 istorum
2118 542 2204 574 quae

1227 574 1409 615 aduersarij
1424 574 1529 605 nostri
1543 573 1736 612 defendunt,
1759 574 1856 607 fidem
1879 581 2042 613 auertunt,
2066 580 2102 606 vt
2113 575 2204 617 quod

1227 617 1381 648 damnant
1406 616 1581 649 articulum
1606 616 1648 648 de'
1677 618 1874 649 remissione
1902 624 2136 659 peccatorum,
2166 617 2203 648 ln

1227 669 1291 700 quo
1323 659 1462 691 dicimus
1494 659 1559 690 fide
1588 661 1694 701 accipi
1722 661 1950 692 remissionem
1978 666 2202 702 peccatorum.

1226 701 1425 733 Manifestus
1450 703 1527 733 item
1549 708 1582 733 et
1604 703 1813 743 perniciosus
1836 712 1932 734 error
1954 709 2018 741 est,
2043 703 2132 745 quod
2146 703 2204 734 do-

1227 750 1302 776 cent
1319 745 1518 786 aduersarii,
1542 746 1662 777 mereri
1682 746 1830 777 homines
1844 746 2071 778 remissionem
2084 755 2202 787 pecca·

1226 793 1346 825 torum,
1371 786 1550 818 dilectione
1573 798 1653 829 erga
1675 788 1802 827 Deum,
1826 794 1903 820 ante
1924 789 2073 830 gratiam.
2118 788 2203 820 Nam

1225 829 1291 861 hoc
1303 839 1435 871 quoque
1455 836 1507 861 est
1526 830 1643 862 tollere
1662 829 1924 869 fundamentum,
1946 831 2012 862 hoc
2025 836 2086 868 est,
2110 829 2203 862 Chri-

1226 878 1324 903 stum.
1370 873 1450 903 ltem
1472 873 1550 914 quid
1574 883 1659 915 opus
1683 875 1745 905 erit
1768 874 1850 912 fide,
1878 875 1906 904 si
1930 878 2137 904 sacramenta
2161 883 2203 904 ex

1227 924 1329 955 opere
1352 920 1490 955 operato
1519 916 1592 946 sine
1620 917 1708 947 bono
1738 923 1830 948 motu
1858 917 1981 947 vtentis
2009 914 2204 948 iustificam.

1227 958 1320 989 Sicut
1351 962 1460 988 autem
1489 957 1593 989 habet
1621 957 1774 990 Ecclesia
1806 960 2079 1001 promissionem,
2112 958 2204 1000 quod

1226 1009 1358 1041 semper
1386 1000 1429 1030 sit
1456 999 1610 1031 habitura
1637 1002 1788 1041 spiritum
1816 1007 1987 1039 sanctum,
2022 1002 2069 1032 lta
2102 999 2204 1033 habet

1227 1042 1513 1080 comminationes,
1536 1043 1624 1084 quod
1649 1044 1716 1074 sint
1737 1042 1839 1075 futuri
1862 1044 1950 1086 impij
1976 1044 2146 1080 doctores,
2170 1050 2204 1075 et

1225 1084 1302 1126 lupi.
1348 1083 1408 1116 llla
1439 1095 1518 1117 vero
1549 1091 1600 1116 est
1626 1086 1759 1127 proprie
1788 1085 1960 1124 Ecclesia,
1990 1096 2075 1127 quae
2104 1086 2205 1118 habet

1226 1129 1375 1169 spiritum
1398 1134 1560 1159 sanctum.
1596 1128 1680 1170 Lupi
1704 1135 1734 1160 et
1758 1127 1835 1160 mali
1860 1129 2017 1160 doctores
2029 1129 2092 1159 etsi
2106 1138 2202 1170 gras-

1226 1177 1342 1202 santur
1354 1170 1388 1202 in
1400 1169 1566 1214 Ecclesia,
1592 1177 1699 1202 tamen
1724 1182 1789 1203 non
1812 1176 1890 1202 sunt
1911 1171 2046 1212 proprie
2065 1181 2204 1213 regnum

1226 1212 1361 1245 Christi.
1409 1213 1503 1245 Sicut
1525 1219 1558 1245 et
1582 1214 1670 1255 Lyra
1693 1219 1846 1252 testatur,
1869 1224 1943 1246 cum
1966 1215 2023 1251 ait,
2048 1212 2204 1246 Ecclesia

1225 1266 1292 1287 non
1322 1255 1477 1287 consistit
1503 1256 1535 1287 in
1564 1256 1751 1288 hominibus
1781 1258 1910 1288 ratione
1938 1256 2117 1297 potestatis
2147 1255 2203 1289 vel

1225 1299 1395 1341 dignitatis
1418 1297 1678 1330 Ecclesiasticae
1706 1298 1759 1331 vel
1791 1298 1974 1337 secularis,
2005 1300 2083 1340 quia
2111 1298 2205 1331 multi

1225 1341 1398 1382 Principes
1433 1347 1466 1373 et
1499 1343 1618 1374 summi
1651 1342 1830 1374 Pontifices
1864 1348 1897 1374 et
1930 1340 1984 1382 alij
2027 1340 2204 1374 inferiores

1226 1385 1348 1417 inuenti
1372 1390 1450 1416 sunt
1474 1384 1808 1425 apostatasseafide‚
1832 1384 1974 1426 Propter
1986 1385 2076 1426 quod
2088 1383 2204 1417 Eccle-

1225 1428 1276 1459 sia
1299 1428 1452 1458 consistit
1474 1428 1506 1459 in
1530 1426 1595 1459 illis
1619 1429 1785 1469 personis,
1808 1429 1840 1460 in
1863 1428 1985 1470 quibus
2008 1433 2060 1458 est
2079 1427 2204 1460 noticia

1226 1480 1306 1502 vera
1328 1475 1358 1501 et
1383 1469 1553 1502 consessio
1578 1469 1653 1502 fidei
1674 1477 1707 1502 et
1730 1471 1888 1502 veritatis.
1934 1469 2021 1506 Quid
2044 1469 2134 1502 aliud
2156 1470 2203 1503 di-

1225 1514 1477 1587 {imusLnos‘lin
1500 1512 1714 1546 confessione
1736 1520 1871 1552 nostra,
1902 1523 2002 1555 quam
2030 1513 2118 1555 quod
2146 1513 2203 1546 hic

1249 1556 1303 1588 icit
1378 1565 1436 1587 ra.

1313 1566 1381 1630 Seii
1409 1596 1567 1630 fortassis
1597 1599 1782 1639 aduersarij
1806 1599 1856 1630 sic
1879 1595 2050 1639 postulant
2074 1597 2204 1630 definiri

1225 1640 1430 1679 Ecclesiam,
1465 1641 1555 1683 quod
1583 1642 1626 1673 sit
1656 1640 1853 1673 Monarchia
1883 1646 2020 1672 externa
2048 1650 2206 1681 suprema

1226 1685 1327 1716 totius
1356 1685 1446 1716 orbis
1475 1690 1656 1723 terrarum,
1684 1685 1717 1715 in
1747 1695 1812 1726 qua
1841 1689 1993 1725 oporteat
2017 1682 2204 1716 Romanum

1225 1727 1421 1759 Pontificem
1443 1727 1568 1759 habere
1590 1733 1789 1769 potestatem
1812 1726 2037 1765 ᾰιυπεόθυνον,
2069 1726 2111 1758 de
2137 1737 2205 1769 qua

1225 1771 1345 1802 nemini
1369 1769 1467 1802 liceat
1490 1771 1539 1802 dis
1565 1776 1659 1802 utare
1681 1777 1737 1802 aut
1760 1771 1920 1808 iudicare,
1943 1769 2105 1801 condendi
2126 1770 2205 1802 arti·

1227 1813 1322 1846 culos
1352 1813 1444 1852 fidei,
1473 1815 1538 1845 abo
1554 1814 1628 1845 endi
1658 1814 1843 1855 scripturas
1874 1823 1958 1854 quas
1987 1810 2083 1848 velit,
2111 1812 2203 1844 insti-

1226 1857 1337 1889 tuendi
1360 1856 1471 1888 cultus
1494 1863 1523 1888 et
1544 1856 1719 1894 sacrificia,
1743 1856 1822 1887 ltem
1836 1855 1999 1887 condendi
2011 1853 2104 1897 leges
2117 1864 2202 1896 quas

1227 1899 1315 1937 velit,
1339 1900 1555 1941 dispensandi
1582 1906 1613 1930 et
1638 1898 1791 1931 soluendi
1806 1899 2058 1940 quibuscunque
2071 1896 2202 1939 legibus

1226 1941 1305 1974 velit
1316 1943 1448 1981 diuinis,
1472 1943 1656 1980 canonicis,
1678 1948 1709 1973 et
1722 1940 1886 1979 ciuilibus,
1905 1951 1924 1971 a
1940 1951 2006 1982 qno
2021 1940 2203 1981 imperator

1226 1992 1257 2017 et
1273 1985 1384 2027 Reges
1398 1995 1514 2017 omnes
1534 1985 1696 2026 accipiant
1715 1991 1912 2025 potestatem
1935 1990 1967 2015 et
1991 1983 2042 2014 ius
2067 1982 2201 2015 tenendi

1227 2039 1343 2069 regna.
1375 2029 1415 2059 de
1444 2028 1598 2058 mandato
1622 2028 1760 2064 Christi,
1792 2028 1843 2058 cui
1874 2037 1948 2058 cum
1971 2025 2070 2057 Pater
2092 2026 2203 2058 omnia

1227 2071 1416 2108 subiecerit,
1439 2070 1576 2112 intelligi
1602 2077 1750 2111 oporteat
1771 2069 1835 2102 hoc
1848 2070 1899 2101 ius
1913 2070 1944 2100 in
1959 2069 2083 2110 Papam
2096 2075 2203 2101 trans·

1226 2114 1327 2146 latum
1354 2124 1440 2145 esse.
1488 2114 1599 2148 Quare
1624 2123 1765 2145 necesse
1788 2114 1830 2143 sit
1854 2112 1977 2154 Papam
2001 2121 2078 2144 esse
2101 2112 2203 2143 domi·

1226 2168 1302 2189 num
1316 2157 1416 2188 totius
1430 2157 1520 2188 orbis
1536 2164 1710 2188 terrarum.
1732 2156 1875 2187 munium
1889 2164 2067 2196 regnorum
2080 2154 2201 2192 mundi,

1226 2201 1368 2231 omnium
1393 2210 1500 2231 rerum
1532 2201 1731 2239 priuatarum
1762 2205 1792 2229 et
1824 2198 2050 2240 publicanum,
2078 2197 2203 2229 habere

1250 2242 1459 2274 lenitudinem
1483 2244 1659 2283 potestatis
1684 2243 1715 2273 in
1740 2240 1977 2283 temporalibus
1996 2247 2029 2271 et
2050 2241 2202 2281 spiritua·

1225 2254 1324 2323 libus,
1347 2285 1470 2316 habere
1490 2292 1663 2327 vtrnmquc
1682 2283 1839 2326 gladium,
1862 2282 2065 2326 spiritualem
2078 2291 2108 2314 et
2122 2290 2202 2314 tem-

1225 2327 1385 2369 poralem.
1423 2330 1529 2370 Atque
1553 2327 1635 2359 haec
1660 2328 1805 2359 detinitio
1829 2337 1894 2359 11011
1914 2325 2089 2357 Ecclesiae
2107 2325 2201 2358 Chri·

1224 2373 1283 2409 sti,
1314 2372 1373 2402 sed
1404 2373 1495 2413 regni
1521 2371 1684 2411 Pontiticij
1714 2371 1813 2401 habet
1841 2376 1977 2401 autores
1999 2379 2066 2400 non
2090 2367 2199 2401 solum

1225 2414 1438 2452 canonistas,
1462 2415 1521 2445 sed
1545 2415 1643 2445 ctiam
1668 2406 1840 2445 Danielem
1867 2412 1949 2452 l'np.
1974 2412 2016 2443 xi.

1312 2458 1408 2492 Quod
1433 2459 1461 2488 si
1486 2458 1549 2488 11111·
1573 2457 1672 2488 1110110
1696 2456 1906 2487 definiremus
1934 2456 1978 2487 Η)
2005 2452 2202 2491 Ecclesiam,

1226 2500 1398 2532 Fortassis
1412 2500 1611 2532 haberemus
1624 2500 1799 2541 aequiores
1812 2498 1952 2529 ludices.
1989 2495 2092 2529 Multa
2115 2497 2202 2529 enlm

1225 2638 1272 2668 82)
1293 2638 1470 2670 definiremus}
1492 2638 1540 2662 Ed.
1562 2638 1586 2662 3.
1606 2641 1657 2668 typ.
1678 2644 1740 2660 vr.>
1763 2636 1932 2660 dctinrramm
