2366 2958
136 147 213 181 1181
635 145 660 177 1.

150 238 303 281 Amplius
325 240 415 281 quod
437 239 596 281 repetitur
611 240 663 277 ⁷²)
692 239 734 270 de
756 237 1047 270 constitutionibus
1075 247 1126 269 ec·

150 281 290 321 clesiae,
320 283 472 324 superius
505 282 587 314 satis
616 291 816 322 responsum
848 286 918 319 est,
935 282 986 319 ⁷³)
1020 290 1127 322 neque

149 326 297 368 proderit
318 325 368 356 eis
384 327 436 362 ⁷4)
458 323 596 356 libertas
626 324 824 362 christiana,
849 333 949 365 quam
977 328 1127 364 praeten-

150 369 244 406 dunt,
260 370 312 406 ⁷⁵)
336 377 409 399 cum
429 368 492 398 ista
517 377 585 398 non
607 368 651 398 sit
673 366 829 405 libertas,
851 367 911 397 sed
934 366 1127 407 prodigiosa

150 409 294 448 licentia,
314 420 400 452 quae
427 408 514 451 plebi
533 411 582 447 ⁷⁶)
610 408 777 442 inculcata
805 418 864 440 eos
887 408 931 439 ad
960 407 1126 440 exitialem

149 459 249 495 atque
264 454 315 491 ⁷⁷)
338 451 651 494 periculosissimam
675 453 796 484 excitat
824 451 1028 482 seditionem.
1073 450 1126 481 Li-

150 496 264 528 bertas
286 495 372 526 enim
395 495 574 527 christiana
597 505 663 526 non
687 495 863 537 opponitur
888 492 1126 525 ecclesiasticis

151 538 466 575 consuetudinibus,
483 539 535 577 78)
571 548 644 570 cum
677 538 964 579 promoveantw)
995 537 1127 574 bonum,

151 581 212 612 sed
234 581 411 622 opponitur
423 581 477 618 80)
496 580 744 622 servitutisslegis
758 580 812 616 ³¹)
832 579 1000 610 Mosaicac
1012 585 1044 610 et
1057 589 1127 610 ser-

152 621 246 655 vituti
270 625 408 664 peccati.
424 624 479 661 3²)
513 624 628 655 Omnis
652 625 750 661 enim,
763 623 818 664 qui
840 620 921 653 facit
943 627 1128 663 peccatum,

153 675 273 698 servus
296 672 348 698 est
375 666 525 708 peccati,
554 667 599 697 ait
624 665 776 697 Christus
791 666 844 701 83)
875 664 943 696 loh.
974 664 1059 695 Vlll.
1075 665 1129 702 S⁴)

151 707 250 740 Unde
283 709 373 750 quod
387 711 441 746 85)
477 707 611 741 solvunt
640 709 777 747 ieiunia,
811 707 918 740 libere
952 707 1129 740 comedunt

153 760 288 788 earnes,
316 751 489 794 negligunt
517 750 620 783 horas
651 752 848 790 canonicas,
876 760 943 781 non
971 750 1128 782 confiten-

151 800 218 832 tur,
240 793 367 826 scilicet
382 797 435 833 ⁸⁶)
455 801 601 835 tempore
625 793 787 831 Paschae,
810 799 843 825 et
865 792 983 824 similia
1006 791 1130 824 faciunt

152 843 186 868 et
200 838 254 874 S⁷)
278 838 440 875 omittunt,
464 837 529 868 hoc
551 847 618 868 non
642 843 693 868 est
715 837 761 868 uti
773 837 938 875 libertate,
956 837 1016 867 sed
1029 836 1130 875 abuti,

153 886 270 912 contra
300 879 336 911 S.
361 878 454 911 Pauli
488 880 628 918 monita,
658 880 714 921 qui
738 890 797 911 eos
826 884 950 910 attente
979 889 1130 920 praemo-

153 923 234 960 nuit,
257 922 387 954 dicens:
417 922 490 955 Vos
519 922 551 953 in
579 921 764 954 libertatem
793 923 904 954 vocati
934 923 1033 959 estis,
1065 920 1130 953 fra-

152 970 240 1003 tres,
264 971 392 997 tantum
414 975 456 996 ne
479 964 665 997 libertatem
687 966 772 997 detis
787 967 840 1003 88)
865 965 898 996 in
918 965 1130 996 occasionem

154 1008 276 1042 carnis,
295 1008 354 1039 sed
375 1018 436 1049 per
452 1008 620 1039 caritatem
631 1009 767 1049 spiritus
779 1008 903 1039 servite
913 1007 1131 1044 invicem.8⁹)

156 1049 231 1082 Gal.
263 1050 374 1088 V.⁹⁰)
419 1050 517 1082 Unde
549 1049 661 1081 nullus
690 1061 750 1081 sua
781 1051 917 1082 crimina
948 1049 1130 1087 velare⁹1)

155 1093 255 1125 debet
284 1094 347 1125 sub
377 1099 550 1133 praetextu
580 1092 741 1124 libertatis
779 1092 1013 1134 evangelicae,
1042 1092 1132 1134 quod

156 1142 189 1167 et
220 1136 255 1167 S.
288 1135 407 1167 Petrus
438 1136 687 1177 prohibuitzw)
721 1135 824 1171 Quasi
858 1135 971 1174 liberi,
1005 1141 1038 1167 et
1065 1145 1132 1166 non

156 1179 251 1220 quasi
285 1177 435 1210 velamen
470 1177 632 1210 habentes
659 1178 804 1210 malitiae
832 1177 1038 1216 libertatem,
1073 1178 1133 1210 sed

224 1357 342 1389 amptum
361 1359 411 1382 est:
430 1357 599 1386 matrimonii,
620 1357 664 1389 10)
679 1364 726 1389 pro
750 1356 966 1388 Archiepiscopos
990 1356 1133 1383 exhibetur:

223 1390 436 1420 Ecclesiasticos,
466 1392 510 1422 11)
530 1399 579 1423 pro
602 1391 713 1415 iudicari
737 1391 842 1423 quitur:
870 1391 990 1420 tractari,
1021 1392 1066 1423 12)
1086 1399 1134 1423 pro

224 1426 382 1449 matrimonii
401 1425 517 1457 scrip-‘um
536 1429 584 1451 ese:
604 1426 811 1455 matrimonium,
839 1426 885 1457 13)
910 1424 985 1451 verba
1008 1428 1133 1451 extrema:

224 1460 285 1483 licet
303 1460 389 1491 quoad
408 1459 560 1484 donationes
580 1473 613 1477 —
630 1461 678 1483 iuri
697 1460 790 1484 cedere
809 1459 917 1490 debeat,
936 1460 1026 1484 omissa
1044 1463 1108 1484 sunt.

156 1502 202 1535 72)
222 1502 339 1534 Amplius
358 1502 428 1534 quod
451 1501 584 1535 repetitur]
610 1502 737 1533 Chytr.:
762 1503 879 1534 Amplius
905 1503 975 1534 qnod
998 1503 1134 1535 reperitur,

225 1537 336 1562 Fabr.:
354 1537 410 1560 Illis
429 1537 506 1560 etiam
524 1544 590 1568 qnae
608 1537 716 1568 amplius
734 1541 885 1569 repetuntur

156 1579 203 1612 ⁷3)
222 1580 337 1611 superius
355 1580 417 1603 satis
436 1587 588 1611 responsum
608 1579 665 1612 est‚]
689 1579 809 1611 Pflug.:
829 1580 860 1605 C.
878 1579 917 1604 M.
941 1584 1090 1611 perseverat
1109 1581 1135 1604 in

226 1613 404 1638 declaratione
434 1617 460 1637 et
484 1613 634 1638 definitione
657 1615 727 1645 prius
751 1614 830 1639 facta.
858 1614 956 1640 Mou.:
985 1613 1029 1639 Sa.
1058 1614 1135 1638 Caes.

224 1647 288 1706 gem
321 1652 470 1679 perseverat
497 1648 525 1671 in
557 1648 731 1672 declaratione
762 1652 787 1686 et
814 1649 1031 1673 determinatione
1063 1649 1135 1680 prius

268 1685 304 1705 ta.

158 1723 205 1757 ¹14)
224 1723 274 1755 eis]
293 1723 414 1755 Pslug„
432 1723 535 1750 Mon.:
555 1724 782 1749 concionatoribus

157 1767 204 1799 75)
223 1766 417 1798 praetendunt]
437 1767 537 1791 Mon.:
557 1767 694 1799 prendunt,

158 1809 206 1842 76)
228 1809 309 1841 plebi]
328 1809 438 1834 Fabi-,z
457 1810 557 1842 populis

157 1853 205 1884 7⁹1)
225 1851 312 1884 atque]
332 1852 439 1878 Fatm:
459 1857 499 1882 et,
520 1853 547 1876 in
565 1853 646 1877 Mon.
668 1852 741 1878 deest.

158 1895 206 1927 78)
226 1894 476 1926 consuetudinibus,]
495 1895 602 1926 Fabr.,
623 1895 746 1928 Pslug.,
769 1896 869 1922 Mon.:
895 1896 1138 1926 constitutionibus,

158 1937 205 1970 79)
226 1937 406 1970 promoveant]
425 1937 550 1969 rung:
569 1943 722 1969 promoveat

157 1981 204 2012 80)
224 1979 374 2012 opponitur]
393 1979 500 2010 Fabia,
519 1980 617 2007 Mon.:
637 1986 802 2013 opponuntur
833 1981 956 2014 (Pslug.
976 1992 1010 2005 =
1027 1982 1136 2014 Dess.)

158 2023 205 2054 81)
223 2022 302 2055 legis]
321 2022 414 2047 Fabr.
432 2022 508 2048 male:
526 2023 578 2054 legi

159 2066 206 2098 ⁸2)
225 2069 251 2089 et
268 2066 386 2089 servituti
403 2065 526 2097 peccati]
547 2065 668 2097 rung:
688 2070 714 2091 et
731 2067 841 2099 peceati.

229 2100 278 2124 tuti
296 2100 394 2131 populi.

159 2141 206 2175 83)
225 2143 263 2166 ait
282 2141 413 2174 Christus]
433 2151 448 2166 c.
466 2142 574 2174 Pflng.
597 2141 674 2168 abest.

159 2185 206 2217 84)
225 2184 282 2209 Iob.
301 2184 385 2217 vm]
403 2185 512 2211 Fabia:
530 2184 604 2210 Ioan.
625 2186 650 2209 7.

159 2227 207 2258 85)
227 2227 308 2260 quod]
330 2227 456 2259 Chytr.:
477 2229 519 2259 qui

160 2270 207 2303 86)
226 2270 335 2304 scilicet]
353 2271 380 2295 t'n
397 2270 518 2302 Chytr.,
536 2270 644 2300 Febr..
663 2271 786 2304 Pflug„
805 2272 888 2297 Mon.
907 2273 982 2299 deest.

878 2067 978 2094 Mem:
1005 2073 1030 2092 et
1058 2068 1137 2092 servi-

161 2313 208 2345 8⁷)
228 2312 263 2346 et]
282 2313 408 2345 Chytr.,
427 2313 535 2344 Fabr„
554 2314 676 2346 Pilug„
696 2314 795 2341 Mam:
814 2316 855 2340 vel

161 2356 208 2387 88)
228 2355 304 2388 detis]
324 2355 405 2381 Mon.
425 2356 501 2382 male:
521 2358 614 2381 deditis

160 2399 209 2431 89)
228 2397 358 2432 invicem]
376 2398 447 2423 huius
465 2401 533 2424 cocis
551 2400 616 2424 Iocus
634 2400 659 2424 in
681 2400 772 2424 Dess.
793 2407 817 2425 a.
841 2408 935 2426 vacuus
958 2409 975 2425 a
999 2400 1083 2426 scriba
1102 2409 1140 2426 re·

233 2432 303 2457 &aaa
321 2437 371 2462 ert,
395 2438 545 2468 quapropter
568 2434 728 2459 Weberus
753 2442 806 2459 eam
824 2435 850 2458 r'n
872 2435 964 2460 Desa.
991 2435 1016 2460 b.
1045 2436 1141 2461 uncinis

230 2467 351 2492 inclusam
369 2467 475 2492 addidit,

162 2509 211 2540 90)
230 2509 288 2534 Gal.
307 2509 352 2542 V.)
370 2509 479 2541 Fabia,
497 2511 598 2537 Mona
618 2511 651 2535 ad
670 2511 754 2536 Galat.
774 2511 800 2536 5.

162 2551 211 2584 91)
230 2552 329 2584 velere]
352 2553 476 2584 Pssng.:
496 2554 616 2578 obvelare

151 2593 212 2626 122)
231 2594 390 2627 prohibuitzl
408 2595 532 2627 ming:
551 2596 689 2628 prohibet:

705 143 988 177 GONFUTATIO
1011 142 1330 178 OONFESSIONIS
1353 143 1667 178 AUGUSTANAE.

2091 145 2154 178 182

1179 238 1263 269 sicut
1297 239 1386 269 servi
1418 237 1494 269 Dei.
1525 239 1553 270 l.
1582 237 1655 269 Pet.
1685 237 1792 273 ll.⁹·‘³)
1837 237 1936 273 Quod
1967 245 2077 270 autem
2112 240 2154 271 de

1179 281 1338 312 abusibus
1373 281 1626 318 adstruxerunt,
1643 282 1694 318 ⁹⁴)
1721 280 1811 312 haud
1841 280 1938 311 dubie
1966 283 2153 319 norunt⁹⁵)

1179 322 1352 363 Principes
1386 333 1500 354 omnes
1534 329 1567 355 et
1599 329 1706 354 status
1745 323 1960 364 imperii,⁹⁶)
1993 334 2100 365 neque
2135 334 2156 356 a

1180 364 1278 396 Caes.
1303 364 1493 403 Maiestate,
1524 376 1630 407 neque
1659 365 1737 397 ullis
1766 377 1785 397 a
1818 366 2023 407 Principibus
2039 369 2092 404 ⁹⁷)
2122 373 2155 398 et

1180 407 1360 439 christiano
1384 406 1494 448 aliquo
1516 407 1647 440 homine
1670 409 1723 439 vel
1742 408 1905 439 minimum
1924 410 2062 439 abusum
2079 419 2155 449 pro-

1182 451 1264 488 bari,
1286 450 1346 480 sed
1369 456 1484 490 optare
1507 456 1573 481 tum
1590 453 1643 489 0ὃ)
1668 451 1859 492 Principes.
1889 457 1954 482 tum
1975 457 2082 482 status
2101 451 2156 482 ini-

1179 493 1272 534 perii,
1295 498 1329 523 ut
1345 494 1398 529 ⁹⁹)
1423 494 1585 523 communi
1606 493 1746 525 consilio
1766 496 1838 530 ¹⁰⁰)
1868 503 1908 525 ac
1928 495 1956 531 ¹)
1987 504 2156 525 consensu

1180 535 1387 573 adnitantur,
1416 541 1461 573 ut,
1479 537 1509 573 2)
1539 534 1679 567 sublatis
1707 537 1867 568 abusibus
1898 541 1930 567 et
1962 537 2155 575 emendatis,

1180 579 1351 619 utriusque
1379 584 1488 609 status
1518 588 1678 609 excessus
1707 584 1761 610 aut
1790 579 1919 620 penitus
1949 577 2157 613 aboleantur,

1179 621 1290 652 autin
1314 619 1431 652 melius
1461 620 1697 658 reformentur,
1727 632 1766 652 ae
1797 622 1928 652 taudem
1958 620 2158 653 ecclesiasti-

1182 673 1242 696 cus
1265 669 1385 701 status,
1413 662 1526 695 multis
1550 664 1658 694 nimiis
1688 663 1927 701 labefficiatus,
1957 674 1998 695 ac
2013 666 2044 702 ³)
2073 664 2159 695 chri-

1181 707 1289 738 stiana
1321 705 1458 748 religio,
1494 716 1578 747 quae
1608 706 1639 737 in
1670 706 1837 738 nonnullis
1867 707 2016 748 refriguit
2046 713 2079 738 et
2107 717 2158 738 re-

1181 750 1284 781 missa
1307 755 1370 787 est,
1395 749 1438 780 ad
1461 750 1634 789 pristinum
1659 749 1762 780 decus
1793 755 1823 780 et
1852 756 2078 781 ornamentum
2107 760 2158 782 re-

1182 794 1336 824 stituatur
1369 798 1401 824 et
1441 793 1693 834 redintegretur.
1711 794 1742 826 ⁴)
1799 791 1873 826 Qua
1911 793 1943 823 in
1982 802 2019 823 re
2060 791 2157 824 Caes.

1182 834 1355 873 Maiestas,
1377 841 1412 867 ut
1436 835 1588 866 omnibus
1613 841 1762 873 constat,
1794 834 1955 866 hactenus
1983 834 2158 876 plurimum

1184 996 1231 1029 93)
1254 998 1275 1021 1.
1294 996 1351 1021 Pet.
1371 996 1416 1029 Π.]
1432 1001 1488 1029 post
1503 996 1565 1021 hunc
1577 997 1654 1021 Iocum
1668 996 1695 1021 S.
1709 997 1738 1022 S.
1749 997 1774 1020 in
1793 996 1895 1027 Pflng.
1916 997 2041 1020 adduntur
2058 995 2162 1022 haecce:

1253 1031 1403 1060 Postremo,
1423 1039 1480 1055 cnm
1500 1032 1698 1055 concionatores
1718 1036 1851 1062 opponunt
1870 1032 1919 1055 sibi
1938 1031 1994 1062 ipsi,
2014 1035 2039 1054 et
2063 1032 2163 1054 diluere

1252 1067 1370 1089 nituntur
1388 1065 1503 1095 obiecta,
1523 1065 1551 1090 C.
1578 1065 1615 1090 M.
1642 1066 1787 1095 existimat,
1813 1073 1860 1089 nec
1880 1072 1941 1089 suae
1960 1065 2091 1089 Maiestati
2118 1069 2162 1089 ant

1255 1100 1419 1131 Principibus
1444 1107 1602 1130 congruere,
1631 1104 1659 1123 ut
1688 1107 1760 1123 more
1784 1099 1937 1123 scholastico
1964 1100 2109 1130 disputent,
2137 1102 2164 1123 at

1253 1135 1318 1158 haee
1337 1135 1369 1157 ad
1389 1134 1489 1158 schola<
1508 1135 1650 1163 remittunt,
1669 1134 1728 1158 lieet
1748 1134 1795 1157 sibi
1820 1134 1973 1165 persuadeat
1999 1134 2028 1158 C.
2048 1134 2102 1163 M..
2129 1135 2165 1157 ita

1253 1169 1315 1192 fidei
1333 1168 1477 1192 catholicae
1500 1176 1572 1191 suurn
1599 1169 1767 1199 patrocinium
1792 1169 1894 1192 minime
1920 1168 2079 1197 defuturum,
2105 1169 2165 1198 quia

1254 1204 1280 1227 in
1299 1203 1409 1226 eeclesia
1427 1203 1476 1226 Dei
1496 1203 1656 1234 reperiantur
1673 1203 1726 1226 veri
1746 1203 1876 1227 catholici.
1915 1202 2003 1231 Quare
2029 1203 2165 1233 unusquis-

1254 1244 1304 1268 que
1322 1237 1436 1267 gladium
1455 1238 1559 1267 spiritus
1583 1238 1727 1260 accinctum
1750 1237 1844 1260 habeat
1872 1244 1948 1267 snper
1972 1236 2056 1260 femur
2083 1243 2165 1265 sunm,

1255 1278 1306 1302 quo
1326 1275 1351 1294 et
1368 1272 1502 1295 adoriatur
1520 1272 1683 1294 adversarios
1702 1273 1727 1295 in
1747 1273 1850 1294 numine
1869 1271 1977 1295 Domini
1996 1271 2163 1300 exercituum,

1254 1305 1304 1329 Dei
1323 1306 1454 1336 agminum
1473 1306 1563 1329 Israel.
1583 1313 1634 1336 quo
1655 1310 1678 1329 et
1698 1305 1770 1336 plura
1790 1308 1871 1336 possit
1889 1305 1997 1335 afferre,
2023 1310 2047 1329 et
2071 1305 2164 1329 allatas

1255 1340 1468 1363 concionatorum
1486 1340 1628 1363 solutiones
1647 1339 1785 1363 ret.:ndcre
1804 1347 1880 1370 quam
1899 1340 2067 1363 validissime.
2096 1339 2166 1364 Haec

1254 1374 1305 1398 iam
1323 1375 1348 1397 in
1359 1374 1472 1405 formula
1488 1373 1534 1398 JV.
1556 1372 1654 1398 Codicis
1673 1373 1757 1397 Mon.
1776 1373 1856 1398 deleta
1873 1377 1937 1398 sunt.

1187 1423 1235 1456 94)
1256 1424 1459 1457 adstruxerunt]
1477 1425 1600 1456 Pi’lug¹⁷
1619 1425 1719 1450 Mon.:
1739 1425 1885 1455 affixerunt,

1186 1475 1233 1507 95)
1252 1475 1321 1500 hand
1340 1476 1418 1500 dubie
1437 1476 1543 1507 norunt]
1561 1476 1685 1507 Pslug.:
1705 1477 1803 1504 sciunt,
1822 1476 1922 1501 Mem:
1943 1476 2028 1500 sciant

1187 1526 1234 1559 96)
1253 1527 1386 1559 Principes
1413 1534 1501 1552 omnes
1527 1531 1552 1551 ct
1577 1531 1656 1551 status
1682 1527 1807 1558 imperii‚]
1833 1526 1953 1558 Pfiug.:
1980 1526 2114 1558 Principes
2140 1530 2166 1550 et

1256 1563 1335 1586 totius
1359 1563 1461 1594 imperii
1484 1561 1606 1591 subiecti,
1631 1561 1734 1587 Mem:
1758 1561 1893 1592 Principes
1917 1565 1943 1584 et
1963 1562 2043 1585 totius
2065 1561 2166 1592 imperii

1256 1603 1388 1628 proceres,

1188 1647 1235 1679 97)
1255 1648 1314 1671 ullis
1332 1654 1349 1671 a
1365 1645 1541 1680 Principibus]
1561 1646 1671 1673 Fabr.:
1690 1647 1722 1671 ab
1741 1647 1802 1671 ullis
1819 1646 1982 1678 Principibus

1188 1699 1236 1731 98)
1256 1704 1346 1731 optare
1365 1700 1429 1732 tum]
1448 1699 1576 1730 Chytr.:
1597 1702 1688 1731 optare
1707 1705 1805 1728 omnes,
1817 1702 1846 1722 ut
1864 1702 1932 1727 tum,
1951 1698 2057 1724 Fabn:
2075 1701 2169 1730 optare

1257 1741 1347 1758 annes
1361 1738 1414 1758 mm

1188 1784 1236 1817 99)
1255 1785 1293 1817 ut]
1314 1786 1338 1809 in
1357 1785 1377 1810 C
1386 1786 1424 1817 hy
1433 1789 1470 1810 tr.
1480 1804 1487 1815 ,
1506 1786 1526 1810 F
1535 1785 1571 1810 ab
1579 1793 1601 1809 r.
1621 1784 1696 1809 deest.

1190 1837 1252 1867 100)
1272 1834 1392 1869 consilio]
1412 1836 1538 1867 Chytr.:
1557 1837 1668 1861 concilio

1208 1889 1236 1920 1)
1257 1886 1298 1919 ac]
1317 1887 1426 1913 Fabr.:
1446 1892 1471 1912 et

1207 1931 1236 1962 2)
1256 1931 1414 1960 adnitantur,
1427 1929 1465 1963 ut]
1476 1930 1770 1961 si'cChytr.,Fahr.,
1786 1928 1931 1959 Franek„
1951 1927 2040 1957 Has.;
2060 1927 2170 1953 Deam:

1257 1966 1420 1994 amittantur,
1440 1969 1466 1988 ct

1207 2007 1236 2039 3)
1255 2008 1296 2039 ac]
1315 2009 1340 2031 in
1358 2007 1451 2031 Fabr.
1471 2007 1545 2032 deest.

1207 2051 1236 2082 4)
1255 2054 1282 2074 et
1300 2049 1512 2082 redintegretur-,1
1534 2050 1642 2074 Fabr.:
1667 2050 1917 2080 redintegretur-que.
1937 2062 1970 2066 —
1995 2046 2048 2071 Pro
2072 2045 2169 2072 verbis:

1258 2092 1342 2115 neque
1360 2092 1375 2108 a
1395 2084 1468 2109 Caes.
1480 2083 1626 2113 Maiestate,
1645 2091 1727 2116 neque
1746 2084 1804 2107 ullis
1825 2095 1856 2101 -
1868 2096 1900 2100 —
1918 2082 2068 2106 restituatur
2087 2085 2110 2104 et
2129 2088 2170 2104 re-

1259 2119 1427 2149 dintegretur,
1446 2119 1471 2142 n'n
1489 2118 1593 2149 Pssug.
1612 2117 1672 2143 haec
1691 2119 1818 2149 quunrur:
1837 2125 1884 2140 nec
1904 2116 1932 2140 C.
1949 2117 1984 2140 M.
2004 2116 2097 2140 abusus
2116 2116 2171 2140 lau-

1259 2154 1331 2183 dare,
1349 2153 1395 2177 sed
1414 2157 1487 2184 optat
1504 2160 1551 2177 sua
1569 2153 1606 2177 M.
1626 2157 1662 2182 ut,
1682 2152 1860 2176 constantibus
1880 2151 1964 2175 verbis
1984 2150 2043 2173 fidei
2061 2149 2171 2174 catholi-

1260 2195 1304 2211 cae
1323 2192 1399 2219 atque
1418 2189 1534 2218 integrae
1553 2188 1674 2217 servatis,
1701 2187 1830 2211 communi
1857 2192 1984 2209 consensu
2009 2188 2035 2207 et
2059 2184 2169 2208 consilio

1258 2222 1393 2253 Principes
1411 2229 1499 2245 omnes
1518 2227 1544 2245 et
1562 2229 1682 2253 proceres
1705 2220 1877 2244 reformandis
1898 2219 2026 2248 moribus,
2047 2219 2170 2242 tollendis

1258 2257 1390 2285 abusibus,
1409 2256 1569 2287 corrigendis
1589 2256 1737 2279 excessibus
1762 2255 1894 2285 utriusque
1919 2257 2000 2276 status
2025 2253 2170 2282 intendant,

1259 2294 1336 2322 atque
1354 2291 1524 2314 labefactatus
1544 2294 1624 2313 status
1644 2290 1849 2318 Ecclesiasticus,
1872 2288 1979 2311 remissa
1988 2287 2080 2317 religio
2095 2285 2169 2311 Chri-

1259 2325 1343 2349 stiana
1361 2325 1394 2348 ad
1413 2325 1547 2356 pristinum
1572 2325 1651 2348 decus
1669 2328 1701 2348 ⁷et
1724 2327 1900 2348 ornamentum
1924 2322 2082 2345 restituatur.
2106 2329 2170 2353 quem

1259 2359 1286 2382 in
1304 2359 1387 2383 Mon.
1412 2360 1449 2383 sic
1473 2362 1567 2382 mutata
1591 2362 1660 2384 sunt:
1682 2366 1729 2382 nec
1753 2358 1858 2382 Sacram
1883 2356 1957 2380 Caes.
1979 2355 2051 2378 Mrem
2074 2355 2170 2379 abusus

1260 2394 1377 2422 laudare,
1396 2394 1441 2417 sed
1460 2397 1534 2424 optat
1552 2393 1594 2417 Su
1617 2398 1642 2416 et
1657 2392 1792 2417 Catholica
1812 2392 1872 2415 lllffl
1891 2396 1920 2414 ut
1937 2390 2114 2414 constantibus
2128 2397 2169 2414 re-

1260 2428 1306 2451 bus
1325 2428 1386 2452 fidei
1405 2428 1547 2451 catholicae
1566 2432 1641 2458 atque
1666 2428 1783 2457 integrae
1806 2426 1928 2454 servatis,
1955 2425 2084 2448 communi
2109 2431 2169 2448 con-

1261 2469 1336 2486 sensu
1356 2466 1381 2486 et
1399 2462 1520 2487 Concilio
1541 2461 1672 2492 Principes
1697 2467 1784 2484 omnes
1810 2464 1835 2483 et
1859 2466 1979 2491 proceres
2001 2458 2106 2490 Imperii
2129 2465 2170 2482 re-

1261 2496 1404 2521 formandis
1423 2496 1551 2525 moribus,
1572 2496 1692 2519 tollendis
1711 2495 1847 2523 abusibus,
1873 2493 2034 2524 corrigendis
2058 2493 2169 2516 excessi-

1262 2531 1310 2555 bus
1329 2532 1458 2561 utriusque
1477 2534 1556 2554 status
1574 2530 1718 2558 intendant,
1736 2532 1764 2552 ut
1781 2528 1923 2552 labefactus
1941 2531 2021 2551 status
2040 2527 2170 2552 Ecclesia·

1264 2565 1350 2594 sticus,
1369 2566 1475 2588 remissa
1493 2563 1642 2588 Christiana.
1660 2564 1752 2594 religio
1771 2563 1806 2587 ad
1823 2562 1960 2594 pristinum
1978 2561 2057 2586 decus
2080 2565 2106 2585 et
2127 2567 2170 2585 or·

1265 2603 1414 2623 uameutum
1432 2599 1590 2623 restituatur.

1914 2645 1964 2671 12·
