2366 2958
195 203 263 238 58³
643 199 760 236 Fun.
778 199 886 234 nffll..
906 198 1097 233 SCRIPTA
1119 197 1389 232 DOGMATtCA
1410 196 1468 229 ET
1487 195 1760 230 SYMBoch.
2140 196 2208 229 584

199 297 311 331 officia
332 301 366 329 et
387 296 531 339 negocia
554 294 770 338 Euangelium
793 294 1007 336 promitteret.
1024 296 1050 331 ¹)
1085 293 1178 325 Haec
1201 295 1206 335 1
1230 291 1266 324 ld
1285 291 1370 323 enim
1393 295 1494 322 vocat
1516 289 1688 332 Scriptura
1709 289 1871 321 iusticiam
1891 290 2015 328 carnis,
2032 301 2131 333 qutun
2149 300 2206 322 na-

197 341 276 373 ideo
303 340 531 377 recitauimus,
560 345 594 370 vt
621 340 718 370 etiam
752 337 856 369 exteri
885 334 1088 378 intelligant,
1114 336 1180 368 hoc
1230 341 1305 366 tura
1329 332 1486 371 carnalis,
1508 333 1575 364 hoc
1596 339 1660 371 est,
1682 333 1766 364 ratio
1787 342 1847 373 per
1869 342 1906 364 se
1924 330 2025 364 efficit
2046 334 2118 365 sine
2140 333 2206 375 spi-

200 383 372 415 doctrinae
395 392 536 424 genere,
569 382 656 423 quod
686 391 749 412 nos
773 380 958 421 sequimur,
993 389 1058 411 non
1088 378 1179 410 labe·
1230 379 1293 409 ritu
1315 384 1445 408 sancto.
1490 375 1687 417 Quanquam
1709 381 1800 407 tanta
1823 381 1873 407 est
1894 375 1945 406 vis
1968 377 2208 417 concupiscen-

198 425 336 464 factat-t,
363 426 423 456 sed
446 423 548 455 multo
570 424 675 466 magis
703 423 819 454 muniri
844 422 1054 453 autoritatem
1076 422 1178 464 magi·
1231 422 1305 459 tiae,
1327 426 1362 452 vt
1385 417 1481 450 malis
1504 417 1677 450 affectibus
1700 418 1834 460 saepius
1856 419 2084 460 obtemperent
2105 418 2207 450 homi·

201 475 375 506 stratuum,
398 474 429 498 et
452 467 644 508 dignitatem
667 466 810 498 omnium
835 465 1076 497 ordinationum
1100 465 1178 496 ciui·
1231 473 1314 502 nes,
1355 472 1452 504 quam
1484 467 1577 493 recto
1617 461 1750 493 iudicio.
1806 460 1848 492 Et
1881 459 2032 493 diabolus
2067 461 2121 503 qui
2155 466 2208 493 est

201 510 292 548 lium,
315 521 451 552 quarum
475 520 583 541 rerum
604 509 795 551 magnitudo
819 508 918 540 fatuis
932 506 996 539 illis
1021 507 1180 549 opinioni·
1231 504 1351 538 efficax
1380 506 1412 536 in
1443 504 1572 546 tmpus,
1605 510 1641 535 vt
1667 505 1712 535 ait
1739 502 1880 542 Paulus,
1913 513 1979 535 uon
2014 505 2133 536 desinit
2161 504 2208 535 in·

202 555 265 586 bus
288 553 498 590 monasticis,
523 551 658 583 mirifice
680 557 778 582 antea
800 550 859 582 suit
878 552 1071 585 obscurata,
1095 560 1180 592 quae
1232 550 1334 580 citare
1362 547 1450 579 hanc
1480 545 1676 578 imbecillem
1708 553 1858 578 naturam
1885 547 1926 578 ad
1956 547 2048 578 varia
2075 545 2208 578 delicta.

202 595 304 637 longe
331 594 564 637 praeferebant
597 594 788 635 hypocrisin
824 594 1027 635 paupertatis
1056 600 1089 624 et
1122 593 1180 624 hu-
1202 602 1210 924 ⁸
1233 592 1302 623 Hae
1325 600 1448 623 causae
1470 595 1568 628 sunt,
1598 599 1702 631 quare
1722 595 1755 620 et
1777 587 1886 621 ciuilis
1916 590 2044 621 iusticia
2066 599 2143 621 rara
2165 589 2209 620 sit

202 638 364 674 militatis,
397 637 530 679 politiae
559 643 591 669 et
618 638 863 675 Oeconomiae,
899 647 973 669 cum
1001 636 1065 667 hae
1093 645 1179 666 man-
1231 636 1317 666 inter
1340 634 1504 672 homines,
1527 633 1613 664 sicut
1635 632 1795 670 videmus,
1819 642 1862 663 ne
1882 633 1973 673 ipsos
1991 632 2123 674 quidem
2135 631 2209 664 Phi-

204 682 314 713 datum
345 681 406 712 Dei
434 680 639 718 habeant‚²)
668 679 724 711 illa
753 680 940 711 communio
964 678 1137 710 Platonica
1151 680 1180 717 8)

203 734 272 756 non
295 723 415 755 habeat
439 724 626 754 mandatum
648 722 721 754 Dei.

292 766 475 800 Articulum
503 766 602 797 xvn.
632 766 791 806 recipiunt
819 764 1002 806 aducrsarij
1031 764 1103 794 sine
1125 773 1176 794 ex·

205 810 365 851 ceptione,
388 809 419 839 in
443 819 508 850 quo
533 808 728 840 confitemur
740 808 906 839 Christum
930 808 961 837 in
975 816 1181 838 consumma-

204 853 294 884 tione
317 852 428 883 mundi
460 854 682 893 appariturum
707 861 799 888 esse,
830 861 870 881 ac
894 856 1042 881 mortuos
1066 858 1181 880 omnes

204 895 497 933 resuscitaturum,
527 901 560 926 et
582 895 647 936 pijs
677 900 844 926 aeternam
869 893 966 923 vitam
993 899 1026 923 et
1047 898 1183 923 aeterna

206 939 327 980 gaudia
349 938 511 975 daturum,
536 937 655 978 impios
674 948 755 968 vero
779 936 1074 967 condemnaturum
1093 944 1181 972 esse,

205 988 239 1013 vt
261 991 334 1012 cum
359 979 492 1011 diabolo
516 981 588 1011 sine
614 980 677 1010 fine
702 979 901 1010 crucientur.

294 1022 476 1054 Articulum
512 1022 627 1053 XVlll.
664 1022 823 1062 recipiunt
858 1020 1040 1061 aduersarij
1076 1020 1117 1050 de
1147 1017 1183 1050 li·

206 1067 289 1098 bero
312 1067 459 1097 arbitrio.
492 1065 561 1096 Etsi
585 1065 745 1107 quaedam
769 1064 894 1095 addunt
919 1063 1104 1094 testimonia
1128 1072 1184 1103 pa-

206 1120 279 1141 rum
309 1117 387 1149 apta
420 1109 462 1139 ad
490 1119 561 1140 eam
596 1118 743 1138 causam.
796 1106 932 1138 Addunt
960 1112 992 1137 et
1021 1104 1183 1137 declama-

206 1153 328 1184 tionem
364 1152 453 1192 quod
495 1161 560 1181 non
595 1151 637 1181 sit
671 1150 802 1180 nimium
837 1149 1044 1180 tribuendum
1077 1147 1183 1179 libet-o

208 1195 361 1230 arbitrio,
395 1205 468 1224 cum
497 1192 700 1234 Pelagianis,
736 1202 841 1233 neque
869 1202 997 1223 omnem
1027 1192 1057 1222 ei
1087 1190 1182 1222 liber-

207 1244 306 1269 tatem
331 1237 536 1268 adimendam
561 1246 638 1267 esse
667 1246 740 1266 cum
765 1234 959 1266 Manicheis.
1006 1233 1184 1265 Praeclare

208 1289 307 1317 sane,
336 1279 395 1310 sed
419 1279 496 1320 quid
520 1279 654 1310 interest
679 1279 763 1309 inter
786 1276 986 1319 Pelagianos
1010 1283 1042 1309 et
1064 1277 1182 1308 aduer-

207 1323 316 1354 sarios
339 1323 497 1353 nostros?
526 1332 599 1353 cum
623 1322 752 1362 vtrique
775 1321 917 1351 sentiant
941 1319 1089 1351 homines
1113 1320 1185 1350 sine

207 1366 323 1406 spiritu
352 1372 469 1396 sancto
499 1375 599 1405 posse
630 1364 737 1395 Deum
766 1362 921 1405 diligere,
950 1369 982 1394 et
1005 1369 1185 1404 praecepta

206 1407 271 1441 Dei
301 1408 430 1445 facere,
463 1418 529 1449 quo
559 1408 599 1438 ad
629 1407 849 1439 substantiam
885 1413 1032 1445 actuum,
1066 1405 1183 1437 mereri
1235 1405 1360 1446 primae
1384 1403 1528 1442 tabulae,
1553 1413 1638 1445 quae
1659 1413 1726 1434 non
1750 1408 1861 1444 potest
1884 1401 2061 1433 humanum
2084 1411 2143 1433 cor
2166 1399 2213 1433 ef-

208 1451 347 1493 gratiam
370 1461 411 1481 ac
435 1450 698 1482 iustificationem
723 1451 890 1491 operibus,
909 1459 994 1491 quae
1017 1449 1101 1480 ratio
1125 1459 1185 1488 per
1237 1449 1355 1485 licere,
1384 1447 1457 1478 sine
1479 1447 1598 1488 spiritu
1621 1452 1758 1484 sancto,
1779 1447 1866 1477 sicut
1887 1446 1931 1476 ait
1955 1443 2089 1477 Paulus.
2135 1445 2214 1476 Ant·

208 1505 247 1525 se
269 1493 371 1525 efficit
395 1494 467 1524 sine
490 1494 607 1534 spiritu
630 1500 759 1524 sancto.
784 1492 890 1528 Quam
913 1492 1015 1523 multa
1038 1491 1185 1523 absurda
1208 1476 1212 1536 Ι
1236 1489 1331 1521 malis
1360 1489 1480 1528 homo,
1513 1489 1579 1521 hoc
1608 1494 1676 1527 est,
1711 1488 1811 1519 homo
1845 1493 1969 1519 tantum
2004 1486 2213 1519 naturalibus

208 1543 392 1578 sequuntur
422 1547 461 1567 ex
488 1535 540 1567 his
571 1535 759 1578 pelagianis
788 1535 1018 1576 opinionibus,
1043 1544 1129 1576 quae
1152 1534 1184 1564 in
1236 1533 1362 1564 viribus
1385 1538 1498 1570 vtem,
1528 1541 1595 1563 non
1619 1531 1758 1573 percipit
1781 1541 1821 1562 ea
1843 1541 1927 1572 quae
1951 1529 2013 1561 Dei
2037 1536 2126 1562 sunt.
2171 1529 2213 1561 Et

208 1579 336 1611 scholis
364 1589 483 1621 magna
513 1579 689 1610 autoritate
717 1579 890 1611 docentur.
935 1577 1003 1609 Has
1028 1577 1184 1619 Augusti·
1237 1575 1301 1606 hoc
1320 1575 1497 1612 iudicaris)
1520 1580 1642 1616 potest,
1665 1574 1693 1604 si
1713 1574 1926 1605 considerent
1945 1572 2107 1611 homines,
2132 1583 2214 1614 quo-

208 1633 271 1654 nus
299 1632 444 1663 sequens
473 1620 627 1660 Paulum,
657 1632 775 1663 magna
804 1622 1023 1652 contencione
1050 1621 1183 1652 refutat.
1236 1619 1334 1650 modo
1359 1618 1460 1649 corda
1483 1618 1524 1648 do
1546 1615 1716 1648 voluntate
1737 1615 1799 1647 Dei
1821 1617 1976 1654 sentiant,
1996 1614 2114 1647 Vtrum
2134 1624 2213 1647 vere

209 1664 312 1698 Cuius
335 1665 540 1696 sentenciam
563 1675 663 1705 supra
687 1665 718 1695 in
731 1663 871 1695 articulo
895 1664 936 1695 de
951 1663 1185 1695 iustificatione
1237 1667 1385 1692 statuant
1407 1671 1445 1692 se
1467 1660 1588 1701 respici
1612 1665 1643 1691 et
1665 1659 1813 1691 exaudiri
1835 1669 1855 1690 a
1876 1658 1960 1690 Deo.
1997 1657 2091 1690 Hanc
2115 1657 2214 1690 fidem

208 1709 432 1740 recitauimus.
477 1707 594 1749 Neque
622 1717 703 1739 vero
737 1707 909 1738 adimimus
937 1706 1100 1737 humanae
1127 1715 1184 1737 vo·
1237 1702 1371 1735 difficile
1395 1709 1446 1735 est
1468 1709 1500 1734 et
1523 1703 1648 1734 sanctis
1671 1703 1824 1740 retinere,
1846 1708 1972 1733 tantum
1994 1702 2090 1732 abest
2114 1706 2149 1732 vt
2170 1700 2214 1732 sit

208 1749 325 1782 luntati
354 1750 548 1782 libertatem.
596 1749 703 1781 Habet
731 1749 872 1781 humana
901 1749 1056 1780 voluntas
1085 1747 1183 1780 liber·
1236 1747 1269 1778 in
1292 1747 1412 1788 impijs.
1458 1746 1648 1787 Concipitur
1671 1752 1780 1777 autem
1800 1751 1833 1776 vt
1856 1754 1957 1786 supra
1980 1744 2120 1775 diximus
2139 1753 2215 1775 cum

209 1800 309 1825 tatem
339 1794 371 1824 in
395 1794 552 1835 operibus
580 1799 611 1824 et
634 1794 733 1824 rebus
757 1791 1003 1833 deligendis‚⁴)
1027 1801 1112 1833 quas
1135 1801 1183 1822 ra·
1237 1790 1339 1821 corda
1373 1787 1610 1831 perterrefacta
1642 1786 1857 1830 Euangelium
1887 1787 2041 1825 audiunt,
2075 1793 2107 1818 et
2136 1796 2215 1818 con·

211 1837 253 1868 tio
287 1847 346 1878 pet·
384 1846 422 1867 se
461 1836 719 1877 comprehendit.
778 1835 889 1867 Potest
931 1833 1043 1876 aliquo
1085 1834 1183 1866 modo
1208 1843 1212 1881 Ι
1236 1832 1440 1864 solacionem
1465 1833 1665 1873 concipiunt.
1946 1828 1973 1839 ⁹*

208 1879 344 1912 efficere
374 1880 534 1910 iusticiam
570 1878 717 1915 ciuilem,
750 1889 810 1909 seu
845 1878 1004 1909 iusticiam
1034 1888 1184 1919 operum,
1208 1892 1211 1919 Ι
1324 1876 1464 1907 Prodest
1488 1875 1588 1917 igitur
1610 1876 1674 1906 ista
1696 1873 1895 1907 distributio,
1919 1873 1951 1903 in
1973 1882 2037 1913 qua
2061 1872 2214 1903 tribuitur

207 1929 314 1964 potest
342 1921 430 1963 loqui
454 1923 495 1953 de
519 1922 609 1958 Deo,
634 1921 789 1953 exhibere
813 1920 887 1952 Deo
911 1928 1035 1952 certum
1060 1920 1183 1952 cultum
1208 1921 1211 1968 Ι
1236 1917 1339 1950 libero
1363 1919 1500 1950 arbitrio
1528 1918 1656 1948 iusticia
1680 1915 1803 1953 ciuilis,
1828 1922 1860 1946 et
1883 1916 2011 1946 iusticia
2035 1913 2216 1956 spiritualis

206 1972 344 1997 externo
365 1975 476 2005 opere,
501 1965 635 1996 obedire
657 1965 918 2006 magistratibus,
936 1965 1127 2004 parentibus
1151 1963 1183 1993 in
1208 1975 1210 2004 j
1237 1962 1465 2004 gubernationi
1501 1961 1636 2001 spiritus
1665 1960 1771 1991 sancti
1806 1959 1837 1989 in
1866 1959 2001 1990 renatis.
2054 1959 2100 1989 lta
2127 1957 2214 1989 enim

206 2019 307 2050 opere
330 2016 468 2039 externo
492 2006 662 2049 eligendo,
692 2014 801 2048 potest
825 2007 996 2038 continere
1020 2016 1136 2037 manus
1163 2015 1182 2036 a
1208 2005 1211 2042 ἶ
1237 2006 1396 2036 retinetur
1425 2003 1656 2046 paedagogia,
1679 2003 1756 2044 quia
1780 2011 1895 2033 omnes
1918 2001 2068 2032 homines
2092 2000 2215 2041 pariter

206 2051 300 2089 cede,
325 2052 367 2082 ab
391 2050 572 2088 adulterio,
602 2061 620 2081 a
645 2050 742 2082 furto.
759 2052 786 2088 ⁵)
832 2050 912 2081 Cum
937 2048 1063 2090 reliqua
1088 2050 1130 2080 sit
1152 2049 1183 2079 in
1209 2067 1212 2093 f
1237 2048 1357 2079 debent
1381 2049 1480 2084 scire,
1505 2053 1537 2077 et
1561 2046 1650 2087 quod
1672 2045 1763 2076 Deus
1787 2043 1876 2075 illam
1900 2042 2029 2075 ciuilem
2051 2043 2215 2075 iusticiam

205 2102 323 2125 natura
352 2094 492 2125 bominis
522 2094 604 2125 ratic
634 2100 665 2124 et
695 2094 849 2124 iudicium
879 2093 919 2123 de
947 2094 1047 2124 rebus
1070 2092 1182 2124 sensui
1209 2099 1211 2135 j
1237 2092 1394 2132 requirat,
1417 2096 1449 2121 et
1473 2090 1562 2130 quod
1594 2088 1704 2130 aliquo
1727 2088 1826 2119 modo
1850 2094 2020 2128 praestare
2044 2096 2115 2118 eain
2138 2096 2215 2128 pos-

206 2137 376 2175 subiectis,
399 2135 543 2177 reliquus
568 2143 616 2167 est
642 2137 739 2167 etiam
764 2135 912 2167 delectus
931 2146 1043 2167 earum
1064 2146 1185 2172 rerum,
1209 2139 1211 2151 ¹
1236 2135 1350 2165 simus.
1398 2133 1436 2164 Et
1466 2138 1574 2163 tamen
1606 2132 1792 2163 ostenditur
1820 2130 1996 2161 discrimen
2019 2130 2104 2161 inter
2126 2129 2215 2161 iusti-

206 2188 237 2212 et
260 2179 397 2211 libertas
422 2186 454 2211 et
474 2178 618 2211 facultas
641 2178 836 2211 efficiendae
851 2181 877 2217 ⁶)
901 2179 1048 2210 iusticiae
1068 2176 1183 2209 ciuilis.
1209 2169 1212 2223 Ι
1237 2178 1320 2208 ciam
1343 2176 1518 2207 humanam
1541 2181 1572 2206 et
1596 2173 1810 2216 spiritualem,
1833 2174 1917 2205 inter
1961 2171 2215 2214 hilosophicam,

1239 2226 1270 2251 et
1294 2220 1478 2251 doctrinam
1503 2219 1638 2259 spiritus
1661 2218 1786 2255 sancti,
1818 2223 1847 2248 et
1873 2217 1936 2247 inte
1954 2215 2009 2257 ligi
2040 2221 2149 2256 potest
2171 2213 2215 2245 nd

1238 2263 1314 2304 quid
1343 2273 1429 2303 opus
1459 2263 1498 2292 sit
1528 2261 1643 2302 spiritu
1674 2266 1802 2291 sancto.
1850 2259 1965 2300 Neque
1996 2258 2077 2289 haec
2106 2257 2212 2289 distri-

228 2311 254 2338 1)
274 2308 453 2340 promitterem}
473 2308 553 2332 E‘fi‘t·
575 2309 665 2332 2-⁴-=
685 2309 850 2339 permitteret.
1240 2306 1328 2338 butio
1352 2315 1372 2336 a
1394 2305 1490 2336 nobis
1514 2305 1647 2335 iuuenta
1670 2310 1733 2341 est,
1757 2303 1817 2334 sed
1840 2302 2005 2342 scriptura
2028 2299 2215 2333 clarissime

225 2354 253 2383 ἵ)
274 2352 452 2383 praeferebant
479 2352 627 2382 hypm-ristn
653 2352 809 2382 paupertatis
837 2364 867 2368 ——
894 2352 1041 2375 mandatnm
1065 2351 1113 2374 Dei
1139 2350 1182 2374 ha·
1238 2349 1336 2379 tradit
1359 2358 1442 2379 enm,
1487 2346 1620 2379 Tractat
1643 2358 1714 2378 eum
1736 2352 1768 2378 et
1791 2346 1841 2377 Au
1870 2345 2011 2379 ustinus,
2035 2350 2067 2375 et
2089 2349 2142 2375 est
2163 2352 2215 2375 re·

1232 676 1394 719 losophos
1422 687 1494 708 eam
1523 682 1725 706 consecutos
1753 685 1848 713 esse,
1876 675 1929 716 qui
1953 675 2107 707 videntur
2137 685 2210 706 eam

1232 721 1443 761 expetiuisse.
1488 717 1572 750 illud
1600 724 1708 749 autem
1737 717 1860 749 falsum
1882 724 1951 755 est,
1979 728 2045 749 non
2068 727 2211 758 peccare

1231 762 1395 794 hominem
1419 762 1474 804 qui
1503 760 1582 792 facit
1606 771 1708 802 opera
1739 766 1990 801 praeceptorum
2019 767 2114 792 extra
2137 770 2210 803 gra·

1233 806 1318 836 tiam.
1374 804 1413 836 Et
1443 805 1567 836 addunt
1594 802 1753 845 amplius,
1794 801 1870 834 talia
1900 813 2003 844 opera
2037 803 2135 835 etiam
2168 803 2210 834 de

1234 857 1386 890 congruo
1410 848 1529 879 mereri
1545 849 1572 880 ⁷)
1595 847 1820 878 remissionem
1834 852 2047 887 peccatorum
2069 846 2211 878 aciusti-

1235 890 1432 922 ficationem.
1477 889 1562 920 Nam
1589 890 1732 921 humana
1762 890 1865 920 corda
1894 890 1966 920 sine
1995 889 2111 930 spiritu
2138 898 2211 920 san-

1235 940 1301 970 cto,
1324 939 1401 964 sunt
1423 933 1496 963 sine
1519 933 1635 963 timore
1660 931 1734 969 Dei,
1757 933 1829 963 sine
1853 931 1972 963 fiducia
1995 942 2075 973 erga
2094 930 2212 970 Deum,

1234 986 1301 1007 non
1325 975 1463 1007 credunt
1487 985 1524 1006 se
1549 975 1714 1012 exaudiri,
1737 976 1801 1006 sibi
1823 975 1964 1016 ignosci,
1989 985 2026 1006 se
2050 975 2154 1006 iuuari
2179 980 2212 1006 et

1234 1019 1362 1050 seruari
1390 1028 1409 1049 a
1440 1017 1524 1048 Deo.
1575 1016 1676 1059 igitur
1704 1023 1780 1048 sunt
1815 1018 1924 1057 impia.
1976 1017 2080 1049 Porro
2110 1018 2212 1049 arbor

1234 1060 1321 1093 mala
1345 1071 1411 1092 non
1436 1066 1546 1101 potest
1566 1059 1655 1091 ferre
1678 1060 1784 1091 bonos
1803 1058 1942 1091 fructus.
1986 1059 2028 1091 Et
2052 1061 2124 1092 sine
2146 1059 2211 1092 fide

1235 1101 1442 1146 impossibile
1466 1110 1517 1135 est
1539 1102 1613 1134 Deo
1637 1101 1781 1143 placere.

1323 1147 1426 1189 igitur
1437 1147 1535 1178 etiam
1558 1147 1586 1176 si
1606 1146 1819 1177 concedimus
1837 1144 1944 1176 libero
1962 1144 2097 1176 arbitrio
2115 1143 2212 1176 liber-

1235 1196 1334 1221 tatem
1357 1196 1390 1221 et
1412 1188 1603 1221 facultatem
1632 1195 1768 1219 externa
1791 1198 1894 1229 opera
1922 1186 2009 1230 legis
2033 1187 2211 1225 efficiendi,

1235 1239 1344 1264 tamen
1363 1231 1419 1263 illa
1443 1231 1627 1273 spiritualia
1650 1241 1716 1262 non
1740 1231 1912 1262 tribuimus
1935 1228 2040 1262 libero
2064 1231 2214 1270 arbitrio,

1236 1275 1363 1307 scilicet
1388 1285 1467 1306 vere
1492 1276 1605 1306 timere
1617 1273 1737 1311 Deum,
1760 1284 1840 1305 vere
1864 1273 2002 1305 credere
2024 1271 2112 1311 Deo,
2134 1282 2214 1305 vere

1235 1325 1382 1350 statuere
1403 1328 1444 1349 ac
1467 1319 1591 1350 sentire
1615 1318 1703 1359 quod
1724 1317 1816 1348 Deus
1840 1326 1902 1348 nos
1926 1316 2092 1357 respiciat,
2115 1326 2213 1348 exau·

1236 1362 1320 1399 diat,
1354 1362 1506 1403 ignoscat
1534 1361 1630 1392 nobis
1660 1367 1724 1392 etc.
1771 1359 1860 1391 Haec
1893 1366 1969 1390 sunt
1996 1369 2077 1390 vera
2110 1368 2214 1400 opera

277 2386 372 2416 benna!
402 2386 481 2409 Editt
504 2388 593 2409 2—⁴.:
618 2386 797 2417 praetem-hant
821 2386 926 2417 putidae
951 2391 974 2409 et
998 2386 1183 2413 Oeconnmtne.
1238 2402 1318 2423 cen-⁸
1341 2392 1476 2423 effreffie
1490 2393 1517 2428 0)
1548 2396 1688 2421 “aetam
1713 2400 1732 2421 a
1756 2389 1840 2421 Gaia
1865 2399 1908 2421 ,ω
1933 2387 2111 2419 Pal-{siens}
2153 2385 2213 2418 flod

275 2421 409 2444 ruditulnm
429 2426 453 2443 et
472 2422 637 2444 annianum
658 2421 803 2451 hypoert-‘in
824 2422 982 2451 paupertati«
1003 2426 1028 2443 et
1053 2420 1182 2443 hinnitita-
1363 2417 1382 2433 0
1423 2416 1443 2433 θ
2121 2409 2131 2425 ’

273 2457 322 2514 gl]
345 2457 410 2479 (jum
435 2455 538 2485 quidem
564 2456 654 2486 politia
679 2461 703 2478 οι
731 2456 891 2479 Occononnn
922 2455 1033 2478 habeant
1061 2455 1184 2478 munidato

222 2533 252 2564 3)
272 2534 419 2555 cummunio
440 2531 585 2563 Platonica}
605 2532 684 2556 Editt.
704 2533 795 2556 2—⁴.:
815 2532 951 2556 Platonica
968 2533 1116 2555 communio
1256 2540 1285 2568 7)
1305 2540 1367 2562 2⁸15.
1386 2546 1466 2569 (φη,
1485 2539 1560 2561 crim
1580 2537 1612 2560 do
1631 2542 1745 2565 congruo
1768 2533 1872 2565 menri}
1898 2533 1974 2557 Edttt
2003 2534 2093 2557 2-—⁴.:
2116 2531 2213 2556 ‘dibu

223 2578 252 2607 ⁴)
273 2573 437 2605 affligendi-,1
459 2575 495 2597 Ed
526 2577 563 2598 ⁴.:
584 2576 732 2606 diligen-ltu,
1308 2574 1428 2604 operibus
1448 2573 1595 2596 necessario
1615 2571 1702 2594 deberi

223 2617 252 2646 b)
272 2625 288 2640 a
307 2617 394 2648 {uum}
417 2617 463 2643 Ed.
485 2620 521 2640 §.2
543 2617 620 2641 tuno.
1255 2617 1284 2646 Ι)
1304 2615 1424 2646 iudicari}
1444 2616 1490 2639 Ed.
1512 2616 1535 2639 3.
1555 2615 1628 2638 urile:
1647 2612 1762 2637 ‘iudicare

223 2661 252 2687 θ’)
273 2660 433 2692 effici-edu]
455 2659 500 2682 ΕΙ.
521 2661 544 2683 3Δ
563 2665 613 2693 typ.
635 2670 699 2685 σπι
718 2660 844 2684 efficiendi
1254 2660 1284 2688 ⁹)
1304 2659 1419 2690 egregit-1
1442 2658 1488 2682 Ed.
1509 2658 1548 2681 ³:
1569 2658 1675 2688 egregia
