2366 2958
257 184 320 215 447
707 182 822 216 Pnui.
846 182 951 215 MEL.
975 182 1164 218 scniP'rA
1186 181 1456 219 DOGMATicA
1477 185 1535 218 ET
1557 185 1830 221 SYMBOLiCA.
1931 199 1935 202 ’
2213 192 2280 226 448

256 283 359 313 stum,
389 283 422 308 et
449 277 539 318 quod
569 276 643 309 sola
666 277 731 309 fide
752 277 985 315 iustificemur,
1007 277 1075 310 hoc
1097 283 1166 316 est,
1196 288 1238 310 ex
1260 279 1268 358 Ι
1376 277 1469 310 Haec
1490 289 1559 310 non
1581 286 1724 320 pessunt
1746 281 1829 319 fieri,
1853 283 1917 314 nisi
1939 288 2116 325 postquam
2139 285 2206 317 fide
2228 286 2279 318 iu-

255 319 386 351 iniustis
414 319 489 350 iusti
519 318 716 357 efficiamur,
751 329 812 351 seu
835 329 1082 361 regeneremur.
1126 320 1239 353 Facile
1289 321 1423 353 stificati
1448 331 1581 360 sumus,
1611 329 1642 353 et
1673 325 1780 355 renati
1814 324 1996 366 accipimus
2023 327 2172 367 spiritum
2199 338 2278 360 sau·

255 368 363 393 autem
399 362 536 393 iudicari
565 368 693 403 potest,
723 372 821 403 quani
851 364 1045 394 necessaria
1074 363 1117 394 sit
1140 363 1238 395 huius
1288 370 1388 395 ctum.
1426 363 1570 395 Primum
1592 365 1670 406 quia
1691 364 1746 397 lex
1769 377 1835 398 non
1858 374 1970 408 potest
1992 368 2061 400 fieri
2085 369 2158 401 sine
2180 369 2277 403 Chri-

254 403 329 435 fidei
354 405 512 446 cognitio,
547 406 624 446 quia
647 405 678 434 iii
706 403 769 435 hac
799 415 862 435 vna
887 406 1092 446 conspicitur
1114 404 1237 438 Christi
1288 414 1353 438 sto.
1390 406 1479 444 item,
1503 406 1574 438 Lex
1597 416 1664 439 non
1686 415 1798 449 potest
1819 409 1891 441 fieri
1915 411 1988 442 sine
2005 412 2126 452 spiritu
2142 419 2275 445 sancto.

255 445 412 484 offici-ini,
438 446 501 478 liac
523 457 588 478 vna
611 447 791 487 accipimus
812 446 933 478 Christi
957 447 1130 485 beneficia,
1153 449 1238 480 haec
1289 452 1332 480 At.
1354 450 1490 489 spiritus
1513 456 1651 481 sanctus
1674 451 1836 493 accipitur
1858 452 1935 491 fide,
1957 454 2048 485 iuxta
2069 453 2151 486 illud
2170 454 2277 495 Pauli,

254 500 319 521 vna
359 489 452 521 affert
488 496 612 521 certam
647 495 679 520 et
712 489 837 520 firmam
871 489 1132 522 consolationem
1172 492 1237 533 pijs
1289 491 1399 523 Galat.
1418 492 1463 531 iij.
1481 493 1532 527 ⁷²)
1574 492 1619 524 Vt
1641 494 1894 533 promissionem
1916 496 2052 537 spiritus
2071 498 2277 538 achpiamus

254 532 430 569 mentibus,
467 532 505 563 Et
532 538 663 572 oportet
687 533 718 562 in
738 531 891 564 Ecclesia
909 539 1020 564 extare
1039 534 1236 572 doctrinam,
1287 545 1348 576 per
1382 535 1490 566 fidem.
1544 534 1641 575 Item,
1672 538 1839 576 quomodo
1868 544 1977 579 potest
2008 538 2187 572 humanum
2215 551 2276 573 cor

254 585 296 606 ex
327 584 391 616 qua
424 575 609 616 concipiant
634 574 684 616 'pij
710 580 832 606 certam
854 585 947 617 spem
978 575 1107 608 salutis.
1153 577 1237 608 Nam
1260 560 1265 612 i
1288 577 1425 619 diligere
1459 576 1584 616 Deum,
1623 578 1699 609 duni
1740 581 1840 611 sentit
1871 590 1947 612 eum
1982 581 2185 614 horribiliter
2215 583 2277 616 ira-

254 617 436 658 aduersarij
482 616 679 648 infoeliciter
718 617 897 649 consulunt
939 618 1126 650 hominibus
1161 619 1237 650 dum
1288 621 1355 658 sci,
1389 626 1422 651 et
1455 621 1644 660 opprimere
1678 631 1740 653 nos
1769 622 2006 663 temporalibus
2043 631 2076 655 et
2105 626 2276 667 perpetuis

253 660 366 691 iubent
399 659 566 698 dubitare,
601 659 720 691 Vtrum
750 670 995 702 consequamur
1010 663 1063 697 ⁶⁹)
1094 662 1236 693 remissi·
1288 662 1540 694 calamitatibus.
1604 663 1677 695 Lex
1715 670 1826 696 autem
1859 675 1993 707 semper
2026 673 2166 698 accusat
2200 677 2275 707 nos,

254 712 351 734 oneni
374 709 596 743 peccatorum.
631 702 805 738 Quomodo
828 703 861 734 in
879 711 986 735 morte
1003 705 1238 736 sustentabunt
1288 715 1420 746 semper
1444 706 1587 737 ostendit
1616 707 1716 738 irasci
1740 706 1856 738 Deum.
1902 708 1977 740 Non
2007 710 2107 750 igitur
2129 709 2276 751 diligitur

253 755 291 776 se
314 746 380 783 isti,
405 746 459 786 qui
483 746 524 777 de
547 746 610 776 liac
632 745 698 777 fide
717 745 798 776 nihil
817 747 1024 784 audiuerunt,
1048 748 1102 788 qui
1122 754 1237 787 putant
1288 747 1394 786 Deus,
1417 749 1479 779 nisi
1504 754 1678 790 postquam
1698 749 1978 790 apprehendimus
1999 751 2066 783 fide
2088 753 2275 786 misericor-

254 788 468 819 dubitandum
492 798 582 826 esse,
607 788 722 820 Vtrum
740 795 988 830 consequantur
1007 790 1236 821 remissionem
1287 791 1383 822 diam.
1414 791 1478 822 *lta
1501 792 1632 823 demum
1654 791 1691 822 fit
1713 793 1879 825 obiectum
1901 793 2056 826 amabile.

251 836 474 871 pcccatorum.
521 830 700 863 Praeterea
723 841 864 862 necesse
889 839 940 862 est
963 832 1095 862 retineri
1117 833 1150 863 in
1174 831 1235 863 Ec·
1373 841 1569 883 Quanquam
1600 843 1699 884 igitur
1728 842 1835 875 ciuilia
1869 854 1990 883 onera,
2021 844 2088 876 1102
2110 851 2181 883 est,
2215 856 2272 877 ex.

252 872 356 905 clesia
378 872 513 924 Christi,
535 873 764 916 Euangessum,
787 874 853 905 hoc
871 881 938 909 est,
969 875 1236 914 promissionem,
1285 890 1381 915 terna
1415 894 1518 925 opera
1552 884 1639 927 legis
1678 886 1749 917 sine
1784 886 1936 925 christo,
1977 893 2011 920 et
2040 888 2115 919 sine
2156 888 2274 929 spiritu

251 917 338 957 quod
363 924 470 967 gratis
495 922 632 967 propter
657 915 824 948 Christum
847 918 1058 967 remittuntur
1082 923 1235 958 peccata,
1286 932 1405 957 sancto
1428 925 1540 968 aliqua
1561 937 1603 959 eg
1626 935 1721 968 parte
1744 928 1814 960 fieri
1837 931 1979 970 possint,
2003 936 2112 962 tamen
2135 940 2178 972 ap
2224 937 2274 963 ret

250 959 287 990 ld
309 957 527 1009 Euangelium
550 966 680 1009 penitus
698 958 848 997 abolent,
871 970 926 1001 qui
949 960 991 1011 de
1009 959 1073 990 hac
1094 960 1171 1010 fide,
1195 960 1236 991 de
1286 980 1327 1001 ex
1359 969 1411 1000 his
1441 979 1527 1010 quae
1550 970 1702 1006 diximus,
1729 970 1787 1002 ssla
1811 982 1896 1013 quae
1925 979 2004 1004 sunt
2032 974 2167 1014 proprie
2203 974 2275 1015 egis

251 1012 316 1044 qua
351 1001 535 1052 loquimur,
576 1001 655 1033 nihil
690 1003 821 1033 docent.
880 1003 923 1033 At
959 1001 1159 1034 bcholastici
1193 1012 1235 1034 ne
1287 1011 1426 1045 diuinae,
1467 1011 1534 1043 hoc
1564 1017 1635 1050 est,
1669 1012 1809 1045 affectus
1839 1016 1951 1046 cordis
1981 1025 2064 1057 erga
2086 1015 2196 1047 Deum
2218 1016 2275 1058 qui

250 1045 387 1076 verbum
411 1045 541 1095 quldtffn
565 1045 605 1076 de
628 1044 692 1095 hac
720 1044 786 1094 fide.
807 1045 950 1076 tradunt.
995 1045 1067 1076 HOS
1090 1055 1235 1086 sequun·
1286 1055 1534 1096 praecipiuntur
1555 1055 1588 1085 in
1610 1055 1716 1096 prima
1738 1055 1863 1088 tabula,
1886 1067 1954 1088 non
1978 1067 2083 1099 posse
2107 1058 2178 1090 fieri
2202 1060 2277 1091 sino

249 1093 303 1119 ²1¹¹·
335 1088 518 1137 aquessafss
554 1094 678 1125 nostri,
713 1088 966 1138 0⁸⁸¹¹IJPs0b³nt
998 1087 1088 1138 hfljm
1125 1088 1234 1138 fidessn·
1287 1097 1406 1138 spiritu
1428 1103 1558 1128 sancto.
1605 1097 1673 1129 Sed
1701 1098 1886 1137 aduersarii
1918 1101 2025 1130 nostri
2047 1107 2126 1132 sunt
2147 1110 2274 1132 suaues

249 1130 455 1181 affec-vident
477 1140 515 1161 ⁵⁶
539 1136 640 1161 totam
662 1140 915 1181 P¹2⁰¹¹¹¹FSJ⁰¹¹8¹¹¹
936 1136 1100 1182 ξΐῆῑῑῑῑῑδθ
1124 1140 1235 1180 Γθῐῐξῑδ·
1285 1138 1452 1183 theologi,
1488 1139 1660 1172 Intuentur
1688 1134 1878 1172 secundam*
1894 1141 2053 1180 tabulam,
2083 1148 2117 1174 et
2138 1141 2277 1184 politica

248 1182 352 1205 sionis
376 1179 608 1214 peccatorum,
636 1178 668 1204 et
698 1179 847 1205 iusticiae
871 1172 995 1205 Christi
1017 1172 1156 1205 abolere
1178 1184 1236 1206 im·
1285 1192 1406 1223 opera,
1440 1182 1577 1223 prim-un
1606 1181 1686 1213 nihil
1714 1191 1849 1221 curant,
1880 1185 1976 1226 quasi
2006 1183 2087 1215 nihil
2110 1185 2276 1226 pertineat

248 1217 389 1257 probam
405 1218 456 1254 70)
479 1215 544 1247 ¹180
567 1215 644 1248 fide·
1285 1225 1328 1256 ad
1355 1234 1442 1262 rem,
1471 1231 1530 1256 aut
1560 1231 1651 1257 certe
1680 1231 1807 1257 tantum
1842 1234 2000 1258 externos
2028 1226 2140 1259 cultus
2166 1228 2276 1270 requi-

1285 1273 1372 1299 runt.
1417 1266 1510 1299 lllam
1533 1275 1702 1300 aeternam
1726 1267 1846 1311 legem,
1882 1276 1914 1301 et
1932 1269 2035 1312 longe
2053 1271 2196 1310 positam
2219 1281 2275 1303 su-

324 1317 386 1348 DE
415 1317 730 1348 D1LECT10NE
760 1318 814 1348 ET
845 1318 1160 1349 lMPLET10NE
1284 1321 1346 1351 pra
1368 1311 1512 1342 omnium
1535 1317 1761 1343 creaturarum
1783 1321 1920 1344 sensum
1938 1319 2039 1354 atque
2057 1311 2276 1353 intellectum,

662 1360 819 1392 LEG1s,
1284 1352 1415 1395 Diliges
1439 1352 1616 1385 Dominum
1639 1353 1747 1386 Deum
1770 1360 1859 1387 tuum
1882 1365 1923 1386 ex
1947 1361 2017 1387 toto
2040 1356 2156 1394 corde,
2179 1365 2274 1397 pror-

1284 1406 1344 1428 sus
1367 1405 1434 1428 non
1458 1397 1681 1428 considerant.

1370 1447 1416 1478 At
1437 1446 1591 1480 Christus
1615 1448 1659 1479 ad
1680 1447 1748 1480 hoc
1771 1449 1869 1481 datus
1892 1454 1962 1488 est,
1984 1455 2021 1481 vt
2040 1454 2178 1493 propter
2200 1459 2276 1482 eum

1285 1490 1449 1522 donentur
1483 1491 1580 1521 nobis
1615 1492 1766 1522 remissio
1801 1498 2033 1532 peccatoram,
2069 1499 2101 1524 et
2137 1493 2275 1534 spiritus

1285 1538 1439 1570 saneim,
1474 1533 1529 1574 qui
1557 1543 1679 1565 nouam
1709 1539 1741 1566 et
1769 1540 1938 1566 aeternam
1968 1535 2068 1566 vitam
2098 1544 2140 1566 ac
2167 1541 2275 1568 aeter·

1284 1586 1361 1607 nam
1384 1576 1545 1607 iusticiam
1575 1577 1607 1607 in
1631 1577 1728 1608 nobis
1752 1577 1869 1618 pariat.
1889 1579 1939 1615 ⁷⁸)
1990 1576 2103 1613 Quare
2125 1587 2193 1610 non
2215 1588 2275 1620 po—

1285 1624 1349 1650 test
1374 1617 1430 1649 lex
1452 1628 1532 1650 vere
1555 1618 1645 1658 fieri,
1676 1619 1739 1651 nisi
1763 1626 1904 1661 accepto
1929 1620 2048 1661 spiritu
2071 1628 2191 1653 sancto
2214 1630 2276 1662 per

1286 1662 1394 1693 fldem.
1438 1662 1516 1693 ideo
1540 1661 1666 1693 Paulus
1690 1662 1772 1695 dicit.
1794 1661 1904 1705 legem
1927 1661 2067 1695 stabiliri
2085 1673 2146 1705 per
2163 1663 2276 1702 fidem,

1285 1715 1351 1736 non
1375 1704 1522 1743 aboleri,
1556 1705 1633 1746 quia
1655 1703 1711 1737 lex
1734 1706 1780 1736 ita
1799 1705 1929 1737 demum
1952 1705 2023 1738 fieri
2042 1712 2176 1747 potest,
2199 1716 2276 1738 cum

1286 1747 1423 1790 contigit
1446 1748 1582 1789 spiritus
1605 1755 1756 1780 sanctus.
1791 1747 1833 1780 Et
1856 1748 1982 1780 Paulus
2006 1749 2106 1781 docet
2124 1749 2158 1791 ij.
2209 1748 2275 1781 0oe

1285 1790 1383 1822 rinth.
1403 1791 1448 1833 iij.
1473 1789 1627 1822 velamen
1650 1800 1716 1832 quo
1740 1789 1844 1823 facies
1869 1792 1966 1823 Moisi
1995 1798 2085 1824 tecta
2107 1797 2176 1830 est,
2206 1801 2274 1824 non

1284 1844 1388 1875 posse
1422 1833 1509 1868 tolli,
1543 1834 1606 1865 nisi
1638 1833 1703 1865 fide
1737 1835 1770 1865 in
1801 1834 1987 1872 Christum,
2019 1844 2084 1875 qua
2112 1834 2275 1875 accipitur

1284 1876 1420 1918 spiritus
1450 1883 1600 1909 sanctus.
1653 1876 1710 1908 Sic
1741 1877 1826 1908 enim
1849 1878 1911 1915 ait,
1944 1877 2003 1908 sed
2028 1884 2136 1918 isque
2159 1878 2190 1908 in
2214 1876 2274 1908 ho·

1285 1921 1432 1952 diernum
1457 1920 1542 1951 diem
1563 1929 1637 1952 cum
1659 1917 1780 1962 legitur
1798 1919 1936 1958 Moises,
1959 1917 2108 1951 velamen
2130 1920 2272 1962 positum

1285 1970 1335 1994 est
1359 1973 1461 2003 super
1480 1973 1539 1993 cor
1563 1971 1685 1993 eorum.
1730 1961 1813 1993 Cum
1837 1970 1946 1993 autem
1971 1963 2127 1994 conuersi
2149 1961 2274 1994 snei-int

1285 2006 1326 2037 ad
1349 2004 1459 2037 Deum
1488 2003 1656 2036 auferetur
1684 2003 1852 2039 velamen,
1887 2004 2052 2036 Dominus
2074 2011 2182 2036 antem
2205 2004 2272 2046 spi-

1287 2049 1367 2080 ritus
1391 2054 1461 2086 est,
1492 2047 1557 2078 Vbi
1585 2053 1693 2078 autem
1716 2048 1852 2088 spiritus
1876 2046 2028 2085 Domini,
2053 2048 2096 2079 ibi
2119 2046 2271 2080 libertas.

1286 2090 1447 2123 Velamen
1470 2088 1623 2131 intelligit
1647 2086 1788 2129 Paulus,
1811 2089 1988 2122 humanam
2018 2090 2204 2132 opinionem
2227 2090 2272 2123 de

335 1419 398 1452 Hic
427 1421 584 1460 obijciunt
611 1421 806 1462 aduersarij.
857 1421 894 1454 Si
921 1422 973 1453 vis
1000 1422 1034 1453 in
1062 1421 1233 1459 vitam71)

249 1464 392 1506 ingredi,
416 1473 514 1497 serua
536 1465 703 1495 mandata.
749 1465 830 1496 Item
854 1462 1002 1496 factores
1030 1463 1117 1506 legis
1139 1465 1233 1496 iusti-

249 1506 454 1545 ficabuntur,
478 1512 510 1537 et
533 1505 598 1538 alia
620 1506 724 1539 multa
746 1506 867 1538 similia
890 1507 932 1538 de
953 1505 1048 1548 lege,
1071 1513 1104 1538 et
1128 1508 1234 1548 operi-

250 1550 312 1582 bus
345 1549 388 1581 ad
423 1559 509 1591 quae
548 1550 740 1591 priusquam
781 1550 1024 1591 respondemus
1059 1550 1234 1581 dicendum

249 1599 313 1631 est,
336 1592 414 1634 quid
436 1602 499 1623 nos
523 1593 565 1624 de
589 1591 777 1630 dilectione,
801 1599 833 1624 et
845 1592 1035 1634 impletione
1052 1591 1139 1635 legis
1157 1603 1233 1624 sen·

248 1636 380 1667 tianius.
425 1635 592 1677 Scriptum
614 1642 667 1667 est
688 1636 777 1677 apud
800 1635 1009 1676 Prophetam.
1063 1635 1163 1667 Dabo
1187 1634 1232 1667 le-

249 1688 324 1720 gem
348 1688 454 1709 meam
476 1679 508 1709 iii
533 1679 636 1710 corda
659 1688 784 1710 eorum.
819 1678 861 1710 Et
883 1678 999 1711 Roma.
1018 1679 1063 1719 iij.
1083 1680 1129 1710 ait
1148 1678 1232 1710 Pau-

248 1720 314 1759 lus,
337 1720 445 1763 legem
469 1720 608 1753 stabiliri
631 1731 697 1753 non
720 1720 846 1753 aboleri
870 1732 930 1763 pcr
951 1722 1061 1757 fidem,
1085 1728 1119 1753 et
1136 1721 1232 1753 Chri-

249 1771 322 1796 stus
351 1766 407 1795 ait.
460 1763 496 1795 Si
523 1765 572 1795 vis
596 1765 723 1807 ingredi
747 1766 779 1795 in
802 1765 919 1803 vitam,
942 1774 1042 1796 serua
1064 1765 1231 1796 mandata.

249 1807 342 1844 ltem,
365 1807 401 1839 Si
425 1806 632 1839 dilectionem
656 1817 723 1839 iion
745 1806 902 1846 habeam,
927 1807 1007 1839 nihil
1030 1817 1115 1839 suni.
1160 1807 1232 1839 Hae

248 1851 434 1882 sententiae
463 1856 495 1881 et
522 1849 646 1881 similes
680 1857 864 1888 testantur,
894 1852 983 1892 quod
1013 1857 1167 1892 oporteat
1188 1810 1262 1896 lei

273 1903 324 1924 em
359 1894 390 1923 in
426 1894 521 1924 nobis
555 1893 723 1932 inchoari,
757 1901 789 1925 et
819 1895 926 1935 magis
950 1895 1125 1936 magisque
1148 1894 1230 1925 fieri.

277 1937 429 1977 oquimur
461 1943 570 1968 autem
604 1947 671 1968 non
701 1937 742 1968 de
769 1937 988 1979 ceremonijs,
1016 1937 1077 1968 sed
1107 1937 1148 1968 de
1176 1935 1233 1968 illa

247 1977 343 2021 lege,
377 1988 463 2020 quae
497 1980 657 2021 praecipit
680 1980 721 2012 de
745 1981 889 2012 motibus
914 1980 1045 2017 cordis,
1076 1978 1231 2011 videlicet
1255 1975 1258 2022 Ι

249 2022 290 2053 de
312 2022 485 2063 decalogo.
527 2023 612 2058 Quia
635 2029 714 2054 vero
746 2024 830 2054 tides
858 2022 953 2055 affert
976 2023 1126 2063 spiritum
1159 2033 1233 2054 san·
1256 2038 1258 2062 i

248 2071 355 2102 ctum,
389 2071 422 2095 et
450 2067 536 2105 parit
558 2075 678 2097 nouam
708 2066 807 2097 vitam
830 2067 862 2097 in
893 2067 1067 2100 cordibus,
1089 2075 1233 2098 necesse
1256 2069 1258 2100 ἰ

248 2114 313 2158 est,
337 2108 425 2159 quofl
443 2109 554 2159 ‘pariat
577 2109 765 2160 spirituales
790 2115 898 2141 motus
918 2110 949 2140 in
973 2109 1140 2158 cordibus
1190 2108 1233 2140 Et
1256 2120 1259 2164 ἶ
1285 2140 1353 2165 tota
1382 2133 1459 2176 lege
1509 2133 1672 2176 decalogo
1697 2140 1729 2165 et
1753 2134 1972 2174 ceremonijs,
2003 2132 2157 2165 videlicet
2179 2133 2272 2176 quod

247 2161 302 2192 qui
321 2157 387 2182 sint
406 2149 451 2182 illi
467 2158 576 2183 motus
596 2153 737 2183 ostendit
756 2152 924 2193 Propheta
950 2162 1024 2184 cum
1041 2158 1097 2183 ait.
1132 2151 1231 2184 Dabo
1253 2172 1258 2203 ὀ
1283 2156 1479 2219 hypocrita&
1508 2183 1622 2217 putam
1652 2182 1789 2208 enema
1819 2183 1852 2208 et
1881 2174 1988 2208 ciuilia
2013 2186 2115 2218 opem
2137 2174 2269 2208 “fisb-

247 2192 357 2235 ¹⁰gem
392 2204 497 2225 meam
531 2205 563 2226 ¹¹¹
599 2195 702 2226 corda
736 2205 861 2226 eorum‘
917 2194 1098 2236 Postquam
1133 2201 1231 2236 ¹g¹mr
1256 2222 1258 2247 ι’
1283 2229 1360 2251 cere
1383 2218 1448 2263 legi
1471 2219 1546 2258 Dei,
1569 2226 1602 2251 et
1624 2219 1788 2250 sacrificia
1812 2226 1842 2250 et
1868 2218 1977 2251 cultus
2000 2229 2040 2250 ex
2065 2229 2167 2261 opere
2189 2227 2269 2260 ope-

249 2236 314 2268 fido
349 2236 517 2268 iustificati
551 2243 585 2269 et
619 2239 723 2268 renati
759 2248 891 2276 sumu-a,
925 2239 1099 2279 incipimus
1123 2237 1231 2270 Deum
1256 2255 1259 2262 ‹
1283 2268 1355 2294 rato
1378 2262 1560 2294 iustificam
1583 2271 1694 2294 comm
1713 2261 1799 2294 Deo.
1839 2261 1932 2294 Tunc
1953 2267 2062 2294 amem
2086 2260 2271 2295 detrahitur

249 2279 382 2318 timere,
413 2278 569 2322 diligere,
599 2287 730 2321 petere,
757 2287 788 2312 et
813 2287 992 2321 expectare
1015 2282 1056 2312 ab
1081 2291 1121 2312 eo
1144 2281 1230 2313 auxi-
1256 2292 1259 2325 ς

249 2322 340 2361 lium,
365 2323 489 2365 gratias
518 2333 620 2365 agere
642 2330 675 2355 et
698 2325 908 2365 praedicare.
932 2330 964 2355 et
988 2324 1123 2355 obedire
1146 2324 1175 2355 ei
1199 2324 1231 2355 in
1257 2336 1259 2359 ι

248 2365 497 2398 afflictionibus.
535 2366 713 2407 lncipimus
736 2374 768 2399 et
792 2365 929 2407 diligere
951 2367 1135 2408 proximos,
1155 2367 1233 2409 quia
1257 2361 1259 2372 ¹

250 2410 354 2441 corda
377 2408 501 2441 habent
523 2407 714 2451 spirituales
736 2416 770 2442 et
792 2417 932 2441 sanctos
956 2416 1077 2442 motus.
1284 2426 1330 2455 ῃ)
1349 2426 1435 2450 0⁸1„-
1456 2425 1507 2459 ἰῇ]
1528 2426 1575 2450 gd„
1594 2425 1635 2449 8.=
1655 2424 1762 2450 (ΗΜ
1781 2426 1866 2449 ΜΟ,

1283 2469 1330 2501 73)
1350 2470 1375 2492 in
1395 2469 1469 2492 nobis
1489 2468 1596 2500 pariat}
1612 2472 1666 2501 pou
1686 2467 1745 2492 Ᾰιιοο
1762 2466 1838 2491 vebo
1855 2468 1883 2491 dn
1902 2467 1984 2492 Edita
2004 2467 2081 2492 2-4.
2102 2467 2193 2492 effla
2209 2470 2267 2491 su

1352 2502 1451 2527 hieu-n:
1476 2504 1589 2527 Primum
1614 2503 1735 2527 ostendat
1758 2502 1904 2531 Christ-m,
1931 2504 1996 2526 sicut
2020 2502 2110 2527 lolius.
2139 2501 2178 2525 1⁶.
2204 2502 2265 2526 aeri-

249 2555 284 2579 69
578 2557 582 2562 .
719 2565 723 2570 ,
1352 2542 1423 2569 ptum
1443 2542 1488 2561 est.
1527 2538 1574 2561 111·
1593 2545 1633 2561 me
1652 2537 1819 2564 clarificabit.
1838 2537 1899 2568 quia
1917 2537 1950 2560 do
1968 2543 2027 2560 meo
2047 2537 2158 2567 accipiet
2175 2540 2200 2559 et
2218 2543 2265 2559 nn-

287 2558 298 2587 )
318 2556 515 2588 ΓηωρἿωωω]
535 2556 614 2580 E‘im'
635 2557 724 2580 2—4'
744 2560 936 2586 “immuunt
1351 2573 1486 2596 nunciabit
1504 2572 1588 2596 uobis.
1628 2571 1728 2595 Deinde
1748 2576 1772 2593 et
1790 2571 1842 2594 alin
1868 2572 1936 2594 dona
1960 2571 2064 2599 afferat,
2089 2571 2266 2601 dilectionem,

251 2598 298 2628 70)
317 2599 472 2630 lfflpf⁰b⁸²⁸l
492 2600 537 2624 Ed·
557 2600 582 2624 ³·
603 2604 653 2632 ἸΨ
675 2607 743 2624 ’ΠΛ
762 2599 891 2631 ἰηθῐοδῑῑ
1352 2608 1558 2635 inmutationem,
1582 2607 1723 2637 grati-rum
1753 2606 1894 2635 notionem,
1923 2606 2083 2634 enniana.
2110 2605 2265 2637 menua-

250 2641 298 2673 71)
318 2644 342 2665 iri
363 2642 453 2674 vitam]
473 2643 520 2666 Ed.
543 2645 580 2667 4.;
602 2644 632 2667 ui
654 2644 732 2666 vitam
1353 2644 1403 2664 etc.
