<?xml version="1.0" encoding="UTF-8"?>
<!DOCTYPE html PUBLIC "-//W3C//DTD XHTML 1.0 Transitional//EN"
    "http://www.w3.org/TR/xhtml1/DTD/xhtml1-transitional.dtd">
<html xmlns="http://www.w3.org/1999/xhtml" xml:lang="en" lang="en">
 <head>
  <title>
</title>
<meta http-equiv="Content-Type" content="text/html;charset=utf-8" />
  <meta name='ocr-system' content='tesseract 3.04.00' />
  <meta name='ocr-capabilities' content='ocr_page ocr_carea ocr_par ocr_line ocrx_word'/>
</head>
<body>
  <div class='ocr_page' id='page_1' title='image "./operaquaesupersu27melauoft_0234.png"; bbox 0 0 2366 2958; ppageno 0'>
   <div class='ocr_carea' id='block_1_1' title="bbox 238 185 306 219">
    <p class='ocr_par' dir='ltr' id='par_1_1' title="bbox 238 185 306 219">
     <span class='ocr_line' id='line_1_1' title="bbox 238 185 306 219; baseline -0.015 0"><span class='ocrx_word' id='word_1_1' title='bbox 238 185 306 219; x_wconf 78' lang='lat'><strong>439</strong></span> 
     </span>
    </p>
   </div>
   <div class='ocr_carea' id='block_1_2' title="bbox 234 274 1248 1896">
    <p class='ocr_par' dir='ltr' id='par_1_2' title="bbox 234 274 1248 1205">
     <span class='ocr_line' id='line_1_2' title="bbox 239 274 1204 316; baseline -0.005 -6"><span class='ocrx_word' id='word_1_2' title='bbox 239 288 361 310; x_wconf 89' lang='lat' dir='ltr'><strong>nouam</strong></span> <span class='ocrx_word' id='word_1_3' title='bbox 378 279 431 315; x_wconf 81' lang='lat'><strong>⁵¹)</strong></span> <span class='ocrx_word' id='word_1_4' title='bbox 454 278 552 310; x_wconf 90' lang='lat' dir='ltr'><strong>vitam</strong></span> <span class='ocrx_word' id='word_1_5' title='bbox 574 277 608 308; x_wconf 87' lang='lat' dir='ltr'><strong>in</strong></span> <span class='ocrx_word' id='word_1_6' title='bbox 626 277 783 308; x_wconf 74' lang='lat' dir='ltr'><strong>cordibus</strong></span> <span class='ocrx_word' id='word_1_7' title='bbox 806 275 904 316; x_wconf 88' lang='lat' dir='ltr'><strong>parit,</strong></span> <span class='ocrx_word' id='word_1_8' title='bbox 926 280 959 306; x_wconf 83' lang='lat' dir='ltr'><strong>et</strong></span> <span class='ocrx_word' id='word_1_9' title='bbox 981 280 1035 306; x_wconf 88' lang='lat' dir='ltr'><strong>est</strong></span> <span class='ocrx_word' id='word_1_10' title='bbox 1052 283 1137 316; x_wconf 89' lang='lat' dir='ltr'><strong>opus</strong></span> <span class='ocrx_word' id='word_1_11' title='bbox 1154 274 1204 315; x_wconf 78' lang='lat' dir='ltr'><strong>spi</strong></span> 
     </span>
     <span class='ocr_line' id='line_1_3' title="bbox 240 315 1220 360; baseline -0.005 -7"><span class='ocrx_word' id='word_1_12' title='bbox 240 322 324 353; x_wconf 83' lang='lat' dir='ltr'><strong>ritus</strong></span> <span class='ocrx_word' id='word_1_13' title='bbox 352 321 477 358; x_wconf 74' lang='lat' dir='ltr'><strong>sancti,</strong></span> <span class='ocrx_word' id='word_1_14' title='bbox 510 330 576 351; x_wconf 93' lang='lat' dir='ltr'><strong>non</strong></span> <span class='ocrx_word' id='word_1_15' title='bbox 606 325 672 350; x_wconf 82' lang='lat' dir='ltr'><strong>stat</strong></span> <span class='ocrx_word' id='word_1_16' title='bbox 703 329 775 350; x_wconf 89' lang='lat' dir='ltr'><strong>cum</strong></span> <span class='ocrx_word' id='word_1_17' title='bbox 809 323 948 360; x_wconf 84' lang='lat' dir='ltr'><strong>peccato</strong></span> <span class='ocrx_word' id='word_1_18' title='bbox 976 315 1124 356; x_wconf 81' lang='lat' dir='ltr'><strong>mortali,</strong></span> <span class='ocrx_word' id='word_1_19' title='bbox 1153 317 1220 348; x_wconf 88' lang='lat' dir='ltr'><strong>Sed</strong></span> 
     </span>
     <span class='ocr_line' id='line_1_4' title="bbox 237 360 1221 405; baseline -0.004 -10"><span class='ocrx_word' id='word_1_20' title='bbox 237 364 403 405; x_wconf 77' lang='lat' dir='ltr'>tantisper</span> <span class='ocrx_word' id='word_1_21' title='bbox 425 363 500 395; x_wconf 87' lang='lat' dir='ltr'><strong>dum</strong></span> <span class='ocrx_word' id='word_1_22' title='bbox 523 364 619 394; x_wconf 81' lang='lat' dir='ltr'><strong>adest</strong></span> <span class='ocrx_word' id='word_1_23' title='bbox 638 362 744 392; x_wconf 85' lang='lat' dir='ltr'><strong>bonos</strong></span> <span class='ocrx_word' id='word_1_24' title='bbox 768 360 896 392; x_wconf 83' lang='lat' dir='ltr'><strong>fructus</strong></span> <span class='ocrx_word' id='word_1_25' title='bbox 920 361 1024 402; x_wconf 86' lang='lat' dir='ltr'><strong>parit,</strong></span> <span class='ocrx_word' id='word_1_26' title='bbox 1047 366 1081 391; x_wconf 89' lang='lat' dir='ltr'><strong>vt</strong></span> <span class='ocrx_word' id='word_1_27' title='bbox 1103 366 1221 401; x_wconf 79' lang='lat' dir='ltr'><strong>postea</strong></span> 
     </span>
     <span class='ocr_line' id='line_1_5' title="bbox 240 403 1220 445; baseline -0.006 -7"><span class='ocrx_word' id='word_1_28' title='bbox 240 407 398 438; x_wconf 78' lang='lat' dir='ltr'><strong>dicemus.</strong></span> <span class='ocrx_word' id='word_1_29' title='bbox 450 405 537 441; x_wconf 78' lang='lat' dir='ltr'><strong>Quid</strong></span> <span class='ocrx_word' id='word_1_30' title='bbox 565 409 674 445; x_wconf 83' lang='lat' dir='ltr'><strong>potest</strong></span> <span class='ocrx_word' id='word_1_31' title='bbox 705 404 769 435; x_wconf 87' lang='lat' dir='ltr'><strong>dici</strong></span> <span class='ocrx_word' id='word_1_32' title='bbox 800 405 842 435; x_wconf 88' lang='lat' dir='ltr'><strong>de</strong></span> <span class='ocrx_word' id='word_1_33' title='bbox 870 403 1092 435; x_wconf 88' lang='lat' dir='ltr'><strong>conuersione</strong></span> <span class='ocrx_word' id='word_1_34' title='bbox 1119 403 1220 444; x_wconf 86' lang='lat' dir='ltr'><strong>impij,</strong></span> 
     </span>
     <span class='ocr_line' id='line_1_6' title="bbox 238 443 1220 489; baseline -0.005 -8"><span class='ocrx_word' id='word_1_35' title='bbox 238 459 298 481; x_wconf 87' lang='lat' dir='ltr'><strong>seu</strong></span> <span class='ocrx_word' id='word_1_36' title='bbox 322 449 362 480; x_wconf 92' lang='lat' dir='ltr'><strong>de</strong></span> <span class='ocrx_word' id='word_1_37' title='bbox 386 449 484 480; x_wconf 89' lang='lat' dir='ltr'><strong>modo</strong></span> <span class='ocrx_word' id='word_1_38' title='bbox 508 446 789 489; x_wconf 80' lang='lat' dir='ltr'>regenerationis,</span> <span class='ocrx_word' id='word_1_39' title='bbox 813 445 995 486; x_wconf 73' lang='lat' dir='ltr'><strong>simplicius</strong></span> <span class='ocrx_word' id='word_1_40' title='bbox 1020 451 1052 477; x_wconf 90' lang='lat' dir='ltr'><strong>et</strong></span> <span class='ocrx_word' id='word_1_41' title='bbox 1074 443 1220 477; x_wconf 73' lang='lat' dir='ltr'><strong>clarius?</strong></span> 
     </span>
     <span class='ocr_line' id='line_1_7' title="bbox 239 488 1219 525; baseline -0.004 -2"><span class='ocrx_word' id='word_1_42' title='bbox 239 490 414 523; x_wconf 78' lang='lat' dir='ltr'>Proferam</span> <span class='ocrx_word' id='word_1_43' title='bbox 443 501 542 521; x_wconf 87' lang='lat' dir='ltr'><strong>vnum</strong></span> <span class='ocrx_word' id='word_1_44' title='bbox 568 489 839 521; x_wconf 81' lang='lat' dir='ltr'><strong>commentarium</strong></span> <span class='ocrx_word' id='word_1_45' title='bbox 875 490 906 520; x_wconf 89' lang='lat' dir='ltr'><strong>in</strong></span> <span class='ocrx_word' id='word_1_46' title='bbox 934 488 1146 525; x_wconf 75' lang='lat' dir='ltr'><strong>sentenciaS,</strong></span> <span class='ocrx_word' id='word_1_47' title='bbox 1179 497 1219 518; x_wconf 84' lang='lat' dir='ltr'><strong>ex</strong></span> 
     </span>
     <span class='ocr_line' id='line_1_8' title="bbox 238 531 1220 574; baseline -0.004 -9"><span class='ocrx_word' id='word_1_48' title='bbox 238 540 329 565; x_wconf 86' lang='lat' dir='ltr'><strong>tanto</strong></span> <span class='ocrx_word' id='word_1_49' title='bbox 359 534 564 574; x_wconf 78' lang='lat' dir='ltr'><strong>Scriptorum</strong></span> <span class='ocrx_word' id='word_1_50' title='bbox 594 532 743 570; x_wconf 59' lang='lat' dir='ltr'><strong>agmine,</strong></span> <span class='ocrx_word' id='word_1_51' title='bbox 773 532 829 572; x_wconf 87' lang='lat' dir='ltr'><strong>qui</strong></span> <span class='ocrx_word' id='word_1_52' title='bbox 859 531 900 562; x_wconf 89' lang='lat' dir='ltr'><strong>de</strong></span> <span class='ocrx_word' id='word_1_53' title='bbox 922 531 1021 562; x_wconf 87' lang='lat' dir='ltr'><strong>modo</strong></span> <span class='ocrx_word' id='word_1_54' title='bbox 1044 539 1220 572; x_wconf 79' lang='lat' dir='ltr'><strong>regenera-</strong></span> 
     </span>
     <span class='ocr_line' id='line_1_9' title="bbox 238 565 1219 615; baseline -0.005 -7"><span class='ocrx_word' id='word_1_55' title='bbox 238 577 335 608; x_wconf 75' lang='lat' dir='ltr'><strong>tionis</strong></span> <span class='ocrx_word' id='word_1_56' title='bbox 360 576 486 607; x_wconf 75' lang='lat' dir='ltr'><strong>dixerit.</strong></span> <span class='ocrx_word' id='word_1_57' title='bbox 517 574 600 606; x_wconf 88' lang='lat' dir='ltr'><strong>Cum</strong></span> <span class='ocrx_word' id='word_1_58' title='bbox 616 565 804 615; x_wconf 66' lang='lat' dir='ltr'><strong>loquuntur</strong></span> <span class='ocrx_word' id='word_1_59' title='bbox 827 574 868 605; x_wconf 88' lang='lat' dir='ltr'><strong>de</strong></span> <span class='ocrx_word' id='word_1_60' title='bbox 891 572 1005 605; x_wconf 85' lang='lat' dir='ltr'><strong>habitu</strong></span> <span class='ocrx_word' id='word_1_61' title='bbox 1031 573 1219 605; x_wconf 81' lang='lat' dir='ltr'><strong>dilectionis</strong></span> 
     </span>
     <span class='ocr_line' id='line_1_10' title="bbox 238 615 1219 661; baseline -0.004 -11"><span class='ocrx_word' id='word_1_62' title='bbox 238 620 363 661; x_wconf 71' lang='lat' dir='ltr'><strong>fingunt</strong></span> <span class='ocrx_word' id='word_1_63' title='bbox 389 628 460 649; x_wconf 84' lang='lat' dir='ltr'><strong>eum</strong></span> <span class='ocrx_word' id='word_1_64' title='bbox 485 617 633 649; x_wconf 88' lang='lat' dir='ltr'><strong>homines</strong></span> <span class='ocrx_word' id='word_1_65' title='bbox 649 618 702 656; x_wconf 76' lang='lat'><strong>⁵²)</strong></span> <span class='ocrx_word' id='word_1_66' title='bbox 723 627 782 657; x_wconf 89' lang='lat' dir='ltr'><strong>per</strong></span> <span class='ocrx_word' id='word_1_67' title='bbox 804 626 906 658; x_wconf 86' lang='lat' dir='ltr'><strong>opera</strong></span> <span class='ocrx_word' id='word_1_68' title='bbox 924 617 1053 654; x_wconf 85' lang='lat' dir='ltr'><strong>mereri,</strong></span> <span class='ocrx_word' id='word_1_69' title='bbox 1077 625 1143 646; x_wconf 93' lang='lat' dir='ltr'><strong>non</strong></span> <span class='ocrx_word' id='word_1_70' title='bbox 1161 615 1219 646; x_wconf 92' lang='lat' dir='ltr'><strong>do-</strong></span> 
     </span>
     <span class='ocr_line' id='line_1_11' title="bbox 238 658 1219 702; baseline -0.005 -9"><span class='ocrx_word' id='word_1_71' title='bbox 238 669 313 693; x_wconf 86' lang='lat' dir='ltr'><strong>cent</strong></span> <span class='ocrx_word' id='word_1_72' title='bbox 335 672 395 702; x_wconf 90' lang='lat' dir='ltr'><strong>per</strong></span> <span class='ocrx_word' id='word_1_73' title='bbox 417 662 554 692; x_wconf 75' lang='lat' dir='ltr'><strong>verbum</strong></span> <span class='ocrx_word' id='word_1_74' title='bbox 577 661 694 701; x_wconf 84' lang='lat' dir='ltr'><strong>accipi,</strong></span> <span class='ocrx_word' id='word_1_75' title='bbox 716 661 804 691; x_wconf 87' lang='lat' dir='ltr'><strong>sicut</strong></span> <span class='ocrx_word' id='word_1_76' title='bbox 826 666 858 691; x_wconf 84' lang='lat' dir='ltr'><strong>et</strong></span> <span class='ocrx_word' id='word_1_77' title='bbox 881 659 946 690; x_wconf 87' lang='lat' dir='ltr'><strong>hoe</strong></span> <span class='ocrx_word' id='word_1_78' title='bbox 965 666 1113 699; x_wconf 88' lang='lat' dir='ltr'><strong>tempore</strong></span> <span class='ocrx_word' id='word_1_79' title='bbox 1130 658 1219 688; x_wconf 81' lang='lat' dir='ltr'><strong>Ana-</strong></span> 
     </span>
     <span class='ocr_line' id='line_1_12' title="bbox 237 700 1219 745; baseline -0.005 -10"><span class='ocrx_word' id='word_1_80' title='bbox 237 705 400 745; x_wconf 86' lang='lat' dir='ltr'><strong>baptistae</strong></span> <span class='ocrx_word' id='word_1_81' title='bbox 434 704 564 735; x_wconf 87' lang='lat' dir='ltr'><strong>docent.</strong></span> <span class='ocrx_word' id='word_1_82' title='bbox 616 703 662 734; x_wconf 84' lang='lat' dir='ltr'><strong>At</strong></span> <span class='ocrx_word' id='word_1_83' title='bbox 696 713 770 734; x_wconf 87' lang='lat' dir='ltr'><strong>cum</strong></span> <span class='ocrx_word' id='word_1_84' title='bbox 804 701 879 733; x_wconf 93' lang='lat' dir='ltr'><strong>Deo</strong></span> <span class='ocrx_word' id='word_1_85' title='bbox 912 712 978 733; x_wconf 88' lang='lat' dir='ltr'><strong>non</strong></span> <span class='ocrx_word' id='word_1_86' title='bbox 1013 706 1124 743; x_wconf 72' lang='lat' dir='ltr'><strong>potest</strong></span> <span class='ocrx_word' id='word_1_87' title='bbox 1151 700 1219 742; x_wconf 82' lang='lat' dir='ltr'><strong>agi,</strong></span> 
     </span>
     <span class='ocr_line' id='line_1_13' title="bbox 236 742 1248 787; baseline -0.005 -9"><span class='ocrx_word' id='word_1_88' title='bbox 236 746 329 778; x_wconf 83' lang='lat' dir='ltr'><strong>Deus</strong></span> <span class='ocrx_word' id='word_1_89' title='bbox 353 756 419 777; x_wconf 90' lang='lat' dir='ltr'><strong>non</strong></span> <span class='ocrx_word' id='word_1_90' title='bbox 443 752 552 787; x_wconf 87' lang='lat' dir='ltr'><strong>potest</strong></span> <span class='ocrx_word' id='word_1_91' title='bbox 575 745 777 787; x_wconf 79' lang='lat' dir='ltr'><strong>apprehendi</strong></span> <span class='ocrx_word' id='word_1_92' title='bbox 799 745 861 776; x_wconf 90' lang='lat' dir='ltr'><strong>nisi</strong></span> <span class='ocrx_word' id='word_1_93' title='bbox 885 745 1105 785; x_wconf 73' lang='lat' dir='ltr'><strong>perverbum.</strong></span> <span class='ocrx_word' id='word_1_94' title='bbox 1140 743 1218 774; x_wconf 86' lang='lat' dir='ltr'><strong>ldeo</strong></span> <span class='ocrx_word' id='word_1_95' title='bbox 1242 742 1248 762; x_wconf 90' lang='lat'>¹</span> 
     </span>
     <span class='ocr_line' id='line_1_14' title="bbox 236 763 1248 840; baseline -0.006 -20"><span class='ocrx_word' id='word_1_96' title='bbox 236 789 421 821; x_wconf 86' lang='lat' dir='ltr'><strong>iustificatio</strong></span> <span class='ocrx_word' id='word_1_97' title='bbox 462 788 496 820; x_wconf 85' lang='lat' dir='ltr'><strong>fit</strong></span> <span class='ocrx_word' id='word_1_98' title='bbox 531 798 590 830; x_wconf 82' lang='lat' dir='ltr'><strong>per</strong></span> <span class='ocrx_word' id='word_1_99' title='bbox 626 789 782 825; x_wconf 80' lang='lat' dir='ltr'><strong>verbum,</strong></span> <span class='ocrx_word' id='word_1_100' title='bbox 818 788 902 818; x_wconf 85' lang='lat' dir='ltr'><strong>sicut</strong></span> <span class='ocrx_word' id='word_1_101' title='bbox 936 785 1062 817; x_wconf 90' lang='lat' dir='ltr'><strong>Paulus</strong></span> <span class='ocrx_word' id='word_1_102' title='bbox 1103 786 1218 826; x_wconf 88' lang='lat' dir='ltr'><strong>inquit.</strong></span> <span class='ocrx_word' id='word_1_103' title='bbox 1241 763 1248 840; x_wconf 76' lang='grc' dir='ltr'>Ι</span> 
     </span>
     <span class='ocr_line' id='line_1_15' title="bbox 235 828 1214 874; baseline -0.005 -11"><span class='ocrx_word' id='word_1_104' title='bbox 235 830 452 874; x_wconf 82' lang='lat' dir='ltr'><strong>Euangelium</strong></span> <span class='ocrx_word' id='word_1_105' title='bbox 477 837 527 862; x_wconf 65' lang='lat' dir='ltr'><strong>est</strong></span> <span class='ocrx_word' id='word_1_106' title='bbox 549 831 700 871; x_wconf 84' lang='lat' dir='ltr'><strong>potencia</strong></span> <span class='ocrx_word' id='word_1_107' title='bbox 720 829 783 861; x_wconf 86' lang='lat' dir='ltr'><strong>Dei</strong></span> <span class='ocrx_word' id='word_1_108' title='bbox 808 830 849 860; x_wconf 84' lang='lat' dir='ltr'><strong>ad</strong></span> <span class='ocrx_word' id='word_1_109' title='bbox 873 828 1011 860; x_wconf 83' lang='lat' dir='ltr'><strong>salutem</strong></span> <span class='ocrx_word' id='word_1_110' title='bbox 1032 829 1120 859; x_wconf 88' lang='lat' dir='ltr'><strong>omni</strong></span> <span class='ocrx_word' id='word_1_111' title='bbox 1144 837 1214 859; x_wconf 84' lang='lat' dir='ltr'><strong>cre-</strong></span> 
     </span>
     <span class='ocr_line' id='line_1_16' title="bbox 234 846 1247 910; baseline -0.005 -5"><span class='ocrx_word' id='word_1_112' title='bbox 234 875 332 906; x_wconf 82' lang='lat' dir='ltr'><strong>denti.</strong></span> <span class='ocrx_word' id='word_1_113' title='bbox 380 873 469 910; x_wconf 82' lang='lat' dir='ltr'><strong>lteni,</strong></span> <span class='ocrx_word' id='word_1_114' title='bbox 500 874 597 905; x_wconf 84' lang='lat' dir='ltr'><strong>Fides</strong></span> <span class='ocrx_word' id='word_1_115' title='bbox 621 880 671 904; x_wconf 85' lang='lat' dir='ltr'><strong>est</strong></span> <span class='ocrx_word' id='word_1_116' title='bbox 695 883 736 904; x_wconf 83' lang='lat' dir='ltr'><strong>ex</strong></span> <span class='ocrx_word' id='word_1_117' title='bbox 759 873 880 903; x_wconf 89' lang='lat' dir='ltr'><strong>auditu.</strong></span> <span class='ocrx_word' id='word_1_118' title='bbox 924 871 966 902; x_wconf 87' lang='lat' dir='ltr'><strong>Et</strong></span> <span class='ocrx_word' id='word_1_119' title='bbox 990 869 1044 902; x_wconf 90' lang='lat' dir='ltr'><strong>vel</strong></span> <span class='ocrx_word' id='word_1_120' title='bbox 1067 870 1145 901; x_wconf 86' lang='lat' dir='ltr'><strong>hinc</strong></span> <span class='ocrx_word' id='word_1_121' title='bbox 1166 881 1218 901; x_wconf 87' lang='lat' dir='ltr'><strong>ar·</strong></span> <span class='ocrx_word' id='word_1_122' title='bbox 1241 846 1247 905; x_wconf 81' lang='lat' dir='ltr'><strong>l</strong></span> 
     </span>
     <span class='ocr_line' id='line_1_17' title="bbox 235 913 1218 960; baseline -0.006 -11"><span class='ocrx_word' id='word_1_123' title='bbox 235 923 427 960; x_wconf 83' lang='lat' dir='ltr'><strong>gumentum</strong></span> <span class='ocrx_word' id='word_1_124' title='bbox 451 917 534 948; x_wconf 83' lang='lat' dir='ltr'><strong>sumi</strong></span> <span class='ocrx_word' id='word_1_125' title='bbox 557 922 690 957; x_wconf 81' lang='lat' dir='ltr'><strong>potest,</strong></span> <span class='ocrx_word' id='word_1_126' title='bbox 715 916 803 957; x_wconf 86' lang='lat' dir='ltr'><strong>quod</strong></span> <span class='ocrx_word' id='word_1_127' title='bbox 828 914 912 945; x_wconf 76' lang='lat' dir='ltr'><strong>fides</strong></span> <span class='ocrx_word' id='word_1_128' title='bbox 935 913 1107 951; x_wconf 82' lang='lat' dir='ltr'><strong>iustificet,</strong></span> <span class='ocrx_word' id='word_1_129' title='bbox 1142 913 1218 953; x_wconf 88' lang='lat' dir='ltr'><strong>quia</strong></span> 
     </span>
     <span class='ocr_line' id='line_1_18' title="bbox 234 955 1217 998; baseline -0.006 -7"><span class='ocrx_word' id='word_1_130' title='bbox 234 961 261 991; x_wconf 75' lang='lat' dir='ltr'><strong>si</strong></span> <span class='ocrx_word' id='word_1_131' title='bbox 299 966 422 991; x_wconf 84' lang='lat' dir='ltr'><strong>tantuin</strong></span> <span class='ocrx_word' id='word_1_132' title='bbox 456 960 488 989; x_wconf 84' lang='lat' dir='ltr'><strong>lit</strong></span> <span class='ocrx_word' id='word_1_133' title='bbox 523 959 711 990; x_wconf 74' lang='lat' dir='ltr'><strong>iustificatio</strong></span> <span class='ocrx_word' id='word_1_134' title='bbox 745 968 805 998; x_wconf 89' lang='lat' dir='ltr'><strong>per</strong></span> <span class='ocrx_word' id='word_1_135' title='bbox 834 957 990 994; x_wconf 83' lang='lat' dir='ltr'><strong>verbum,</strong></span> <span class='ocrx_word' id='word_1_136' title='bbox 1018 962 1049 987; x_wconf 89' lang='lat' dir='ltr'><strong>et</strong></span> <span class='ocrx_word' id='word_1_137' title='bbox 1081 955 1217 986; x_wconf 85' lang='lat' dir='ltr'><strong>verbum</strong></span> 
     </span>
     <span class='ocr_line' id='line_1_19' title="bbox 234 997 1218 1042; baseline -0.006 -8"><span class='ocrx_word' id='word_1_138' title='bbox 234 1008 359 1034; x_wconf 87' lang='lat' dir='ltr'><strong>tantum</strong></span> <span class='ocrx_word' id='word_1_139' title='bbox 387 1002 452 1033; x_wconf 87' lang='lat' dir='ltr'><strong>fide</strong></span> <span class='ocrx_word' id='word_1_140' title='bbox 475 1001 750 1042; x_wconf 80' lang='lat' dir='ltr'><strong>apprehenditur,</strong></span> <span class='ocrx_word' id='word_1_141' title='bbox 781 1001 931 1041; x_wconf 82' lang='lat' dir='ltr'><strong>sequitur</strong></span> <span class='ocrx_word' id='word_1_142' title='bbox 954 999 1041 1040; x_wconf 92' lang='lat' dir='ltr'><strong>quod</strong></span> <span class='ocrx_word' id='word_1_143' title='bbox 1066 998 1150 1029; x_wconf 83' lang='lat' dir='ltr'><strong>fides</strong></span> <span class='ocrx_word' id='word_1_144' title='bbox 1173 997 1218 1028; x_wconf 88' lang='lat' dir='ltr'><strong>iu-</strong></span> 
     </span>
     <span class='ocr_line' id='line_1_20' title="bbox 234 1040 1218 1082; baseline -0.006 -6"><span class='ocrx_word' id='word_1_145' title='bbox 234 1044 367 1082; x_wconf 80' lang='lat' dir='ltr'><strong>stificet‚</strong></span> <span class='ocrx_word' id='word_1_146' title='bbox 393 1045 451 1075; x_wconf 82' lang='lat' dir='ltr'><strong>sed</strong></span> <span class='ocrx_word' id='word_1_147' title='bbox 475 1051 551 1076; x_wconf 76' lang='lat' dir='ltr'><strong>sunt</strong></span> <span class='ocrx_word' id='word_1_148' title='bbox 571 1043 656 1075; x_wconf 82' lang='lat' dir='ltr'><strong>aliae</strong></span> <span class='ocrx_word' id='word_1_149' title='bbox 673 1043 817 1074; x_wconf 79' lang='lat' dir='ltr'><strong>maiores</strong></span> <span class='ocrx_word' id='word_1_150' title='bbox 836 1043 994 1073; x_wconf 85' lang='lat' dir='ltr'><strong>rationes.</strong></span> <span class='ocrx_word' id='word_1_151' title='bbox 1030 1040 1122 1072; x_wconf 87' lang='lat' dir='ltr'><strong>Haec</strong></span> <span class='ocrx_word' id='word_1_152' title='bbox 1141 1040 1218 1071; x_wconf 83' lang='lat' dir='ltr'><strong>dixi-</strong></span> 
     </span>
     <span class='ocr_line' id='line_1_21' title="bbox 235 1083 1220 1126; baseline -0.006 -7"><span class='ocrx_word' id='word_1_153' title='bbox 235 1098 308 1119; x_wconf 88' lang='lat' dir='ltr'><strong>mus</strong></span> <span class='ocrx_word' id='word_1_154' title='bbox 331 1087 504 1124; x_wconf 83' lang='lat' dir='ltr'><strong>hactenus,</strong></span> <span class='ocrx_word' id='word_1_155' title='bbox 527 1093 561 1117; x_wconf 77' lang='lat' dir='ltr'><strong>vt</strong></span> <span class='ocrx_word' id='word_1_156' title='bbox 584 1086 716 1117; x_wconf 90' lang='lat' dir='ltr'><strong>modum</strong></span> <span class='ocrx_word' id='word_1_157' title='bbox 739 1085 1003 1126; x_wconf 78' lang='lat' dir='ltr'><strong>regenerationis</strong></span> <span class='ocrx_word' id='word_1_158' title='bbox 1027 1083 1220 1114; x_wconf 86' lang='lat' dir='ltr'><strong>ostendere-</strong></span> 
     </span>
     <span class='ocr_line' id='line_1_22' title="bbox 235 1126 1220 1204; baseline -0.005 -43"><span class='ocrx_word' id='word_1_159' title='bbox 235 1141 319 1204; x_wconf 65' lang='lat' dir='ltr'><strong>pius,</strong></span> <span class='ocrx_word' id='word_1_160' title='bbox 343 1137 373 1161; x_wconf 84' lang='lat' dir='ltr'><strong>et</strong></span> <span class='ocrx_word' id='word_1_161' title='bbox 399 1138 430 1160; x_wconf 83' lang='lat' dir='ltr'><strong>vt</strong></span> <span class='ocrx_word' id='word_1_162' title='bbox 455 1128 592 1171; x_wconf 66' lang='lat' dir='ltr'><strong>intelligi</strong></span> <span class='ocrx_word' id='word_1_163' title='bbox 615 1134 750 1169; x_wconf 83' lang='lat' dir='ltr'><strong>posset,</strong></span> <span class='ocrx_word' id='word_1_164' title='bbox 773 1127 881 1169; x_wconf 82' lang='lat' dir='ltr'><strong>qualis</strong></span> <span class='ocrx_word' id='word_1_165' title='bbox 905 1128 948 1158; x_wconf 84' lang='lat' dir='ltr'><strong>sit</strong></span> <span class='ocrx_word' id='word_1_166' title='bbox 971 1127 1067 1164; x_wconf 81' lang='lat' dir='ltr'><strong>fides,</strong></span> <span class='ocrx_word' id='word_1_167' title='bbox 1090 1126 1132 1157; x_wconf 88' lang='lat' dir='ltr'><strong>de</strong></span> <span class='ocrx_word' id='word_1_168' title='bbox 1154 1135 1220 1167; x_wconf 85' lang='lat' dir='ltr'><strong>qua</strong></span> 
     </span>
     <span class='ocr_line' id='line_1_23' title="bbox 248 1183 407 1205; baseline -0.019 0"><span class='ocrx_word' id='word_1_169' title='bbox 248 1184 267 1205; x_wconf 92' lang='lat' dir='ltr'><strong>o</strong></span> <span class='ocrx_word' id='word_1_170' title='bbox 293 1183 407 1205; x_wconf 67' lang='lat' dir='ltr'><strong>ulmus.</strong></span> 
     </span>
    </p>

    <p class='ocr_par' dir='ltr' id='par_1_3' title="bbox 234 1184 1248 1896">
     <span class='ocr_line' id='line_1_24' title="bbox 271 1184 1247 1254; baseline -0.005 -8"><span class='ocrx_word' id='word_1_171' title='bbox 271 1184 290 1215; x_wconf 79' lang='lat' dir='ltr'><strong>q</strong></span> <span class='ocrx_word' id='word_1_172' title='bbox 320 1215 418 1246; x_wconf 80' lang='lat' dir='ltr'><strong>Nunc</strong></span> <span class='ocrx_word' id='word_1_173' title='bbox 447 1214 682 1251; x_wconf 77' lang='lat' dir='ltr'><strong>ostendemus,</strong></span> <span class='ocrx_word' id='word_1_174' title='bbox 714 1213 802 1254; x_wconf 90' lang='lat' dir='ltr'><strong>quod</strong></span> <span class='ocrx_word' id='word_1_175' title='bbox 826 1213 911 1244; x_wconf 86' lang='lat' dir='ltr'><strong>fides</strong></span> <span class='ocrx_word' id='word_1_176' title='bbox 940 1212 1108 1244; x_wconf 84' lang='lat' dir='ltr'><strong>iustificet.</strong></span> <span class='ocrx_word' id='word_1_177' title='bbox 1153 1210 1247 1247; x_wconf 74' lang='lat' dir='ltr'><strong>Vbi}</strong></span> 
     </span>
     <span class='ocr_line' id='line_1_25' title="bbox 234 1254 1219 1300; baseline -0.005 -11"><span class='ocrx_word' id='word_1_178' title='bbox 234 1260 372 1300; x_wconf 84' lang='lat' dir='ltr'><strong>primum</strong></span> <span class='ocrx_word' id='word_1_179' title='bbox 396 1257 462 1289; x_wconf 88' lang='lat' dir='ltr'><strong>hoc</strong></span> <span class='ocrx_word' id='word_1_180' title='bbox 487 1256 641 1288; x_wconf 84' lang='lat' dir='ltr'><strong>monendi</strong></span> <span class='ocrx_word' id='word_1_181' title='bbox 665 1262 741 1287; x_wconf 86' lang='lat' dir='ltr'><strong>suut</strong></span> <span class='ocrx_word' id='word_1_182' title='bbox 764 1255 923 1294; x_wconf 82' lang='lat' dir='ltr'><strong>lectores,</strong></span> <span class='ocrx_word' id='word_1_183' title='bbox 946 1255 1035 1297; x_wconf 88' lang='lat' dir='ltr'><strong>quod</strong></span> <span class='ocrx_word' id='word_1_184' title='bbox 1059 1254 1145 1285; x_wconf 84' lang='lat' dir='ltr'><strong>sicut</strong></span> <span class='ocrx_word' id='word_1_185' title='bbox 1163 1263 1219 1284; x_wconf 90' lang='lat' dir='ltr'><strong>ne-</strong></span> 
     </span>
     <span class='ocr_line' id='line_1_26' title="bbox 236 1297 1221 1340; baseline -0.006 -8"><span class='ocrx_word' id='word_1_186' title='bbox 236 1311 334 1333; x_wconf 67' lang='lat' dir='ltr'><strong>cesse.</strong></span> <span class='ocrx_word' id='word_1_187' title='bbox 358 1306 407 1331; x_wconf 76' lang='lat' dir='ltr'><strong>est</strong></span> <span class='ocrx_word' id='word_1_188' title='bbox 432 1301 517 1331; x_wconf 83' lang='lat' dir='ltr'><strong>hanc</strong></span> <span class='ocrx_word' id='word_1_189' title='bbox 541 1300 743 1331; x_wconf 84' lang='lat' dir='ltr'><strong>sentenciam</strong></span> <span class='ocrx_word' id='word_1_190' title='bbox 767 1300 862 1337; x_wconf 89' lang='lat' dir='ltr'><strong>tueri,</strong></span> <span class='ocrx_word' id='word_1_191' title='bbox 887 1299 975 1340; x_wconf 89' lang='lat' dir='ltr'><strong>quod</strong></span> <span class='ocrx_word' id='word_1_192' title='bbox 1001 1297 1153 1329; x_wconf 81' lang='lat' dir='ltr'><strong>Christus</strong></span> <span class='ocrx_word' id='word_1_193' title='bbox 1177 1297 1221 1327; x_wconf 89' lang='lat' dir='ltr'><strong>sit</strong></span> 
     </span>
     <span class='ocr_line' id='line_1_27' title="bbox 234 1339 1221 1382; baseline -0.006 -7"><span class='ocrx_word' id='word_1_194' title='bbox 234 1344 405 1380; x_wconf 61' lang='lat' dir='ltr'><strong>mediator,</strong></span> <span class='ocrx_word' id='word_1_195' title='bbox 427 1343 471 1373; x_wconf 87' lang='lat' dir='ltr'><strong>ita</strong></span> <span class='ocrx_word' id='word_1_196' title='bbox 495 1352 637 1374; x_wconf 75' lang='lat' dir='ltr'><strong>necesse</strong></span> <span class='ocrx_word' id='word_1_197' title='bbox 660 1343 702 1372; x_wconf 89' lang='lat' dir='ltr'><strong>sit</strong></span> <span class='ocrx_word' id='word_1_198' title='bbox 721 1340 900 1373; x_wconf 79' lang='lat' dir='ltr'><strong>defendere</strong></span> <span class='ocrx_word' id='word_1_199' title='bbox 923 1341 1012 1382; x_wconf 89' lang='lat' dir='ltr'><strong>quod</strong></span> <span class='ocrx_word' id='word_1_200' title='bbox 1032 1339 1221 1371; x_wconf 85' lang='lat' dir='ltr'><strong>fidesiusti-</strong></span> 
     </span>
     <span class='ocr_line' id='line_1_28' title="bbox 235 1382 1220 1422; baseline -0.007 -3"><span class='ocrx_word' id='word_1_201' title='bbox 235 1387 322 1419; x_wconf 85' lang='lat' dir='ltr'><strong>ficet.</strong></span> <span class='ocrx_word' id='word_1_202' title='bbox 369 1385 543 1421; x_wconf 85' lang='lat' dir='ltr'><strong>Quomodo</strong></span> <span class='ocrx_word' id='word_1_203' title='bbox 569 1386 654 1417; x_wconf 90' lang='lat' dir='ltr'><strong>enim</strong></span> <span class='ocrx_word' id='word_1_204' title='bbox 673 1385 735 1417; x_wconf 76' lang='lat' dir='ltr'><strong>erit</strong></span> <span class='ocrx_word' id='word_1_205' title='bbox 757 1384 911 1416; x_wconf 89' lang='lat' dir='ltr'><strong>Christus</strong></span> <span class='ocrx_word' id='word_1_206' title='bbox 933 1384 1113 1422; x_wconf 85' lang='lat' dir='ltr'><strong>mediator,</strong></span> <span class='ocrx_word' id='word_1_207' title='bbox 1136 1382 1165 1413; x_wconf 87' lang='lat' dir='ltr'><strong>si</strong></span> <span class='ocrx_word' id='word_1_208' title='bbox 1187 1383 1220 1413; x_wconf 91' lang='lat' dir='ltr'><strong>iu</strong></span> 
     </span>
     <span class='ocr_line' id='line_1_29' title="bbox 234 1427 1221 1465; baseline -0.006 -4"><span class='ocrx_word' id='word_1_209' title='bbox 234 1429 478 1463; x_wconf 76' lang='lat' dir='ltr'><strong>iustificatione,</strong></span> <span class='ocrx_word' id='word_1_210' title='bbox 501 1438 568 1459; x_wconf 91' lang='lat' dir='ltr'><strong>non</strong></span> <span class='ocrx_word' id='word_1_211' title='bbox 592 1428 712 1459; x_wconf 81' lang='lat' dir='ltr'><strong>vtimur</strong></span> <span class='ocrx_word' id='word_1_212' title='bbox 735 1437 775 1459; x_wconf 90' lang='lat' dir='ltr'><strong>eo</strong></span> <span class='ocrx_word' id='word_1_213' title='bbox 797 1427 990 1465; x_wconf 79' lang='lat' dir='ltr'><strong>mediatore,</strong></span> <span class='ocrx_word' id='word_1_214' title='bbox 1013 1427 1127 1457; x_wconf 90' lang='lat' dir='ltr'><strong>sinon</strong></span> <span class='ocrx_word' id='word_1_215' title='bbox 1146 1434 1221 1456; x_wconf 85' lang='lat' dir='ltr'><strong>sen·</strong></span> 
     </span>
     <span class='ocr_line' id='line_1_30' title="bbox 235 1466 1222 1513; baseline -0.004 -10"><span class='ocrx_word' id='word_1_216' title='bbox 235 1474 352 1511; x_wconf 73' lang='lat' dir='ltr'><strong>timus„</strong></span> <span class='ocrx_word' id='word_1_217' title='bbox 389 1472 477 1513; x_wconf 90' lang='lat' dir='ltr'><strong>quod</strong></span> <span class='ocrx_word' id='word_1_218' title='bbox 511 1478 648 1512; x_wconf 85' lang='lat' dir='ltr'><strong>propter</strong></span> <span class='ocrx_word' id='word_1_219' title='bbox 683 1471 792 1512; x_wconf 88' lang='lat' dir='ltr'><strong>ipsum</strong></span> <span class='ocrx_word' id='word_1_220' title='bbox 823 1470 901 1502; x_wconf 87' lang='lat' dir='ltr'><strong>iusti</strong></span> <span class='ocrx_word' id='word_1_221' title='bbox 928 1479 965 1500; x_wconf 89' lang='lat' dir='ltr'><strong>re</strong></span> <span class='ocrx_word' id='word_1_222' title='bbox 989 1467 1142 1501; x_wconf 73' lang='lat' dir='ltr'><strong>utemur?</strong></span> <span class='ocrx_word' id='word_1_223' title='bbox 1186 1466 1222 1498; x_wconf 85' lang='lat' dir='ltr'><strong>ld</strong></span> 
     </span>
     <span class='ocr_line' id='line_1_31' title="bbox 236 1510 1221 1552; baseline -0.006 -5"><span class='ocrx_word' id='word_1_224' title='bbox 236 1521 344 1547; x_wconf 88' lang='lat' dir='ltr'><strong>autem</strong></span> <span class='ocrx_word' id='word_1_225' title='bbox 369 1521 420 1546; x_wconf 88' lang='lat' dir='ltr'><strong>est</strong></span> <span class='ocrx_word' id='word_1_226' title='bbox 445 1515 598 1552; x_wconf 84' lang='lat' dir='ltr'><strong>credere,</strong></span> <span class='ocrx_word' id='word_1_227' title='bbox 622 1513 790 1545; x_wconf 82' lang='lat' dir='ltr'><strong>confidere</strong></span> <span class='ocrx_word' id='word_1_228' title='bbox 812 1513 938 1544; x_wconf 84' lang='lat' dir='ltr'><strong>meritis</strong></span> <span class='ocrx_word' id='word_1_229' title='bbox 990 1511 1103 1549; x_wconf 86' lang='lat' dir='ltr'><strong>hristi,</strong></span> <span class='ocrx_word' id='word_1_230' title='bbox 1132 1510 1221 1552; x_wconf 88' lang='lat' dir='ltr'><strong>quod</strong></span> 
     </span>
     <span class='ocr_line' id='line_1_32' title="bbox 235 1553 1220 1599; baseline -0.005 -10"><span class='ocrx_word' id='word_1_231' title='bbox 235 1563 372 1599; x_wconf 87' lang='lat' dir='ltr'><strong>propter</strong></span> <span class='ocrx_word' id='word_1_232' title='bbox 394 1558 502 1599; x_wconf 89' lang='lat' dir='ltr'><strong>ipsum</strong></span> <span class='ocrx_word' id='word_1_233' title='bbox 526 1562 618 1588; x_wconf 87' lang='lat' dir='ltr'><strong>certo</strong></span> <span class='ocrx_word' id='word_1_234' title='bbox 642 1555 721 1587; x_wconf 77' lang='lat' dir='ltr'><strong>velit</strong></span> <span class='ocrx_word' id='word_1_235' title='bbox 743 1556 842 1587; x_wconf 89' lang='lat' dir='ltr'><strong>nobis</strong></span> <span class='ocrx_word' id='word_1_236' title='bbox 856 1555 951 1587; x_wconf 88' lang='lat' dir='ltr'><strong>Deus</strong></span> <span class='ocrx_word' id='word_1_237' title='bbox 967 1553 1120 1596; x_wconf 84' lang='lat' dir='ltr'><strong>placatus</strong></span> <span class='ocrx_word' id='word_1_238' title='bbox 1133 1562 1220 1585; x_wconf 86' lang='lat' dir='ltr'><strong>esse.</strong></span> 
     </span>
     <span class='ocr_line' id='line_1_33' title="bbox 236 1595 1222 1641; baseline -0.005 -9"><span class='ocrx_word' id='word_1_239' title='bbox 236 1602 317 1633; x_wconf 87' lang='lat' dir='ltr'><strong>ltem</strong></span> <span class='ocrx_word' id='word_1_240' title='bbox 345 1601 430 1632; x_wconf 86' lang='lat' dir='ltr'><strong>sicut</strong></span> <span class='ocrx_word' id='word_1_241' title='bbox 460 1605 593 1641; x_wconf 76' lang='lat' dir='ltr'><strong>oportet</strong></span> <span class='ocrx_word' id='word_1_242' title='bbox 622 1598 802 1631; x_wconf 85' lang='lat' dir='ltr'><strong>defendere</strong></span> <span class='ocrx_word' id='word_1_243' title='bbox 830 1598 919 1640; x_wconf 90' lang='lat' dir='ltr'><strong>quod</strong></span> <span class='ocrx_word' id='word_1_244' title='bbox 947 1603 1083 1639; x_wconf 84' lang='lat' dir='ltr'><strong>praeter</strong></span> <span class='ocrx_word' id='word_1_245' title='bbox 1100 1595 1222 1639; x_wconf 86' lang='lat' dir='ltr'><strong>legem,</strong></span> 
     </span>
     <span class='ocr_line' id='line_1_34' title="bbox 235 1641 1221 1684; baseline -0.006 -9"><span class='ocrx_word' id='word_1_246' title='bbox 235 1644 429 1675; x_wconf 84' lang='lat' dir='ltr'><strong>necessaria</strong></span> <span class='ocrx_word' id='word_1_247' title='bbox 462 1644 503 1674; x_wconf 89' lang='lat' dir='ltr'><strong>sit</strong></span> <span class='ocrx_word' id='word_1_248' title='bbox 537 1642 717 1684; x_wconf 82' lang='lat' dir='ltr'><strong>promissio</strong></span> <span class='ocrx_word' id='word_1_249' title='bbox 749 1641 890 1679; x_wconf 81' lang='lat' dir='ltr'><strong>Christi,</strong></span> <span class='ocrx_word' id='word_1_250' title='bbox 926 1641 972 1672; x_wconf 85' lang='lat' dir='ltr'><strong>ita</strong></span> <span class='ocrx_word' id='word_1_251' title='bbox 1005 1649 1146 1671; x_wconf 85' lang='lat' dir='ltr'><strong>necesse</strong></span> <span class='ocrx_word' id='word_1_252' title='bbox 1169 1644 1221 1670; x_wconf 89' lang='lat' dir='ltr'><strong>est</strong></span> 
     </span>
     <span class='ocr_line' id='line_1_35' title="bbox 235 1682 1220 1727; baseline -0.006 -9"><span class='ocrx_word' id='word_1_253' title='bbox 235 1685 424 1722; x_wconf 79' lang='lat' dir='ltr'><strong>defendere,</strong></span> <span class='ocrx_word' id='word_1_254' title='bbox 448 1686 536 1727; x_wconf 89' lang='lat' dir='ltr'><strong>quod</strong></span> <span class='ocrx_word' id='word_1_255' title='bbox 556 1685 640 1716; x_wconf 64' lang='lat' dir='ltr'><strong>tides</strong></span> <span class='ocrx_word' id='word_1_256' title='bbox 662 1684 825 1717; x_wconf 85' lang='lat' dir='ltr'><strong>iustificet.</strong></span> <span class='ocrx_word' id='word_1_257' title='bbox 872 1684 942 1715; x_wconf 85' lang='lat' dir='ltr'><strong>Lex</strong></span> <span class='ocrx_word' id='word_1_258' title='bbox 966 1684 1053 1715; x_wconf 89' lang='lat' dir='ltr'><strong>enim</strong></span> <span class='ocrx_word' id='word_1_259' title='bbox 1076 1693 1140 1713; x_wconf 92' lang='lat' dir='ltr'><strong>non</strong></span> <span class='ocrx_word' id='word_1_260' title='bbox 1166 1682 1220 1713; x_wconf 90' lang='lat' dir='ltr'><strong>do·</strong></span> 
     </span>
     <span class='ocr_line' id='line_1_36' title="bbox 236 1724 1220 1772; baseline -0.006 -11"><span class='ocrx_word' id='word_1_261' title='bbox 236 1735 288 1762; x_wconf 84' lang='lat' dir='ltr'><strong>cet</strong></span> <span class='ocrx_word' id='word_1_262' title='bbox 313 1730 488 1772; x_wconf 83' lang='lat' dir='ltr'><strong>gratuitam</strong></span> <span class='ocrx_word' id='word_1_263' title='bbox 512 1729 741 1760; x_wconf 80' lang='lat' dir='ltr'><strong>remissionem</strong></span> <span class='ocrx_word' id='word_1_264' title='bbox 765 1732 991 1769; x_wconf 80' lang='lat' dir='ltr'><strong>peccatorum.</strong></span> <span class='ocrx_word' id='word_1_265' title='bbox 1032 1725 1125 1762; x_wconf 86' lang='lat' dir='ltr'><strong>ltem,</strong></span> <span class='ocrx_word' id='word_1_266' title='bbox 1148 1724 1220 1755; x_wconf 89' lang='lat' dir='ltr'><strong>Lex</strong></span> 
     </span>
     <span class='ocr_line' id='line_1_37' title="bbox 234 1769 1248 1814; baseline -0.007 -10"><span class='ocrx_word' id='word_1_267' title='bbox 234 1782 301 1804; x_wconf 90' lang='lat' dir='ltr'><strong>non</strong></span> <span class='ocrx_word' id='word_1_268' title='bbox 324 1777 435 1814; x_wconf 87' lang='lat' dir='ltr'><strong>potest</strong></span> <span class='ocrx_word' id='word_1_269' title='bbox 465 1771 553 1809; x_wconf 87' lang='lat' dir='ltr'><strong>fieri,</strong></span> <span class='ocrx_word' id='word_1_270' title='bbox 584 1772 646 1802; x_wconf 83' lang='lat' dir='ltr'><strong>nisi</strong></span> <span class='ocrx_word' id='word_1_271' title='bbox 669 1771 761 1812; x_wconf 86' lang='lat' dir='ltr'><strong>prius</strong></span> <span class='ocrx_word' id='word_1_272' title='bbox 784 1775 925 1811; x_wconf 83' lang='lat' dir='ltr'><strong>accepto</strong></span> <span class='ocrx_word' id='word_1_273' title='bbox 948 1769 1064 1811; x_wconf 78' lang='lat' dir='ltr'><strong>spiritu</strong></span> <span class='ocrx_word' id='word_1_274' title='bbox 1091 1772 1219 1799; x_wconf 85' lang='lat' dir='ltr'><strong>sancto.</strong></span> <span class='ocrx_word' id='word_1_275' title='bbox 1245 1772 1248 1813; x_wconf 59' lang='lat' dir='ltr'><strong>i</strong></span> 
     </span>
     <span class='ocr_line' id='line_1_38' title="bbox 236 1809 1248 1856; baseline -0.006 -10"><span class='ocrx_word' id='word_1_276' title='bbox 236 1815 384 1847; x_wconf 79' lang='lat' dir='ltr'><strong>Necesse</strong></span> <span class='ocrx_word' id='word_1_277' title='bbox 408 1821 459 1846; x_wconf 84' lang='lat' dir='ltr'><strong>est</strong></span> <span class='ocrx_word' id='word_1_278' title='bbox 483 1815 581 1856; x_wconf 80' lang='lat' dir='ltr'><strong>igitur</strong></span> <span class='ocrx_word' id='word_1_279' title='bbox 595 1813 774 1845; x_wconf 79' lang='lat' dir='ltr'><strong>defendere</strong></span> <span class='ocrx_word' id='word_1_280' title='bbox 793 1813 880 1854; x_wconf 88' lang='lat' dir='ltr'><strong>quod</strong></span> <span class='ocrx_word' id='word_1_281' title='bbox 899 1812 1076 1853; x_wconf 72' lang='lat' dir='ltr'><strong>promissio</strong></span> <span class='ocrx_word' id='word_1_282' title='bbox 1095 1809 1221 1841; x_wconf 83' lang='lat' dir='ltr'><strong>Christi</strong></span> <span class='ocrx_word' id='word_1_283' title='bbox 1245 1817 1248 1847; x_wconf 71' lang='lat' dir='ltr'>f</span> 
     </span>
     <span class='ocr_line' id='line_1_39' title="bbox 817 1853 1247 1896; baseline -0.009 -9"><span class='ocrx_word' id='word_1_284' title='bbox 817 1861 903 1887; x_wconf 78' lang='lat' dir='ltr'><strong>otest</strong></span> <span class='ocrx_word' id='word_1_285' title='bbox 927 1855 1033 1896; x_wconf 85' lang='lat' dir='ltr'><strong>accipi</strong></span> <span class='ocrx_word' id='word_1_286' title='bbox 1056 1854 1120 1885; x_wconf 87' lang='lat' dir='ltr'><strong>nisi</strong></span> <span class='ocrx_word' id='word_1_287' title='bbox 1143 1853 1220 1884; x_wconf 82' lang='lat' dir='ltr'><strong>fide.</strong></span> <span class='ocrx_word' id='word_1_288' title='bbox 1245 1854 1247 1877; x_wconf 69' lang='lat' dir='ltr'>J</span> 
     </span>
    </p>
   </div>
   <div class='ocr_carea' id='block_1_3' title="bbox 1243 1250 1248 1376">
    <p class='ocr_par' dir='ltr' id='par_1_4' title="bbox 1243 1250 1248 1376">
     <span class='ocr_line' id='line_1_40' title="bbox 1243 1250 1248 1376; baseline 0 0"><span class='ocrx_word' id='word_1_289' title='bbox 1243 1250 1248 1376; x_wconf 95' lang='lat' dir='ltr'><strong> </strong></span> 
     </span>
    </p>
   </div>
   <div class='ocr_carea' id='block_1_4' title="bbox 1243 1379 1249 1551">
    <p class='ocr_par' dir='ltr' id='par_1_5' title="bbox 1243 1379 1249 1551">
     <span class='ocr_line' id='line_1_41' title="bbox 1243 1379 1249 1551; baseline 0 0"><span class='ocrx_word' id='word_1_290' title='bbox 1243 1379 1249 1551; x_wconf 95' lang='lat' dir='ltr'><strong> </strong></span> 
     </span>
    </p>
   </div>
   <div class='ocr_carea' id='block_1_5' title="bbox 233 1856 1247 2410">
    <p class='ocr_par' dir='ltr' id='par_1_6' title="bbox 233 1856 1247 2410">
     <span class='ocr_line' id='line_1_42' title="bbox 235 1856 770 1895; baseline -0.007 -5"><span class='ocrx_word' id='word_1_291' title='bbox 235 1858 428 1890; x_wconf 72' lang='lat' dir='ltr'><strong>necessaria</strong></span> <span class='ocrx_word' id='word_1_292' title='bbox 451 1858 505 1895; x_wconf 86' lang='lat' dir='ltr'><strong>sit,</strong></span> <span class='ocrx_word' id='word_1_293' title='bbox 528 1857 572 1887; x_wconf 73' lang='lat' dir='ltr'><strong>At</strong></span> <span class='ocrx_word' id='word_1_294' title='bbox 595 1856 681 1888; x_wconf 85' lang='lat' dir='ltr'><strong>haec</strong></span> <span class='ocrx_word' id='word_1_295' title='bbox 703 1866 770 1887; x_wconf 92' lang='lat' dir='ltr'><strong>non</strong></span> 
     </span>
     <span class='ocr_line' id='line_1_43' title="bbox 234 1899 900 1942; baseline -0.006 -10"><span class='ocrx_word' id='word_1_296' title='bbox 234 1901 296 1932; x_wconf 74' lang='lat' dir='ltr'><strong>lta&lt;</strong></span> <span class='ocrx_word' id='word_1_297' title='bbox 307 1910 348 1932; x_wconf 91' lang='lat' dir='ltr'><strong>ue</strong></span> <span class='ocrx_word' id='word_1_298' title='bbox 392 1901 423 1931; x_wconf 89' lang='lat' dir='ltr'><strong>ui</strong></span> <span class='ocrx_word' id='word_1_299' title='bbox 447 1908 568 1942; x_wconf 84' lang='lat' dir='ltr'><strong>negant</strong></span> <span class='ocrx_word' id='word_1_300' title='bbox 594 1899 691 1930; x_wconf 84' lang='lat' dir='ltr'><strong>fidem</strong></span> <span class='ocrx_word' id='word_1_301' title='bbox 711 1899 784 1930; x_wconf 76' lang='lat' dir='ltr'><strong>iusti</strong></span> <span class='ocrx_word' id='word_1_302' title='bbox 812 1908 900 1936; x_wconf 81' lang='lat' dir='ltr'><strong>care,</strong></span> 
     </span>
     <span class='ocr_line' id='line_1_44' title="bbox 233 1911 1247 1984; baseline -0.006 -8"><span class='ocrx_word' id='word_1_303' title='bbox 233 1945 297 1976; x_wconf 82' lang='lat' dir='ltr'><strong>abo</strong></span> <span class='ocrx_word' id='word_1_304' title='bbox 313 1944 357 1975; x_wconf 91' lang='lat' dir='ltr'><strong>ito</strong></span> <span class='ocrx_word' id='word_1_305' title='bbox 369 1911 578 1984; x_wconf 71' lang='lat' dir='ltr'><strong>unangelio,</strong></span> <span class='ocrx_word' id='word_1_306' title='bbox 602 1949 631 1972; x_wconf 86' lang='lat' dir='ltr'><strong>et</strong></span> <span class='ocrx_word' id='word_1_307' title='bbox 656 1940 780 1973; x_wconf 76' lang='lat' dir='ltr'><strong>abolito</strong></span> <span class='ocrx_word' id='word_1_308' title='bbox 804 1939 938 1972; x_wconf 86' lang='lat' dir='ltr'><strong>Christo</strong></span> <span class='ocrx_word' id='word_1_309' title='bbox 962 1940 1094 1972; x_wconf 85' lang='lat' dir='ltr'><strong>docent.</strong></span> <span class='ocrx_word' id='word_1_310' title='bbox 1244 1972 1247 1978; x_wconf 50' lang='grc'>,</span> 
     </span>
     <span class='ocr_line' id='line_1_45' title="bbox 320 1981 1246 2025; baseline -0.005 -8"><span class='ocrx_word' id='word_1_311' title='bbox 320 1987 387 2018; x_wconf 85' lang='lat' dir='ltr'><strong>Sed</strong></span> <span class='ocrx_word' id='word_1_312' title='bbox 412 1984 559 2016; x_wconf 76' lang='lat' dir='ltr'><strong>nonnulli</strong></span> <span class='ocrx_word' id='word_1_313' title='bbox 584 1984 749 2022; x_wconf 76' lang='lat' dir='ltr'><strong>fortassis,</strong></span> <span class='ocrx_word' id='word_1_314' title='bbox 773 1994 846 2015; x_wconf 89' lang='lat' dir='ltr'><strong>cum</strong></span> <span class='ocrx_word' id='word_1_315' title='bbox 870 1984 1000 2021; x_wconf 89' lang='lat' dir='ltr'><strong>dicitur,</strong></span> <span class='ocrx_word' id='word_1_316' title='bbox 1023 1983 1111 2025; x_wconf 89' lang='lat' dir='ltr'><strong>quod</strong></span> <span class='ocrx_word' id='word_1_317' title='bbox 1136 1981 1218 2013; x_wconf 80' lang='lat' dir='ltr'><strong>fides</strong></span> <span class='ocrx_word' id='word_1_318' title='bbox 1244 1990 1246 1998; x_wconf 84' lang='lat'><strong>¹</strong></span> 
     </span>
     <span class='ocr_line' id='line_1_46' title="bbox 236 2025 1219 2070; baseline -0.006 -9"><span class='ocrx_word' id='word_1_319' title='bbox 236 2029 409 2066; x_wconf 66' lang='lat' dir='ltr'><strong>iustitie-et,</strong></span> <span class='ocrx_word' id='word_1_320' title='bbox 444 2027 630 2070; x_wconf 81' lang='lat' dir='ltr'><strong>intelligunt</strong></span> <span class='ocrx_word' id='word_1_321' title='bbox 664 2028 704 2059; x_wconf 79' lang='lat' dir='ltr'><strong>dc</strong></span> <span class='ocrx_word' id='word_1_322' title='bbox 734 2027 913 2068; x_wconf 83' lang='lat' dir='ltr'><strong>principio,</strong></span> <span class='ocrx_word' id='word_1_323' title='bbox 944 2026 1033 2067; x_wconf 89' lang='lat' dir='ltr'><strong>quod</strong></span> <span class='ocrx_word' id='word_1_324' title='bbox 1064 2025 1146 2057; x_wconf 81' lang='lat' dir='ltr'><strong>fides</strong></span> <span class='ocrx_word' id='word_1_325' title='bbox 1177 2025 1219 2055; x_wconf 76' lang='lat' dir='ltr'><strong>sit</strong></span> 
     </span>
     <span class='ocr_line' id='line_1_47' title="bbox 235 2068 1246 2111; baseline -0.005 -8"><span class='ocrx_word' id='word_1_326' title='bbox 235 2073 365 2104; x_wconf 88' lang='lat' dir='ltr'><strong>inicium</strong></span> <span class='ocrx_word' id='word_1_327' title='bbox 389 2071 648 2109; x_wconf 79' lang='lat' dir='ltr'><strong>iustificationis,</strong></span> <span class='ocrx_word' id='word_1_328' title='bbox 677 2080 737 2101; x_wconf 88' lang='lat' dir='ltr'><strong>seu</strong></span> <span class='ocrx_word' id='word_1_329' title='bbox 763 2069 972 2111; x_wconf 76' lang='lat' dir='ltr'><strong>praeparatio</strong></span> <span class='ocrx_word' id='word_1_330' title='bbox 996 2069 1038 2100; x_wconf 76' lang='lat' dir='ltr'><strong>:id</strong></span> <span class='ocrx_word' id='word_1_331' title='bbox 1062 2068 1218 2100; x_wconf 82' lang='lat' dir='ltr'><strong>iustifica-</strong></span> <span class='ocrx_word' id='word_1_332' title='bbox 1244 2088 1246 2099; x_wconf 47' lang='lat' dir='ltr'><strong>i</strong></span> 
     </span>
     <span class='ocr_line' id='line_1_48' title="bbox 235 2110 1247 2154; baseline -0.006 -7"><span class='ocrx_word' id='word_1_333' title='bbox 235 2116 371 2151; x_wconf 79' lang='lat' dir='ltr'><strong>tionem,</strong></span> <span class='ocrx_word' id='word_1_334' title='bbox 395 2115 438 2145; x_wconf 87' lang='lat' dir='ltr'><strong>ita</strong></span> <span class='ocrx_word' id='word_1_335' title='bbox 463 2122 494 2144; x_wconf 82' lang='lat' dir='ltr'><strong>vt</strong></span> <span class='ocrx_word' id='word_1_336' title='bbox 520 2124 585 2145; x_wconf 92' lang='lat' dir='ltr'><strong>non</strong></span> <span class='ocrx_word' id='word_1_337' title='bbox 605 2114 647 2144; x_wconf 76' lang='lat' dir='ltr'><strong>sit</strong></span> <span class='ocrx_word' id='word_1_338' title='bbox 670 2114 743 2154; x_wconf 81' lang='lat' dir='ltr'><strong>ipsa</strong></span> <span class='ocrx_word' id='word_1_339' title='bbox 766 2113 865 2149; x_wconf 69' lang='lat' dir='ltr'><strong>tides.</strong></span> <span class='ocrx_word' id='word_1_340' title='bbox 895 2110 978 2143; x_wconf 90' lang='lat' dir='ltr'><strong>illud</strong></span> <span class='ocrx_word' id='word_1_341' title='bbox 1001 2121 1067 2153; x_wconf 85' lang='lat' dir='ltr'><strong>quo</strong></span> <span class='ocrx_word' id='word_1_342' title='bbox 1090 2111 1218 2152; x_wconf 87' lang='lat' dir='ltr'><strong>accepti</strong></span> <span class='ocrx_word' id='word_1_343' title='bbox 1241 2122 1247 2142; x_wconf 59' lang='lat'><strong>,¹</strong></span> 
     </span>
     <span class='ocr_line' id='line_1_49' title="bbox 235 2150 1247 2211; baseline -0.006 -22"><span class='ocrx_word' id='word_1_344' title='bbox 235 2168 349 2190; x_wconf 84' lang='lat' dir='ltr'><strong>sumus</strong></span> <span class='ocrx_word' id='word_1_345' title='bbox 373 2156 460 2191; x_wconf 79' lang='lat' dir='ltr'><strong>Deo,</strong></span> <span class='ocrx_word' id='word_1_346' title='bbox 496 2158 553 2188; x_wconf 79' lang='lat' dir='ltr'><strong>sed</strong></span> <span class='ocrx_word' id='word_1_347' title='bbox 587 2166 689 2197; x_wconf 82' lang='lat' dir='ltr'><strong>opera</strong></span> <span class='ocrx_word' id='word_1_348' title='bbox 720 2165 805 2197; x_wconf 85' lang='lat' dir='ltr'><strong>quae</strong></span> <span class='ocrx_word' id='word_1_349' title='bbox 839 2164 1032 2196; x_wconf 74' lang='lat' dir='ltr'><strong>sequuntur.</strong></span> <span class='ocrx_word' id='word_1_350' title='bbox 1091 2153 1129 2184; x_wconf 87' lang='lat' dir='ltr'><strong>Et</strong></span> <span class='ocrx_word' id='word_1_351' title='bbox 1164 2150 1247 2211; x_wconf 59' lang='grc' dir='ltr'>τεο-Ι</span> 
     </span>
     <span class='ocr_line' id='line_1_50' title="bbox 236 2197 1245 2239; baseline -0.006 -7"><span class='ocrx_word' id='word_1_352' title='bbox 236 2201 357 2233; x_wconf 80' lang='lat' dir='ltr'><strong>mniant</strong></span> <span class='ocrx_word' id='word_1_353' title='bbox 372 2199 480 2238; x_wconf 82' lang='lat' dir='ltr'><strong>fidem,</strong></span> <span class='ocrx_word' id='word_1_354' title='bbox 499 2199 573 2230; x_wconf 89' lang='lat' dir='ltr'><strong>ideo</strong></span> <span class='ocrx_word' id='word_1_355' title='bbox 593 2198 688 2230; x_wconf 78' lang='lat' dir='ltr'><strong>valde</strong></span> <span class='ocrx_word' id='word_1_356' title='bbox 700 2198 835 2236; x_wconf 79' lang='lat' dir='ltr'><strong>laudari,</strong></span> <span class='ocrx_word' id='word_1_357' title='bbox 857 2199 933 2239; x_wconf 91' lang='lat' dir='ltr'><strong>quia</strong></span> <span class='ocrx_word' id='word_1_358' title='bbox 953 2198 995 2228; x_wconf 88' lang='lat' dir='ltr'><strong>sit</strong></span> <span class='ocrx_word' id='word_1_359' title='bbox 1014 2197 1219 2238; x_wconf 78' lang='lat' dir='ltr'><strong>principium.</strong></span> <span class='ocrx_word' id='word_1_360' title='bbox 1244 2217 1245 2223; x_wconf 28' lang='grc' dir='ltr'>η</span> 
     </span>
     <span class='ocr_line' id='line_1_51' title="bbox 236 2238 1219 2283; baseline -0.006 -8"><span class='ocrx_word' id='word_1_361' title='bbox 236 2243 360 2283; x_wconf 78' lang='lat' dir='ltr'><strong>Magna</strong></span> <span class='ocrx_word' id='word_1_362' title='bbox 394 2243 479 2273; x_wconf 79' lang='lat' dir='ltr'><strong>enini</strong></span> <span class='ocrx_word' id='word_1_363' title='bbox 515 2243 565 2273; x_wconf 79' lang='lat' dir='ltr'><strong>vis</strong></span> <span class='ocrx_word' id='word_1_364' title='bbox 599 2249 650 2273; x_wconf 79' lang='lat' dir='ltr'><strong>est</strong></span> <span class='ocrx_word' id='word_1_365' title='bbox 686 2241 856 2282; x_wconf 73' lang='lat' dir='ltr'><strong>prineipij,</strong></span> <span class='ocrx_word' id='word_1_366' title='bbox 892 2247 923 2271; x_wconf 87' lang='lat' dir='ltr'><strong>vt</strong></span> <span class='ocrx_word' id='word_1_367' title='bbox 958 2238 1060 2281; x_wconf 72' lang='lat' dir='ltr'><strong>vulgo</strong></span> <span class='ocrx_word' id='word_1_368' title='bbox 1095 2239 1219 2277; x_wconf 85' lang='lat' dir='ltr'><strong>dicunt,</strong></span> 
     </span>
     <span class='ocr_line' id='line_1_52' title="bbox 237 2282 1219 2326; baseline -0.004 -10"><span class='ocrx_word' id='word_1_369' title='bbox 237 2287 255 2316; x_wconf 76' lang='grc' dir='ltr'><strong>α’</strong></span> <span class='ocrx_word' id='word_1_370' title='bbox 277 2284 312 2326; x_wconf 65' lang='lat' dir='ltr'><strong>p}</strong></span> <span class='ocrx_word' id='word_1_371' title='bbox 332 2284 423 2325; x_wconf 68' lang='grc' dir='ltr'><strong><em>ἥμισυ</em></strong></span> <span class='ocrx_word' id='word_1_372' title='bbox 445 2285 567 2323; x_wconf 73' lang='grc' dir='ltr'><strong><em>παντὸς,</em></strong></span> <span class='ocrx_word' id='word_1_373' title='bbox 591 2292 626 2315; x_wconf 85' lang='lat' dir='ltr'><strong>vt</strong></span> <span class='ocrx_word' id='word_1_374' title='bbox 641 2285 666 2315; x_wconf 77' lang='lat' dir='ltr'><strong>si</strong></span> <span class='ocrx_word' id='word_1_375' title='bbox 688 2284 761 2325; x_wconf 87' lang='lat' dir='ltr'><strong>quis</strong></span> <span class='ocrx_word' id='word_1_376' title='bbox 780 2285 876 2316; x_wconf 78' lang='lat' dir='ltr'><strong>dicat.</strong></span> <span class='ocrx_word' id='word_1_377' title='bbox 896 2283 984 2325; x_wconf 88' lang='lat' dir='ltr'><strong>quod</strong></span> <span class='ocrx_word' id='word_1_378' title='bbox 996 2282 1219 2313; x_wconf 76' lang='lat' dir='ltr'><strong>Graminatica</strong></span> 
     </span>
     <span class='ocr_line' id='line_1_53' title="bbox 236 2326 1218 2367; baseline -0.006 -5"><span class='ocrx_word' id='word_1_379' title='bbox 236 2339 254 2362; x_wconf 84' lang='lat' dir='ltr'><strong>e</strong></span> <span class='ocrx_word' id='word_1_380' title='bbox 283 2330 360 2362; x_wconf 86' lang='lat' dir='ltr'><strong>iciat</strong></span> <span class='ocrx_word' id='word_1_381' title='bbox 384 2329 526 2360; x_wconf 83' lang='lat' dir='ltr'><strong>oninium</strong></span> <span class='ocrx_word' id='word_1_382' title='bbox 549 2329 667 2359; x_wconf 82' lang='lat' dir='ltr'><strong>artium</strong></span> <span class='ocrx_word' id='word_1_383' title='bbox 681 2328 850 2361; x_wconf 81' lang='lat' dir='ltr'><strong>doctores,</strong></span> <span class='ocrx_word' id='word_1_384' title='bbox 875 2327 951 2367; x_wconf 92' lang='lat' dir='ltr'><strong>quia</strong></span> <span class='ocrx_word' id='word_1_385' title='bbox 974 2331 1149 2367; x_wconf 79' lang='lat' dir='ltr'><strong>praeparet</strong></span> <span class='ocrx_word' id='word_1_386' title='bbox 1165 2326 1218 2363; x_wconf 79' lang='lat'><strong>⁵³)</strong></span> 
     </span>
     <span class='ocr_line' id='line_1_54' title="bbox 236 2371 1218 2410; baseline -0.006 -6"><span class='ocrx_word' id='word_1_387' title='bbox 236 2374 277 2404; x_wconf 83' lang='lat' dir='ltr'><strong>ad</strong></span> <span class='ocrx_word' id='word_1_388' title='bbox 301 2371 385 2404; x_wconf 83' lang='lat' dir='ltr'><strong>alias</strong></span> <span class='ocrx_word' id='word_1_389' title='bbox 407 2378 515 2410; x_wconf 82' lang='lat' dir='ltr'><strong>artes,</strong></span> <span class='ocrx_word' id='word_1_390' title='bbox 545 2371 642 2403; x_wconf 88' lang='lat' dir='ltr'><strong>etiam</strong></span> <span class='ocrx_word' id='word_1_391' title='bbox 664 2371 692 2402; x_wconf 85' lang='lat' dir='ltr'><strong>si</strong></span> <span class='ocrx_word' id='word_1_392' title='bbox 723 2380 785 2402; x_wconf 77' lang='lat' dir='ltr'><strong>sua</strong></span> <span class='ocrx_word' id='word_1_393' title='bbox 812 2379 966 2410; x_wconf 82' lang='lat' dir='ltr'><strong>quenque</strong></span> <span class='ocrx_word' id='word_1_394' title='bbox 988 2378 1044 2400; x_wconf 84' lang='lat' dir='ltr'><strong>ars</strong></span> <span class='ocrx_word' id='word_1_395' title='bbox 1068 2378 1146 2400; x_wconf 86' lang='lat' dir='ltr'><strong>vere</strong></span> <span class='ocrx_word' id='word_1_396' title='bbox 1167 2378 1218 2398; x_wconf 92' lang='lat' dir='ltr'><strong>ar-</strong></span> 
     </span>
    </p>
   </div>
   <div class='ocr_carea' id='block_1_6' title="bbox 922 1895 1245 1938">
    <p class='ocr_par' dir='ltr' id='par_1_7' title="bbox 922 1895 1245 1938">
     <span class='ocr_line' id='line_1_55' title="bbox 922 1895 1245 1938; baseline -0.003 -10"><span class='ocrx_word' id='word_1_397' title='bbox 922 1896 1001 1928; x_wconf 87' lang='lat' dir='ltr'><strong>nihil</strong></span> <span class='ocrx_word' id='word_1_398' title='bbox 1025 1897 1088 1928; x_wconf 91' lang='lat' dir='ltr'><strong>nisi</strong></span> <span class='ocrx_word' id='word_1_399' title='bbox 1110 1895 1220 1938; x_wconf 89' lang='lat' dir='ltr'><strong>legem</strong></span> <span class='ocrx_word' id='word_1_400' title='bbox 1244 1924 1245 1931; x_wconf 69' lang='grc'>,</span> 
     </span>
    </p>
   </div>
   <div class='ocr_carea' id='block_1_7' title="bbox 239 2457 442 2464">
    <p class='ocr_par' dir='ltr' id='par_1_8' title="bbox 239 2457 442 2464">
     <span class='ocr_line' id='line_1_56' title="bbox 239 2457 442 2464; baseline 0 494"><span class='ocrx_word' id='word_1_401' title='bbox 239 2457 442 2464; x_wconf 95' lang='lat' dir='ltr'><strong> </strong></span> 
     </span>
    </p>
   </div>
   <div class='ocr_carea' id='block_1_8' title="bbox 239 2517 1218 2618">
    <p class='ocr_par' dir='ltr' id='par_1_9' title="bbox 239 2517 1218 2618">
     <span class='ocr_line' id='line_1_57' title="bbox 239 2517 670 2550; baseline -0.009 -6"><span class='ocrx_word' id='word_1_402' title='bbox 239 2519 286 2550; x_wconf 75' lang='lat'><strong>⁵1)</strong></span> <span class='ocrx_word' id='word_1_403' title='bbox 306 2517 411 2549; x_wconf 68' lang='lat' dir='ltr'><strong>nouam]</strong></span> <span class='ocrx_word' id='word_1_404' title='bbox 429 2517 478 2542; x_wconf 72' lang='lat' dir='ltr'><strong>Ed.</strong></span> <span class='ocrx_word' id='word_1_405' title='bbox 498 2519 535 2542; x_wconf 82' lang='lat'><strong>3.:</strong></span> <span class='ocrx_word' id='word_1_406' title='bbox 556 2523 670 2541; x_wconf 76' lang='lat' dir='ltr'><strong>nontam</strong></span> 
     </span>
     <span class='ocr_line' id='line_1_58' title="bbox 239 2556 1218 2591; baseline -0.007 -5"><span class='ocrx_word' id='word_1_407' title='bbox 239 2562 286 2591; x_wconf 67' lang='grc' dir='ltr'><strong>Μ)</strong></span> <span class='ocrx_word' id='word_1_408' title='bbox 306 2561 404 2591; x_wconf 70' lang='lat' dir='ltr'><strong>tingunt</strong></span> <span class='ocrx_word' id='word_1_409' title='bbox 423 2569 479 2583; x_wconf 75' lang='lat' dir='ltr'><strong>enm</strong></span> <span class='ocrx_word' id='word_1_410' title='bbox 500 2559 627 2591; x_wconf 57' lang='lat' dir='ltr'><strong>hominm]</strong></span> <span class='ocrx_word' id='word_1_411' title='bbox 653 2558 732 2583; x_wconf 77' lang='lat' dir='ltr'><strong>ssdltt.</strong></span> <span class='ocrx_word' id='word_1_412' title='bbox 759 2558 850 2582; x_wconf 77' lang='lat'>2—⁴.:</span> <span class='ocrx_word' id='word_1_413' title='bbox 876 2557 977 2588; x_wconf 58' lang='lat' dir='ltr'><strong>fluunt</strong></span> <span class='ocrx_word' id='word_1_414' title='bbox 1003 2556 1121 2580; x_wconf 74' lang='lat' dir='ltr'><strong>hominu</strong></span> <span class='ocrx_word' id='word_1_415' title='bbox 1144 2556 1218 2587; x_wconf 68' lang='lat' dir='ltr'><strong>spiri-</strong></span> 
     </span>
     <span class='ocr_line' id='line_1_59' title="bbox 310 2600 495 2618; baseline 0 0"><span class='ocrx_word' id='word_1_416' title='bbox 310 2600 361 2618; x_wconf 81' lang='lat' dir='ltr'><strong>tum</strong></span> <span class='ocrx_word' id='word_1_417' title='bbox 382 2600 495 2618; x_wconf 70' lang='lat' dir='ltr'><strong>nanctum</strong></span> 
     </span>
    </p>
   </div>
   <div class='ocr_carea' id='block_1_9' title="bbox 241 2637 814 2669">
    <p class='ocr_par' dir='ltr' id='par_1_10' title="bbox 241 2637 814 2669">
     <span class='ocr_line' id='line_1_60' title="bbox 241 2637 814 2669; baseline -0.003 -7"><span class='ocrx_word' id='word_1_418' title='bbox 241 2638 287 2669; x_wconf 72' lang='lat'><strong>53)</strong></span> <span class='ocrx_word' id='word_1_419' title='bbox 307 2637 454 2669; x_wconf 62' lang='lat' dir='ltr'><strong>praeparet]</strong></span> <span class='ocrx_word' id='word_1_420' title='bbox 475 2638 553 2660; x_wconf 66' lang='lat' dir='ltr'><strong>Edite.</strong></span> <span class='ocrx_word' id='word_1_421' title='bbox 574 2637 596 2660; x_wconf 83' lang='grc'><strong>3.</strong></span> <span class='ocrx_word' id='word_1_422' title='bbox 618 2637 657 2660; x_wconf 76' lang='grc' dir='ltr'><strong>4.ι</strong></span> <span class='ocrx_word' id='word_1_423' title='bbox 678 2638 814 2667; x_wconf 61' lang='lat' dir='ltr'><strong>paup-m</strong></span> 
     </span>
    </p>
   </div>
   <div class='ocr_carea' id='block_1_10' title="bbox 686 178 1804 216">
    <p class='ocr_par' dir='ltr' id='par_1_11' title="bbox 686 178 1804 216">
     <span class='ocr_line' id='line_1_61' title="bbox 686 178 1804 216; baseline -0.004 0"><span class='ocrx_word' id='word_1_424' title='bbox 686 183 800 216; x_wconf 76' lang='lat' dir='ltr'><strong>PmL.</strong></span> <span class='ocrx_word' id='word_1_425' title='bbox 822 181 927 214; x_wconf 77' lang='lat' dir='ltr'><strong>MEL.</strong></span> <span class='ocrx_word' id='word_1_426' title='bbox 949 180 1139 214; x_wconf 80' lang='lat' dir='ltr'><strong>SCRIPTA</strong></span> <span class='ocrx_word' id='word_1_427' title='bbox 1159 180 1429 214; x_wconf 75' lang='lat' dir='ltr'><strong>DOGMA‘HGA</strong></span> <span class='ocrx_word' id='word_1_428' title='bbox 1451 180 1508 214; x_wconf 86' lang='lat' dir='ltr'><strong>ET</strong></span> <span class='ocrx_word' id='word_1_429' title='bbox 1530 178 1804 213; x_wconf 77' lang='lat' dir='ltr'><strong>SYMBOLch.</strong></span> 
     </span>
    </p>
   </div>
   <div class='ocr_carea' id='block_1_11' title="bbox 1242 1556 1250 1766">
    <p class='ocr_par' dir='ltr' id='par_1_12' title="bbox 1242 1556 1250 1766">
     <span class='ocr_line' id='line_1_62' title="bbox 1242 1556 1250 1766; baseline 0 1192"><span class='ocrx_word' id='word_1_430' title='bbox 1242 1556 1250 1766; x_wconf 95' lang='lat' dir='ltr'><strong> </strong></span> 
     </span>
    </p>
   </div>
   <div class='ocr_carea' id='block_1_12' title="bbox 2188 181 2254 213">
    <p class='ocr_par' dir='ltr' id='par_1_13' title="bbox 2188 181 2254 213">
     <span class='ocr_line' id='line_1_63' title="bbox 2188 181 2254 213; baseline 0 0"><span class='ocrx_word' id='word_1_431' title='bbox 2188 181 2254 213; x_wconf 78' lang='lat'><strong>44⁰</strong></span> 
     </span>
    </p>
   </div>
   <div class='ocr_carea' id='block_1_13' title="bbox 1270 273 2258 1337">
    <p class='ocr_par' dir='ltr' id='par_1_14' title="bbox 1272 273 2256 656">
     <span class='ocr_line' id='line_1_64' title="bbox 1273 273 2254 313; baseline 0 -7"><span class='ocrx_word' id='word_1_432' title='bbox 1273 273 1395 306; x_wconf 84' lang='lat' dir='ltr'><strong>tificem</strong></span> <span class='ocrx_word' id='word_1_433' title='bbox 1416 273 1529 306; x_wconf 76' lang='lat' dir='ltr'><strong>efficit.</strong></span> <span class='ocrx_word' id='word_1_434' title='bbox 1573 273 1648 305; x_wconf 89' lang='lat' dir='ltr'><strong>Non</strong></span> <span class='ocrx_word' id='word_1_435' title='bbox 1672 274 1723 306; x_wconf 84' lang='lat' dir='ltr'><strong>sic</strong></span> <span class='ocrx_word' id='word_1_436' title='bbox 1744 274 1786 306; x_wconf 87' lang='lat' dir='ltr'><strong>de</strong></span> <span class='ocrx_word' id='word_1_437' title='bbox 1809 273 1875 306; x_wconf 85' lang='lat' dir='ltr'><strong>fide</strong></span> <span class='ocrx_word' id='word_1_438' title='bbox 1896 274 2076 313; x_wconf 81' lang='lat' dir='ltr'><strong>sentimus,</strong></span> <span class='ocrx_word' id='word_1_439' title='bbox 2104 275 2165 307; x_wconf 87' lang='lat' dir='ltr'><strong>sed</strong></span> <span class='ocrx_word' id='word_1_440' title='bbox 2187 274 2254 306; x_wconf 85' lang='lat' dir='ltr'><strong>hoc</strong></span> 
     </span>
     <span class='ocr_line' id='line_1_65' title="bbox 1274 316 2254 358; baseline -0.001 -9"><span class='ocrx_word' id='word_1_441' title='bbox 1274 316 1493 355; x_wconf 86' lang='lat' dir='ltr'><strong>defendimus,</strong></span> <span class='ocrx_word' id='word_1_442' title='bbox 1516 316 1606 358; x_wconf 88' lang='lat' dir='ltr'><strong>quod</strong></span> <span class='ocrx_word' id='word_1_443' title='bbox 1628 317 1760 357; x_wconf 88' lang='lat' dir='ltr'><strong>proprie</strong></span> <span class='ocrx_word' id='word_1_444' title='bbox 1778 326 1819 348; x_wconf 91' lang='lat' dir='ltr'><strong>ac</strong></span> <span class='ocrx_word' id='word_1_445' title='bbox 1842 326 1922 348; x_wconf 85' lang='lat' dir='ltr'><strong>vere</strong></span> <span class='ocrx_word' id='word_1_446' title='bbox 1944 317 2018 357; x_wconf 83' lang='lat' dir='ltr'><strong>ipsa</strong></span> <span class='ocrx_word' id='word_1_447' title='bbox 2033 316 2098 349; x_wconf 84' lang='lat' dir='ltr'><strong>fide</strong></span> <span class='ocrx_word' id='word_1_448' title='bbox 2117 324 2254 358; x_wconf 80' lang='lat' dir='ltr'><strong>propter</strong></span> 
     </span>
     <span class='ocr_line' id='line_1_66' title="bbox 1274 358 2252 400; baseline 0 -9"><span class='ocrx_word' id='word_1_449' title='bbox 1274 359 1441 391; x_wconf 79' lang='lat' dir='ltr'><strong>Christum</strong></span> <span class='ocrx_word' id='word_1_450' title='bbox 1463 360 1542 390; x_wconf 81' lang='lat' dir='ltr'><strong>iusti</strong></span> <span class='ocrx_word' id='word_1_451' title='bbox 1564 365 1776 400; x_wconf 86' lang='lat' dir='ltr'><strong>reputemur,</strong></span> <span class='ocrx_word' id='word_1_452' title='bbox 1804 369 1866 391; x_wconf 87' lang='lat' dir='ltr'><strong>seu</strong></span> <span class='ocrx_word' id='word_1_453' title='bbox 1888 359 2019 400; x_wconf 87' lang='lat' dir='ltr'><strong>accepti</strong></span> <span class='ocrx_word' id='word_1_454' title='bbox 2040 358 2116 391; x_wconf 89' lang='lat' dir='ltr'><strong>Deo</strong></span> <span class='ocrx_word' id='word_1_455' title='bbox 2138 361 2252 393; x_wconf 71' lang='lat' dir='ltr'><strong>simun.</strong></span> 
     </span>
     <span class='ocr_line' id='line_1_67' title="bbox 1273 400 2254 444; baseline 0.001 -11"><span class='ocrx_word' id='word_1_456' title='bbox 1273 401 1315 433; x_wconf 93' lang='lat' dir='ltr'><strong>Et</strong></span> <span class='ocrx_word' id='word_1_457' title='bbox 1345 403 1422 444; x_wconf 87' lang='lat' dir='ltr'><strong>quia</strong></span> <span class='ocrx_word' id='word_1_458' title='bbox 1455 401 1625 433; x_wconf 86' lang='lat' dir='ltr'><strong>iustificari</strong></span> <span class='ocrx_word' id='word_1_459' title='bbox 1651 401 1817 443; x_wconf 75' lang='lat' dir='ltr'><strong>significat</strong></span> <span class='ocrx_word' id='word_1_460' title='bbox 1839 412 1881 433; x_wconf 87' lang='lat' dir='ltr'><strong>ex</strong></span> <span class='ocrx_word' id='word_1_461' title='bbox 1904 402 2034 433; x_wconf 87' lang='lat' dir='ltr'><strong>iniustis</strong></span> <span class='ocrx_word' id='word_1_462' title='bbox 2054 402 2161 434; x_wconf 86' lang='lat' dir='ltr'><strong>iustos</strong></span> <span class='ocrx_word' id='word_1_463' title='bbox 2183 400 2254 434; x_wconf 81' lang='lat' dir='ltr'><strong>effi-</strong></span> 
     </span>
     <span class='ocr_line' id='line_1_68' title="bbox 1274 444 2255 486; baseline -0.001 -10"><span class='ocrx_word' id='word_1_464' title='bbox 1274 445 1324 483; x_wconf 89' lang='lat' dir='ltr'><strong>ci,</strong></span> <span class='ocrx_word' id='word_1_465' title='bbox 1355 455 1415 476; x_wconf 89' lang='lat' dir='ltr'><strong>seu</strong></span> <span class='ocrx_word' id='word_1_466' title='bbox 1434 444 1641 486; x_wconf 82' lang='lat' dir='ltr'><strong>regenerari,</strong></span> <span class='ocrx_word' id='word_1_467' title='bbox 1669 444 1836 486; x_wconf 81' lang='lat' dir='ltr'><strong>significat</strong></span> <span class='ocrx_word' id='word_1_468' title='bbox 1858 450 1892 476; x_wconf 83' lang='lat' dir='ltr'><strong>et</strong></span> <span class='ocrx_word' id='word_1_469' title='bbox 1912 445 2021 477; x_wconf 88' lang='lat' dir='ltr'><strong>iustos</strong></span> <span class='ocrx_word' id='word_1_470' title='bbox 2043 444 2255 486; x_wconf 80' lang='lat' dir='ltr'><strong>pronunciari</strong></span> 
     </span>
     <span class='ocr_line' id='line_1_69' title="bbox 1273 486 2255 529; baseline 0 -11"><span class='ocrx_word' id='word_1_471' title='bbox 1273 497 1333 519; x_wconf 87' lang='lat' dir='ltr'><strong>sen</strong></span> <span class='ocrx_word' id='word_1_472' title='bbox 1362 488 1520 529; x_wconf 87' lang='lat' dir='ltr'><strong>reputari.</strong></span> <span class='ocrx_word' id='word_1_473' title='bbox 1576 486 1728 529; x_wconf 83' lang='lat' dir='ltr'><strong>Vtroque</strong></span> <span class='ocrx_word' id='word_1_474' title='bbox 1761 487 1845 519; x_wconf 86' lang='lat' dir='ltr'><strong>enim</strong></span> <span class='ocrx_word' id='word_1_475' title='bbox 1873 487 1974 518; x_wconf 87' lang='lat' dir='ltr'><strong>modo</strong></span> <span class='ocrx_word' id='word_1_476' title='bbox 2001 486 2148 528; x_wconf 75' lang='lat' dir='ltr'><strong>loquitur</strong></span> <span class='ocrx_word' id='word_1_477' title='bbox 2175 488 2255 518; x_wconf 85' lang='lat' dir='ltr'><strong>scri-</strong></span> 
     </span>
     <span class='ocr_line' id='line_1_70' title="bbox 1274 527 2256 571; baseline 0.001 -11"><span class='ocrx_word' id='word_1_478' title='bbox 1274 536 1380 571; x_wconf 85' lang='lat' dir='ltr'><strong>ptura.</strong></span> <span class='ocrx_word' id='word_1_479' title='bbox 1428 530 1504 561; x_wconf 87' lang='lat' dir='ltr'><strong>ideo</strong></span> <span class='ocrx_word' id='word_1_480' title='bbox 1528 530 1667 570; x_wconf 88' lang='lat' dir='ltr'><strong>primum</strong></span> <span class='ocrx_word' id='word_1_481' title='bbox 1689 527 1844 561; x_wconf 81' lang='lat' dir='ltr'><strong>volumus</strong></span> <span class='ocrx_word' id='word_1_482' title='bbox 1866 529 1932 562; x_wconf 89' lang='lat' dir='ltr'><strong>hoc</strong></span> <span class='ocrx_word' id='word_1_483' title='bbox 1955 530 2144 568; x_wconf 83' lang='lat' dir='ltr'><strong>ostendere,</strong></span> <span class='ocrx_word' id='word_1_484' title='bbox 2167 529 2256 571; x_wconf 89' lang='lat' dir='ltr'><strong>quod</strong></span> 
     </span>
     <span class='ocr_line' id='line_1_71' title="bbox 1273 570 2256 610; baseline 0.001 -7"><span class='ocrx_word' id='word_1_485' title='bbox 1273 571 1348 604; x_wconf 91' lang='lat' dir='ltr'><strong>sola</strong></span> <span class='ocrx_word' id='word_1_486' title='bbox 1370 572 1453 603; x_wconf 80' lang='lat' dir='ltr'><strong>fides</strong></span> <span class='ocrx_word' id='word_1_487' title='bbox 1478 581 1518 603; x_wconf 76' lang='lat' dir='ltr'><strong>ex</strong></span> <span class='ocrx_word' id='word_1_488' title='bbox 1542 573 1665 603; x_wconf 88' lang='lat' dir='ltr'><strong>iniusto</strong></span> <span class='ocrx_word' id='word_1_489' title='bbox 1688 572 1807 604; x_wconf 85' lang='lat' dir='ltr'><strong>iustum</strong></span> <span class='ocrx_word' id='word_1_490' title='bbox 1830 570 1971 610; x_wconf 83' lang='lat' dir='ltr'><strong>efficiat,</strong></span> <span class='ocrx_word' id='word_1_491' title='bbox 1993 572 2059 604; x_wconf 92' lang='lat' dir='ltr'><strong>hoc</strong></span> <span class='ocrx_word' id='word_1_492' title='bbox 2081 578 2144 610; x_wconf 86' lang='lat' dir='ltr'><strong>est,</strong></span> <span class='ocrx_word' id='word_1_493' title='bbox 2164 572 2256 604; x_wconf 79' lang='lat' dir='ltr'><strong>acci·</strong></span> 
     </span>
     <span class='ocr_line' id='line_1_72' title="bbox 1272 615 1841 656; baseline 0 -10"><span class='ocrx_word' id='word_1_494' title='bbox 1272 615 1340 656; x_wconf 87' lang='lat' dir='ltr'><strong>piat</strong></span> <span class='ocrx_word' id='word_1_495' title='bbox 1362 615 1591 646; x_wconf 75' lang='lat' dir='ltr'><strong>remissionem</strong></span> <span class='ocrx_word' id='word_1_496' title='bbox 1615 621 1841 656; x_wconf 84' lang='lat' dir='ltr'><strong>peccatorum.</strong></span> 
     </span>
    </p>

    <p class='ocr_par' dir='ltr' id='par_1_15' title="bbox 1270 655 2258 1337">
     <span class='ocr_line' id='line_1_73' title="bbox 1359 655 2257 699; baseline 0 -11"><span class='ocrx_word' id='word_1_497' title='bbox 1359 657 1504 689; x_wconf 74' lang='lat' dir='ltr'><strong>Offendit</strong></span> <span class='ocrx_word' id='word_1_498' title='bbox 1539 658 1702 699; x_wconf 80' lang='lat' dir='ltr'><strong>quosdam</strong></span> <span class='ocrx_word' id='word_1_499' title='bbox 1736 655 1901 699; x_wconf 84' lang='lat' dir='ltr'><strong>particula</strong></span> <span class='ocrx_word' id='word_1_500' title='bbox 1931 655 2016 695; x_wconf 77' lang='lat' dir='ltr'><strong>sola,</strong></span> <span class='ocrx_word' id='word_1_501' title='bbox 2031 658 2084 695; x_wconf 84' lang='lat'><strong>⁵⁴)</strong></span> <span class='ocrx_word' id='word_1_502' title='bbox 2118 667 2194 688; x_wconf 88' lang='lat' dir='ltr'><strong>cum</strong></span> <span class='ocrx_word' id='word_1_503' title='bbox 2223 663 2257 688; x_wconf 84' lang='lat' dir='ltr'><strong>et</strong></span> 
     </span>
     <span class='ocr_line' id='line_1_74' title="bbox 1275 698 2256 738; baseline -0.001 -7"><span class='ocrx_word' id='word_1_504' title='bbox 1275 699 1398 731; x_wconf 87' lang='lat' dir='ltr'><strong>Paulus</strong></span> <span class='ocrx_word' id='word_1_505' title='bbox 1422 700 1529 738; x_wconf 89' lang='lat' dir='ltr'><strong>dicat,</strong></span> <span class='ocrx_word' id='word_1_506' title='bbox 1559 701 1768 731; x_wconf 88' lang='lat' dir='ltr'><strong>Arbitramur</strong></span> <span class='ocrx_word' id='word_1_507' title='bbox 1797 700 1962 731; x_wconf 86' lang='lat' dir='ltr'><strong>hominem</strong></span> <span class='ocrx_word' id='word_1_508' title='bbox 1983 699 2154 731; x_wconf 84' lang='lat' dir='ltr'><strong>iustificari</strong></span> <span class='ocrx_word' id='word_1_509' title='bbox 2178 698 2256 737; x_wconf 79' lang='lat' dir='ltr'><strong>fide,</strong></span> 
     </span>
     <span class='ocr_line' id='line_1_75' title="bbox 1272 741 2255 784; baseline -0.001 -10"><span class='ocrx_word' id='word_1_510' title='bbox 1272 753 1339 774; x_wconf 88' lang='lat' dir='ltr'><strong>non</strong></span> <span class='ocrx_word' id='word_1_511' title='bbox 1368 753 1409 774; x_wconf 89' lang='lat' dir='ltr'><strong>ex</strong></span> <span class='ocrx_word' id='word_1_512' title='bbox 1439 744 1609 784; x_wconf 87' lang='lat' dir='ltr'><strong>operibus.</strong></span> <span class='ocrx_word' id='word_1_513' title='bbox 1654 743 1746 780; x_wconf 89' lang='lat' dir='ltr'><strong>ltem,</strong></span> <span class='ocrx_word' id='word_1_514' title='bbox 1768 741 1935 783; x_wconf 86' lang='lat' dir='ltr'><strong>Ephesios</strong></span> <span class='ocrx_word' id='word_1_515' title='bbox 1959 742 1992 783; x_wconf 91' lang='lat' dir='ltr'><strong>ij.</strong></span> <span class='ocrx_word' id='word_1_516' title='bbox 2038 741 2102 774; x_wconf 90' lang='lat' dir='ltr'><strong>Dei</strong></span> <span class='ocrx_word' id='word_1_517' title='bbox 2133 742 2255 774; x_wconf 87' lang='lat' dir='ltr'><strong>donum</strong></span> 
     </span>
     <span class='ocr_line' id='line_1_76' title="bbox 1272 782 2255 826; baseline -0.002 -9"><span class='ocrx_word' id='word_1_518' title='bbox 1272 791 1335 822; x_wconf 76' lang='lat' dir='ltr'><strong>est,</strong></span> <span class='ocrx_word' id='word_1_519' title='bbox 1358 795 1425 817; x_wconf 88' lang='lat' dir='ltr'><strong>non</strong></span> <span class='ocrx_word' id='word_1_520' title='bbox 1445 794 1486 816; x_wconf 89' lang='lat' dir='ltr'><strong>ex</strong></span> <span class='ocrx_word' id='word_1_521' title='bbox 1505 785 1614 823; x_wconf 87' lang='lat' dir='ltr'><strong>vobis,</strong></span> <span class='ocrx_word' id='word_1_522' title='bbox 1637 795 1745 826; x_wconf 89' lang='lat' dir='ltr'><strong>neque</strong></span> <span class='ocrx_word' id='word_1_523' title='bbox 1768 795 1809 816; x_wconf 87' lang='lat' dir='ltr'><strong>ex</strong></span> <span class='ocrx_word' id='word_1_524' title='bbox 1833 785 2003 826; x_wconf 86' lang='lat' dir='ltr'><strong>operibus,</strong></span> <span class='ocrx_word' id='word_1_525' title='bbox 2025 794 2067 816; x_wconf 91' lang='lat' dir='ltr'><strong>ne</strong></span> <span class='ocrx_word' id='word_1_526' title='bbox 2090 785 2164 826; x_wconf 81' lang='lat' dir='ltr'><strong>quis</strong></span> <span class='ocrx_word' id='word_1_527' title='bbox 2183 782 2255 826; x_wconf 75' lang='lat' dir='ltr'><strong>glo-</strong></span> 
     </span>
     <span class='ocr_line' id='line_1_77' title="bbox 1272 826 2254 867; baseline 0 -9"><span class='ocrx_word' id='word_1_528' title='bbox 1272 829 1383 858; x_wconf 91' lang='lat' dir='ltr'><strong>rietur.</strong></span> <span class='ocrx_word' id='word_1_529' title='bbox 1431 828 1510 859; x_wconf 90' lang='lat' dir='ltr'><strong>ltem</strong></span> <span class='ocrx_word' id='word_1_530' title='bbox 1530 828 1646 859; x_wconf 87' lang='lat' dir='ltr'><strong>Roma.</strong></span> <span class='ocrx_word' id='word_1_531' title='bbox 1665 828 1711 867; x_wconf 89' lang='lat' dir='ltr'><strong>iij.</strong></span> <span class='ocrx_word' id='word_1_532' title='bbox 1768 828 1881 859; x_wconf 86' lang='lat' dir='ltr'><strong>Gratis</strong></span> <span class='ocrx_word' id='word_1_533' title='bbox 1903 827 2082 859; x_wconf 85' lang='lat' dir='ltr'><strong>iustificati.</strong></span> <span class='ocrx_word' id='word_1_534' title='bbox 2128 827 2164 858; x_wconf 82' lang='lat' dir='ltr'><strong>Si</strong></span> <span class='ocrx_word' id='word_1_535' title='bbox 2187 826 2254 858; x_wconf 80' lang='lat' dir='ltr'><strong>dis-</strong></span> 
     </span>
     <span class='ocr_line' id='line_1_78' title="bbox 1271 867 2256 910; baseline 0.001 -10"><span class='ocrx_word' id='word_1_536' title='bbox 1271 869 1371 910; x_wconf 88' lang='lat' dir='ltr'><strong>plicet</strong></span> <span class='ocrx_word' id='word_1_537' title='bbox 1401 869 1590 908; x_wconf 73' lang='lat' dir='ltr'><strong>exclusiua,</strong></span> <span class='ocrx_word' id='word_1_538' title='bbox 1629 869 1712 905; x_wconf 77' lang='lat' dir='ltr'><strong>sola,</strong></span> <span class='ocrx_word' id='word_1_539' title='bbox 1727 872 1781 907; x_wconf 74' lang='lat'><strong>⁶⁵)</strong></span> <span class='ocrx_word' id='word_1_540' title='bbox 1810 869 1930 901; x_wconf 82' lang='lat' dir='ltr'><strong>tollant</strong></span> <span class='ocrx_word' id='word_1_541' title='bbox 1954 871 2051 901; x_wconf 81' lang='lat' dir='ltr'><strong>etiam</strong></span> <span class='ocrx_word' id='word_1_542' title='bbox 2075 879 2116 901; x_wconf 88' lang='lat' dir='ltr'><strong>ex</strong></span> <span class='ocrx_word' id='word_1_543' title='bbox 2139 867 2256 907; x_wconf 77' lang='lat' dir='ltr'><strong>Paulo,</strong></span> 
     </span>
     <span class='ocr_line' id='line_1_79' title="bbox 1270 910 2256 955; baseline 0.002 -13"><span class='ocrx_word' id='word_1_544' title='bbox 1270 910 1347 943; x_wconf 86' lang='lat' dir='ltr'><strong>illas</strong></span> <span class='ocrx_word' id='word_1_545' title='bbox 1371 911 1576 951; x_wconf 80' lang='lat' dir='ltr'><strong>exclusiuas,</strong></span> <span class='ocrx_word' id='word_1_546' title='bbox 1609 914 1731 955; x_wconf 79' lang='lat' dir='ltr'><strong>gratiS‚</strong></span> <span class='ocrx_word' id='word_1_547' title='bbox 1763 923 1829 944; x_wconf 91' lang='lat' dir='ltr'><strong>non</strong></span> <span class='ocrx_word' id='word_1_548' title='bbox 1859 923 1898 944; x_wconf 83' lang='lat' dir='ltr'><strong>ex</strong></span> <span class='ocrx_word' id='word_1_549' title='bbox 1924 913 2098 953; x_wconf 89' lang='lat' dir='ltr'><strong>operibus,</strong></span> <span class='ocrx_word' id='word_1_550' title='bbox 2134 912 2256 944; x_wconf 87' lang='lat' dir='ltr'><strong>donum</strong></span> 
     </span>
     <span class='ocr_line' id='line_1_80' title="bbox 1272 954 2256 997; baseline 0.001 -12"><span class='ocrx_word' id='word_1_551' title='bbox 1272 961 1324 985; x_wconf 89' lang='lat' dir='ltr'><strong>est</strong></span> <span class='ocrx_word' id='word_1_552' title='bbox 1351 960 1416 986; x_wconf 84' lang='lat' dir='ltr'><strong>etc.</strong></span> <span class='ocrx_word' id='word_1_553' title='bbox 1471 955 1554 986; x_wconf 90' lang='lat' dir='ltr'><strong>Nam</strong></span> <span class='ocrx_word' id='word_1_554' title='bbox 1585 955 1648 987; x_wconf 87' lang='lat' dir='ltr'><strong>hae</strong></span> <span class='ocrx_word' id='word_1_555' title='bbox 1678 966 1810 997; x_wconf 86' lang='lat' dir='ltr'><strong>quoque</strong></span> <span class='ocrx_word' id='word_1_556' title='bbox 1837 961 1914 986; x_wconf 82' lang='lat' dir='ltr'><strong>sunt</strong></span> <span class='ocrx_word' id='word_1_557' title='bbox 1945 954 2148 987; x_wconf 86' lang='lat' dir='ltr'><strong>exclusiuae.</strong></span> <span class='ocrx_word' id='word_1_558' title='bbox 2191 954 2256 986; x_wconf 84' lang='lat' dir='ltr'><strong>Ex·</strong></span> 
     </span>
     <span class='ocr_line' id='line_1_81' title="bbox 1272 996 2256 1038; baseline 0.002 -11"><span class='ocrx_word' id='word_1_559' title='bbox 1272 996 1435 1029; x_wconf 86' lang='lat' dir='ltr'><strong>cludimus</strong></span> <span class='ocrx_word' id='word_1_560' title='bbox 1458 1003 1567 1029; x_wconf 85' lang='lat' dir='ltr'><strong>autem</strong></span> <span class='ocrx_word' id='word_1_561' title='bbox 1592 998 1779 1038; x_wconf 88' lang='lat' dir='ltr'><strong>opinionem</strong></span> <span class='ocrx_word' id='word_1_562' title='bbox 1799 999 1915 1029; x_wconf 87' lang='lat' dir='ltr'><strong>meriti.</strong></span> <span class='ocrx_word' id='word_1_563' title='bbox 1953 998 2028 1029; x_wconf 84' lang='lat' dir='ltr'><strong>Non</strong></span> <span class='ocrx_word' id='word_1_564' title='bbox 2051 996 2256 1029; x_wconf 82' lang='lat' dir='ltr'><strong>excindimus</strong></span> 
     </span>
     <span class='ocr_line' id='line_1_82' title="bbox 1271 1039 2255 1078; baseline 0.001 -8"><span class='ocrx_word' id='word_1_565' title='bbox 1271 1041 1410 1071; x_wconf 76' lang='lat' dir='ltr'><strong>verbum</strong></span> <span class='ocrx_word' id='word_1_566' title='bbox 1445 1046 1502 1071; x_wconf 84' lang='lat' dir='ltr'><strong>aut</strong></span> <span class='ocrx_word' id='word_1_567' title='bbox 1535 1048 1763 1078; x_wconf 81' lang='lat' dir='ltr'><strong>sacramenta,</strong></span> <span class='ocrx_word' id='word_1_568' title='bbox 1801 1046 1833 1071; x_wconf 90' lang='lat' dir='ltr'><strong>vt</strong></span> <span class='ocrx_word' id='word_1_569' title='bbox 1868 1039 2110 1072; x_wconf 80' lang='lat' dir='ltr'><strong>calumniantur</strong></span> <span class='ocrx_word' id='word_1_570' title='bbox 2136 1040 2255 1071; x_wconf 83' lang='lat' dir='ltr'><strong>aduer-</strong></span> 
     </span>
     <span class='ocr_line' id='line_1_83' title="bbox 1271 1082 2256 1123; baseline -0.002 -10"><span class='ocrx_word' id='word_1_571' title='bbox 1271 1083 1363 1122; x_wconf 83' lang='lat' dir='ltr'><strong>sarij.</strong></span> <span class='ocrx_word' id='word_1_572' title='bbox 1394 1082 1546 1114; x_wconf 89' lang='lat' dir='ltr'><strong>Diximus</strong></span> <span class='ocrx_word' id='word_1_573' title='bbox 1570 1084 1656 1114; x_wconf 89' lang='lat' dir='ltr'><strong>enim</strong></span> <span class='ocrx_word' id='word_1_574' title='bbox 1679 1093 1782 1123; x_wconf 85' lang='lat' dir='ltr'><strong>supra</strong></span> <span class='ocrx_word' id='word_1_575' title='bbox 1804 1083 1902 1114; x_wconf 82' lang='lat' dir='ltr'><strong>iidem</strong></span> <span class='ocrx_word' id='word_1_576' title='bbox 1921 1093 1964 1114; x_wconf 90' lang='lat' dir='ltr'><strong>ex</strong></span> <span class='ocrx_word' id='word_1_577' title='bbox 1985 1084 2089 1114; x_wconf 87' lang='lat' dir='ltr'><strong>verbo</strong></span> <span class='ocrx_word' id='word_1_578' title='bbox 2114 1083 2210 1114; x_wconf 88' lang='lat' dir='ltr'><strong>conci</strong></span> <span class='ocrx_word' id='word_1_579' title='bbox 2234 1082 2256 1113; x_wconf 80' lang='lat' dir='ltr'><strong>i.</strong></span> 
     </span>
     <span class='ocr_line' id='line_1_84' title="bbox 1270 1124 2256 1157; baseline -0.001 -1"><span class='ocrx_word' id='word_1_580' title='bbox 1270 1125 1323 1157; x_wconf 83' lang='lat' dir='ltr'><strong>Ac</strong></span> <span class='ocrx_word' id='word_1_581' title='bbox 1346 1124 1449 1156; x_wconf 90' lang='lat' dir='ltr'><strong>multo</strong></span> <span class='ocrx_word' id='word_1_582' title='bbox 1472 1126 1613 1157; x_wconf 82' lang='lat' dir='ltr'><strong>maxime</strong></span> <span class='ocrx_word' id='word_1_583' title='bbox 1636 1136 1794 1157; x_wconf 87' lang='lat' dir='ltr'><strong>ornamus</strong></span> <span class='ocrx_word' id='word_1_584' title='bbox 1813 1124 2028 1156; x_wconf 86' lang='lat' dir='ltr'><strong>ministerium</strong></span> <span class='ocrx_word' id='word_1_585' title='bbox 2051 1125 2155 1156; x_wconf 80' lang='lat' dir='ltr'><strong>verbi.</strong></span> <span class='ocrx_word' id='word_1_586' title='bbox 2235 1124 2256 1155; x_wconf 86' lang='lat' dir='ltr'><strong>i-</strong></span> 
     </span>
     <span class='ocr_line' id='line_1_85' title="bbox 1271 1167 2257 1209; baseline -0.002 -10"><span class='ocrx_word' id='word_1_587' title='bbox 1271 1167 1371 1199; x_wconf 84' lang='lat' dir='ltr'><strong>lectio</strong></span> <span class='ocrx_word' id='word_1_588' title='bbox 1391 1168 1489 1199; x_wconf 86' lang='lat' dir='ltr'><strong>etiam</strong></span> <span class='ocrx_word' id='word_1_589' title='bbox 1512 1174 1545 1199; x_wconf 86' lang='lat' dir='ltr'><strong>et</strong></span> <span class='ocrx_word' id='word_1_590' title='bbox 1569 1178 1671 1209; x_wconf 86' lang='lat' dir='ltr'><strong>opera</strong></span> <span class='ocrx_word' id='word_1_591' title='bbox 1690 1169 1785 1209; x_wconf 85' lang='lat' dir='ltr'><strong>sequi</strong></span> <span class='ocrx_word' id='word_1_592' title='bbox 1808 1168 1905 1199; x_wconf 79' lang='lat' dir='ltr'><strong>fidem</strong></span> <span class='ocrx_word' id='word_1_593' title='bbox 1922 1168 2054 1205; x_wconf 86' lang='lat' dir='ltr'><strong>debent,</strong></span> <span class='ocrx_word' id='word_1_594' title='bbox 2076 1176 2180 1208; x_wconf 83' lang='lat' dir='ltr'><strong>quare</strong></span> <span class='ocrx_word' id='word_1_595' title='bbox 2190 1176 2257 1198; x_wconf 88' lang='lat' dir='ltr'><strong>non</strong></span> 
     </span>
     <span class='ocr_line' id='line_1_86' title="bbox 1271 1209 2258 1251; baseline -0.001 -10"><span class='ocrx_word' id='word_1_596' title='bbox 1271 1211 1321 1241; x_wconf 89' lang='lat' dir='ltr'><strong>sic</strong></span> <span class='ocrx_word' id='word_1_597' title='bbox 1353 1209 1590 1249; x_wconf 87' lang='lat' dir='ltr'><strong>excluduntur,</strong></span> <span class='ocrx_word' id='word_1_598' title='bbox 1619 1221 1662 1242; x_wconf 92' lang='lat' dir='ltr'><strong>ne</strong></span> <span class='ocrx_word' id='word_1_599' title='bbox 1691 1218 1890 1251; x_wconf 84' lang='lat' dir='ltr'><strong>sequantur,</strong></span> <span class='ocrx_word' id='word_1_600' title='bbox 1920 1211 1982 1241; x_wconf 84' lang='lat' dir='ltr'><strong>sed</strong></span> <span class='ocrx_word' id='word_1_601' title='bbox 2010 1209 2130 1241; x_wconf 84' lang='lat' dir='ltr'><strong>fiducia</strong></span> <span class='ocrx_word' id='word_1_602' title='bbox 2152 1209 2258 1241; x_wconf 82' lang='lat' dir='ltr'><strong>meriti</strong></span> 
     </span>
     <span class='ocr_line' id='line_1_87' title="bbox 1272 1251 2257 1295; baseline 0 -11"><span class='ocrx_word' id='word_1_603' title='bbox 1272 1251 1461 1284; x_wconf 78' lang='lat' dir='ltr'><strong>dilectionis</strong></span> <span class='ocrx_word' id='word_1_604' title='bbox 1490 1260 1547 1285; x_wconf 89' lang='lat' dir='ltr'><strong>aut</strong></span> <span class='ocrx_word' id='word_1_605' title='bbox 1574 1263 1712 1295; x_wconf 85' lang='lat' dir='ltr'><strong>operum</strong></span> <span class='ocrx_word' id='word_1_606' title='bbox 1743 1254 1775 1284; x_wconf 93' lang='lat' dir='ltr'><strong>in</strong></span> <span class='ocrx_word' id='word_1_607' title='bbox 1806 1253 2039 1285; x_wconf 82' lang='lat' dir='ltr'><strong>iustificatione</strong></span> <span class='ocrx_word' id='word_1_608' title='bbox 2061 1251 2257 1284; x_wconf 73' lang='lat' dir='ltr'><strong>excluditur.</strong></span> 
     </span>
     <span class='ocr_line' id='line_1_88' title="bbox 1272 1296 1825 1337; baseline 0.002 -11"><span class='ocrx_word' id='word_1_609' title='bbox 1272 1296 1375 1337; x_wconf 86' lang='lat' dir='ltr'><strong>quue</strong></span> <span class='ocrx_word' id='word_1_610' title='bbox 1398 1297 1575 1337; x_wconf 85' lang='lat' dir='ltr'><strong>perspicue</strong></span> <span class='ocrx_word' id='word_1_611' title='bbox 1600 1296 1825 1328; x_wconf 76' lang='lat' dir='ltr'><strong>ostendemus-</strong></span> 
     </span>
    </p>
   </div>
   <div class='ocr_carea' id='block_1_14' title="bbox 1272 1411 2259 1841">
    <p class='ocr_par' dir='ltr' id='par_1_16' title="bbox 1272 1411 2259 1841">
     <span class='ocr_line' id='line_1_89' title="bbox 1307 1411 2224 1450; baseline -0.001 -6"><span class='ocrx_word' id='word_1_612' title='bbox 1307 1413 1447 1450; x_wconf 86' lang='lat' dir='ltr'>QVOD</span> <span class='ocrx_word' id='word_1_613' title='bbox 1476 1414 1578 1444; x_wconf 82' lang='lat' dir='ltr'><strong>REM</strong></span> <span class='ocrx_word' id='word_1_614' title='bbox 1589 1412 1834 1444; x_wconf 83' lang='lat' dir='ltr'><strong>lSSlONEM</strong></span> <span class='ocrx_word' id='word_1_615' title='bbox 1863 1411 2067 1444; x_wconf 76' lang='lat' dir='ltr'><strong>PEccA&#39;r</strong></span> <span class='ocrx_word' id='word_1_616' title='bbox 2079 1412 2224 1443; x_wconf 77' lang='lat' dir='ltr'>ORVM</span> 
     </span>
     <span class='ocr_line' id='line_1_90' title="bbox 1343 1455 2190 1502; baseline 0 -15"><span class='ocrx_word' id='word_1_617' title='bbox 1343 1457 1436 1487; x_wconf 82' lang='lat' dir='ltr'><strong>SOL</strong></span> <span class='ocrx_word' id='word_1_618' title='bbox 1448 1458 1473 1487; x_wconf 84' lang='grc' dir='ltr'><strong>Δ</strong></span> <span class='ocrx_word' id='word_1_619' title='bbox 1507 1456 1622 1487; x_wconf 76' lang='lat' dir='ltr'><strong>FtDE</strong></span> <span class='ocrx_word' id='word_1_620' title='bbox 1650 1456 1702 1502; x_wconf 62' lang='grc' dir='ltr'><strong>ΙΝΔ</strong></span> <span class='ocrx_word' id='word_1_621' title='bbox 1723 1455 1986 1488; x_wconf 80' lang='lat' dir='ltr'>CHRISTVM</span> <span class='ocrx_word' id='word_1_622' title='bbox 2010 1455 2190 1487; x_wconf 73' lang='lat' dir='ltr'><strong>CONSE-</strong></span> 
     </span>
     <span class='ocr_line' id='line_1_91' title="bbox 1358 1498 2258 1583; baseline 0 -11"><span class='ocrx_word' id='word_1_623' title='bbox 1358 1541 1467 1574; x_wconf 87' lang='lat' dir='ltr'><strong>Fateri</strong></span> <span class='ocrx_word' id='word_1_624' title='bbox 1490 1543 1588 1573; x_wconf 86' lang='lat' dir='ltr'><strong>etiam</strong></span> <span class='ocrx_word' id='word_1_625' title='bbox 1609 1498 1830 1574; x_wconf 42' lang='lat' dir='ltr'><strong>ad‘detslti-i&#39;oxs&#39;</strong></span> <span class='ocrx_word' id='word_1_626' title='bbox 1838 1499 2072 1574; x_wconf 52' lang='lat' dir='ltr'><strong>{St-istimamus</strong></span> <span class='ocrx_word' id='word_1_627' title='bbox 2082 1567 2090 1576; x_wconf 80' lang='grc'>,</span> <span class='ocrx_word' id='word_1_628' title='bbox 2113 1541 2203 1583; x_wconf 86' lang='lat' dir='ltr'><strong>quod</strong></span> <span class='ocrx_word' id='word_1_629' title='bbox 2223 1541 2258 1572; x_wconf 86' lang='lat' dir='ltr'><strong>in</strong></span> 
     </span>
     <span class='ocr_line' id='line_1_92' title="bbox 1272 1584 2259 1626; baseline 0 -11"><span class='ocrx_word' id='word_1_630' title='bbox 1272 1584 1506 1616; x_wconf 77' lang='lat' dir='ltr'><strong>iustificatione</strong></span> <span class='ocrx_word' id='word_1_631' title='bbox 1529 1585 1667 1625; x_wconf 89' lang='lat' dir='ltr'><strong>primum</strong></span> <span class='ocrx_word' id='word_1_632' title='bbox 1691 1585 1882 1616; x_wconf 86' lang='lat' dir='ltr'><strong>necessaria</strong></span> <span class='ocrx_word' id='word_1_633' title='bbox 1905 1585 1948 1615; x_wconf 88' lang='lat' dir='ltr'><strong>sit</strong></span> <span class='ocrx_word' id='word_1_634' title='bbox 1971 1585 2123 1616; x_wconf 86' lang='lat' dir='ltr'><strong>remissio</strong></span> <span class='ocrx_word' id='word_1_635' title='bbox 2140 1593 2259 1626; x_wconf 83' lang='lat' dir='ltr'><strong>pecca-</strong></span> 
     </span>
     <span class='ocr_line' id='line_1_93' title="bbox 1273 1627 2259 1678; baseline -0.001 -19"><span class='ocrx_word' id='word_1_636' title='bbox 1273 1633 1394 1678; x_wconf 76' lang='lat' dir='ltr'><strong>torum.</strong></span> <span class='ocrx_word' id='word_1_637' title='bbox 1445 1627 1570 1658; x_wconf 88' lang='lat' dir='ltr'><strong>Omnes</strong></span> <span class='ocrx_word' id='word_1_638' title='bbox 1600 1627 1685 1658; x_wconf 92' lang='lat' dir='ltr'><strong>enim</strong></span> <span class='ocrx_word' id='word_1_639' title='bbox 1718 1628 1780 1659; x_wconf 89' lang='lat' dir='ltr'><strong>sub</strong></span> <span class='ocrx_word' id='word_1_640' title='bbox 1810 1633 1951 1668; x_wconf 85' lang='lat' dir='ltr'><strong>peccato</strong></span> <span class='ocrx_word' id='word_1_641' title='bbox 1974 1636 2102 1659; x_wconf 81' lang='lat' dir='ltr'><strong>sumus.</strong></span> <span class='ocrx_word' id='word_1_642' title='bbox 2147 1627 2259 1662; x_wconf 84' lang='lat' dir='ltr'><strong>Quare</strong></span> 
     </span>
     <span class='ocr_line' id='line_1_94' title="bbox 1273 1676 2258 1764; baseline -0.002 -19"><span class='ocrx_word' id='word_1_643' title='bbox 1273 1679 1325 1702; x_wconf 64' lang='lat' dir='ltr'><strong>sm</strong></span> <span class='ocrx_word' id='word_1_644' title='bbox 1334 1676 1788 1764; x_wconf 40' lang='lat' dir='ltr'><strong>‘afiffiiilslizssdiniigiiiissionem</strong></span> <span class='ocrx_word' id='word_1_645' title='bbox 1810 1718 2024 1754; x_wconf 85' lang='lat' dir='ltr'><strong>peccatorum</strong></span> <span class='ocrx_word' id='word_1_646' title='bbox 2033 1735 2042 1750; x_wconf 92' lang='lat'><strong>,</strong></span> <span class='ocrx_word' id='word_1_647' title='bbox 2071 1718 2123 1743; x_wconf 89' lang='lat' dir='ltr'><strong>est</strong></span> <span class='ocrx_word' id='word_1_648' title='bbox 2144 1711 2258 1743; x_wconf 84' lang='lat' dir='ltr'><strong>iustifi-</strong></span> 
     </span>
     <span class='ocr_line' id='line_1_95' title="bbox 1273 1755 2258 1841; baseline -0.003 -52"><span class='ocrx_word' id='word_1_649' title='bbox 1273 1761 1472 1841; x_wconf 49' lang='lat' dir='ltr'><strong>{ffigtng-,xm</strong></span> <span class='ocrx_word' id='word_1_650' title='bbox 1495 1755 1585 1788; x_wconf 85' lang='lat' dir='ltr'><strong>illud.</strong></span> <span class='ocrx_word' id='word_1_651' title='bbox 1632 1755 1728 1788; x_wconf 84' lang='lat' dir='ltr'><strong>Beati</strong></span> <span class='ocrx_word' id='word_1_652' title='bbox 1752 1766 1892 1797; x_wconf 88' lang='lat' dir='ltr'><strong>quorum</strong></span> <span class='ocrx_word' id='word_1_653' title='bbox 1914 1755 2077 1787; x_wconf 85' lang='lat' dir='ltr'><strong>remissae</strong></span> <span class='ocrx_word' id='word_1_654' title='bbox 2099 1761 2177 1787; x_wconf 88' lang='lat' dir='ltr'><strong>sunt</strong></span> <span class='ocrx_word' id='word_1_655' title='bbox 2199 1755 2258 1786; x_wconf 89' lang='lat' dir='ltr'><strong>ini-</strong></span> 
     </span>
    </p>
   </div>
   <div class='ocr_carea' id='block_1_15' title="bbox 1365 1838 2256 1881">
    <p class='ocr_par' dir='ltr' id='par_1_17' title="bbox 1365 1838 2256 1881">
     <span class='ocr_line' id='line_1_96' title="bbox 1365 1838 2256 1881; baseline -0.003 -8"><span class='ocrx_word' id='word_1_656' title='bbox 1365 1841 1446 1874; x_wconf 83' lang='lat' dir='ltr'><strong>Sola</strong></span> <span class='ocrx_word' id='word_1_657' title='bbox 1481 1842 1546 1873; x_wconf 81' lang='lat' dir='ltr'><strong>fide</strong></span> <span class='ocrx_word' id='word_1_658' title='bbox 1578 1843 1610 1873; x_wconf 90' lang='lat' dir='ltr'><strong>in</strong></span> <span class='ocrx_word' id='word_1_659' title='bbox 1641 1841 1826 1879; x_wconf 87' lang='lat' dir='ltr'><strong>Christum,</strong></span> <span class='ocrx_word' id='word_1_660' title='bbox 1857 1841 2007 1881; x_wconf 65' lang='lat' dir='ltr'><strong>non‘per</strong></span> <span class='ocrx_word' id='word_1_661' title='bbox 2036 1838 2256 1877; x_wconf 87' lang='lat' dir='ltr'><strong>dilectionem,</strong></span> 
     </span>
    </p>
   </div>
   <div class='ocr_carea' id='block_1_16' title="bbox 1244 1882 2258 1969">
    <p class='ocr_par' dir='ltr' id='par_1_18' title="bbox 1244 1882 2258 1969">
     <span class='ocr_line' id='line_1_97' title="bbox 1244 1882 2257 1926; baseline -0.003 -10"><span class='ocrx_word' id='word_1_662' title='bbox 1244 1883 1248 1905; x_wconf 80' lang='lat'><strong>¹</strong></span> <span class='ocrx_word' id='word_1_663' title='bbox 1272 1894 1340 1916; x_wconf 91' lang='lat' dir='ltr'><strong>non</strong></span> <span class='ocrx_word' id='word_1_664' title='bbox 1370 1890 1507 1926; x_wconf 86' lang='lat' dir='ltr'><strong>propter</strong></span> <span class='ocrx_word' id='word_1_665' title='bbox 1539 1884 1748 1917; x_wconf 90' lang='lat' dir='ltr'><strong>dilectionem</strong></span> <span class='ocrx_word' id='word_1_666' title='bbox 1782 1889 1838 1915; x_wconf 80' lang='lat' dir='ltr'><strong>aut</strong></span> <span class='ocrx_word' id='word_1_667' title='bbox 1867 1893 1987 1924; x_wconf 85' lang='lat' dir='ltr'><strong>opera,</strong></span> <span class='ocrx_word' id='word_1_668' title='bbox 2024 1882 2257 1924; x_wconf 84' lang='lat' dir='ltr'><strong>consequimur</strong></span> 
     </span>
     <span class='ocr_line' id='line_1_98' title="bbox 1244 1924 2258 1969; baseline -0.003 -10"><span class='ocrx_word' id='word_1_669' title='bbox 1244 1928 1501 1960; x_wconf 84' lang='lat' dir='ltr'><strong>·remissionem</strong></span> <span class='ocrx_word' id='word_1_670' title='bbox 1539 1934 1772 1969; x_wconf 83' lang='lat' dir='ltr'><strong>peccatorum,</strong></span> <span class='ocrx_word' id='word_1_671' title='bbox 1827 1926 1890 1957; x_wconf 84' lang='lat' dir='ltr'><strong>etsi</strong></span> <span class='ocrx_word' id='word_1_672' title='bbox 1934 1924 2066 1957; x_wconf 84' lang='lat' dir='ltr'><strong>dilectio</strong></span> <span class='ocrx_word' id='word_1_673' title='bbox 2108 1925 2258 1967; x_wconf 84' lang='lat' dir='ltr'><strong>sequitur</strong></span> 
     </span>
    </p>
   </div>
   <div class='ocr_carea' id='block_1_17' title="bbox 1270 1969 2260 2483">
    <p class='ocr_par' dir='ltr' id='par_1_19' title="bbox 1272 1969 1381 2002">
     <span class='ocr_line' id='line_1_99' title="bbox 1272 1969 1381 2002; baseline 0 0"><span class='ocrx_word' id='word_1_674' title='bbox 1272 1969 1381 2002; x_wconf 82' lang='lat' dir='ltr'><strong>fidem.</strong></span> 
     </span>
    </p>

    <p class='ocr_par' dir='ltr' id='par_1_20' title="bbox 1271 2009 2260 2095">
     <span class='ocr_line' id='line_1_100' title="bbox 1358 2009 2260 2054; baseline -0.002 -11"><span class='ocrx_word' id='word_1_675' title='bbox 1358 2013 1460 2054; x_wconf 78' lang='lat' dir='ltr'><strong>Igitur</strong></span> <span class='ocrx_word' id='word_1_676' title='bbox 1482 2011 1555 2044; x_wconf 76' lang='lat' dir='ltr'><strong>sole</strong></span> <span class='ocrx_word' id='word_1_677' title='bbox 1579 2010 1643 2043; x_wconf 80' lang='lat' dir='ltr'><strong>fide</strong></span> <span class='ocrx_word' id='word_1_678' title='bbox 1665 2011 1899 2049; x_wconf 72' lang='lat' dir='ltr'><strong>iustificatum,</strong></span> <span class='ocrx_word' id='word_1_679' title='bbox 1928 2009 2143 2052; x_wconf 80' lang='lat' dir='ltr'><strong>intelligendo</strong></span> <span class='ocrx_word' id='word_1_680' title='bbox 2165 2010 2260 2041; x_wconf 78' lang='lat' dir='ltr'><strong>iusti·</strong></span> 
     </span>
     <span class='ocr_line' id='line_1_101' title="bbox 1271 2053 2255 2095; baseline -0.003 -8"><span class='ocrx_word' id='word_1_681' title='bbox 1271 2055 1472 2091; x_wconf 76' lang='lat' dir='ltr'><strong>ficationem.</strong></span> <span class='ocrx_word' id='word_1_682' title='bbox 1493 2066 1532 2087; x_wconf 79' lang='lat' dir='ltr'><strong>ex</strong></span> <span class='ocrx_word' id='word_1_683' title='bbox 1556 2056 1677 2086; x_wconf 78' lang='lat' dir='ltr'><strong>iniusto</strong></span> <span class='ocrx_word' id='word_1_684' title='bbox 1697 2057 1818 2087; x_wconf 87' lang='lat' dir='ltr'><strong>iustum</strong></span> <span class='ocrx_word' id='word_1_685' title='bbox 1843 2053 1948 2093; x_wconf 86' lang='lat' dir='ltr'><strong>effici,</strong></span> <span class='ocrx_word' id='word_1_686' title='bbox 1971 2063 2030 2085; x_wconf 85' lang='lat' dir='ltr'><strong>seu</strong></span> <span class='ocrx_word' id='word_1_687' title='bbox 2053 2053 2255 2095; x_wconf 80' lang='lat' dir='ltr'><strong>regenerari.</strong></span> 
     </span>
    </p>

    <p class='ocr_par' dir='ltr' id='par_1_21' title="bbox 1270 2095 2256 2483">
     <span class='ocr_line' id='line_1_102' title="bbox 1357 2095 2256 2140; baseline -0.003 -10"><span class='ocrx_word' id='word_1_688' title='bbox 1357 2099 1466 2130; x_wconf 83' lang='lat' dir='ltr'><strong>Minor</strong></span> <span class='ocrx_word' id='word_1_689' title='bbox 1495 2099 1539 2130; x_wconf 82' lang='lat' dir='ltr'><strong>ita</strong></span> <span class='ocrx_word' id='word_1_690' title='bbox 1568 2096 1667 2129; x_wconf 78' lang='lat' dir='ltr'><strong>facile</strong></span> <span class='ocrx_word' id='word_1_691' title='bbox 1691 2098 1812 2140; x_wconf 85' lang='lat' dir='ltr'><strong>poterit</strong></span> <span class='ocrx_word' id='word_1_692' title='bbox 1836 2095 2017 2135; x_wconf 54' lang='lat' dir='ltr'><strong>declarari,</strong></span> <span class='ocrx_word' id='word_1_693' title='bbox 2045 2097 2074 2127; x_wconf 80' lang='lat' dir='ltr'><strong>si</strong></span> <span class='ocrx_word' id='word_1_694' title='bbox 2096 2095 2256 2134; x_wconf 51' lang='lat' dir='ltr'><strong>sciamutu</strong></span> 
     </span>
     <span class='ocr_line' id='line_1_103' title="bbox 1271 2137 2255 2183; baseline -0.004 -10"><span class='ocrx_word' id='word_1_695' title='bbox 1271 2141 1438 2183; x_wconf 89' lang='lat' dir='ltr'><strong>quomodo</strong></span> <span class='ocrx_word' id='word_1_696' title='bbox 1463 2141 1519 2172; x_wconf 83' lang='lat' dir='ltr'><strong>lint</strong></span> <span class='ocrx_word' id='word_1_697' title='bbox 1542 2141 1694 2173; x_wconf 75' lang='lat' dir='ltr'><strong>remissio</strong></span> <span class='ocrx_word' id='word_1_698' title='bbox 1717 2146 1942 2182; x_wconf 86' lang='lat' dir='ltr'><strong>peccatorum.</strong></span> <span class='ocrx_word' id='word_1_699' title='bbox 1986 2139 2181 2178; x_wconf 76' lang='lat' dir='ltr'><strong>Aduersarij</strong></span> <span class='ocrx_word' id='word_1_700' title='bbox 2203 2137 2255 2169; x_wconf 87' lang='lat' dir='ltr'><strong>fri-</strong></span> 
     </span>
     <span class='ocr_line' id='line_1_104' title="bbox 1272 2182 2255 2227; baseline -0.003 -12"><span class='ocrx_word' id='word_1_701' title='bbox 1272 2185 1442 2227; x_wconf 78' lang='lat' dir='ltr'><strong>gidissime</strong></span> <span class='ocrx_word' id='word_1_702' title='bbox 1460 2184 1637 2226; x_wconf 79' lang='lat' dir='ltr'><strong>disputant.</strong></span> <span class='ocrx_word' id='word_1_703' title='bbox 1658 2183 1774 2216; x_wconf 87' lang='lat' dir='ltr'><strong>Vtrum</strong></span> <span class='ocrx_word' id='word_1_704' title='bbox 1797 2184 1863 2214; x_wconf 85' lang='lat' dir='ltr'><strong>sint</strong></span> <span class='ocrx_word' id='word_1_705' title='bbox 1887 2193 1952 2214; x_wconf 84' lang='lat' dir='ltr'><strong>vna</strong></span> <span class='ocrx_word' id='word_1_706' title='bbox 1975 2182 2119 2214; x_wconf 83' lang='lat' dir='ltr'><strong>mutacio</strong></span> <span class='ocrx_word' id='word_1_707' title='bbox 2143 2182 2255 2212; x_wconf 82' lang='lat' dir='ltr'><strong>remis—</strong></span> 
     </span>
     <span class='ocr_line' id='line_1_105' title="bbox 1271 2223 2256 2269; baseline -0.003 -12"><span class='ocrx_word' id='word_1_708' title='bbox 1271 2228 1322 2259; x_wconf 88' lang='lat' dir='ltr'><strong>sio</strong></span> <span class='ocrx_word' id='word_1_709' title='bbox 1345 2234 1578 2269; x_wconf 79' lang='lat' dir='ltr'><strong>peccatorum,</strong></span> <span class='ocrx_word' id='word_1_710' title='bbox 1609 2233 1641 2259; x_wconf 88' lang='lat' dir='ltr'><strong>et</strong></span> <span class='ocrx_word' id='word_1_711' title='bbox 1671 2226 1794 2259; x_wconf 85' lang='lat' dir='ltr'><strong>infusio</strong></span> <span class='ocrx_word' id='word_1_712' title='bbox 1824 2226 1964 2268; x_wconf 81' lang='lat' dir='ltr'><strong>gratioe.</strong></span> <span class='ocrx_word' id='word_1_713' title='bbox 2017 2225 2132 2256; x_wconf 83' lang='lat' dir='ltr'><strong>Ociosi</strong></span> <span class='ocrx_word' id='word_1_714' title='bbox 2157 2223 2256 2255; x_wconf 79' lang='lat' dir='ltr'><strong>homi-</strong></span> 
     </span>
     <span class='ocr_line' id='line_1_106' title="bbox 1270 2267 2256 2312; baseline -0.005 -10"><span class='ocrx_word' id='word_1_715' title='bbox 1270 2280 1331 2302; x_wconf 89' lang='lat' dir='ltr'><strong>nes</strong></span> <span class='ocrx_word' id='word_1_716' title='bbox 1361 2270 1439 2312; x_wconf 88' lang='lat' dir='ltr'><strong>quid</strong></span> <span class='ocrx_word' id='word_1_717' title='bbox 1469 2271 1634 2309; x_wconf 86' lang='lat' dir='ltr'><strong>dicerent,</strong></span> <span class='ocrx_word' id='word_1_718' title='bbox 1668 2280 1735 2301; x_wconf 87' lang='lat' dir='ltr'><strong>non</strong></span> <span class='ocrx_word' id='word_1_719' title='bbox 1763 2268 1942 2300; x_wconf 75' lang='lat' dir='ltr'><strong>habebant.</strong></span> <span class='ocrx_word' id='word_1_720' title='bbox 1993 2268 2027 2299; x_wconf 89' lang='lat' dir='ltr'><strong>ln</strong></span> <span class='ocrx_word' id='word_1_721' title='bbox 2058 2267 2256 2299; x_wconf 81' lang='lat' dir='ltr'><strong>remissione</strong></span> 
     </span>
     <span class='ocr_line' id='line_1_107' title="bbox 1271 2311 2254 2354; baseline -0.005 -9"><span class='ocrx_word' id='word_1_722' title='bbox 1271 2319 1485 2354; x_wconf 86' lang='lat' dir='ltr'><strong>peccatorum</strong></span> <span class='ocrx_word' id='word_1_723' title='bbox 1510 2319 1642 2354; x_wconf 85' lang='lat' dir='ltr'><strong>oportet</strong></span> <span class='ocrx_word' id='word_1_724' title='bbox 1664 2313 1697 2344; x_wconf 91' lang='lat' dir='ltr'><strong>in</strong></span> <span class='ocrx_word' id='word_1_725' title='bbox 1722 2312 1879 2343; x_wconf 88' lang='lat' dir='ltr'><strong>cordibus</strong></span> <span class='ocrx_word' id='word_1_726' title='bbox 1903 2311 1989 2342; x_wconf 79' lang='lat' dir='ltr'><strong>vinci</strong></span> <span class='ocrx_word' id='word_1_727' title='bbox 2013 2316 2160 2341; x_wconf 80' lang='lat' dir='ltr'><strong>terrores</strong></span> <span class='ocrx_word' id='word_1_728' title='bbox 2178 2318 2254 2351; x_wconf 83' lang='lat' dir='ltr'><strong>pec-</strong></span> 
     </span>
     <span class='ocr_line' id='line_1_108' title="bbox 1270 2351 2252 2393; baseline -0.004 -6"><span class='ocrx_word' id='word_1_729' title='bbox 1270 2357 1353 2393; x_wconf 81' lang='lat' dir='ltr'><strong>cati,</strong></span> <span class='ocrx_word' id='word_1_730' title='bbox 1388 2362 1420 2387; x_wconf 91' lang='lat' dir='ltr'><strong>et</strong></span> <span class='ocrx_word' id='word_1_731' title='bbox 1454 2357 1570 2387; x_wconf 83' lang='lat' dir='ltr'><strong>mortis</strong></span> <span class='ocrx_word' id='word_1_732' title='bbox 1601 2361 1774 2392; x_wconf 71' lang='lat' dir='ltr'><strong>aeternae,</strong></span> <span class='ocrx_word' id='word_1_733' title='bbox 1796 2355 1884 2385; x_wconf 83' lang='lat' dir='ltr'><strong>sicut</strong></span> <span class='ocrx_word' id='word_1_734' title='bbox 1910 2351 2036 2385; x_wconf 83' lang='lat' dir='ltr'><strong>Paulus</strong></span> <span class='ocrx_word' id='word_1_735' title='bbox 2056 2358 2208 2385; x_wconf 79' lang='lat' dir='ltr'><strong>testatur.</strong></span> <span class='ocrx_word' id='word_1_736' title='bbox 2233 2351 2252 2383; x_wconf 88' lang='lat' dir='ltr'><strong>i.</strong></span> 
     </span>
     <span class='ocr_line' id='line_1_109' title="bbox 1270 2393 2253 2439; baseline -0.005 -9"><span class='ocrx_word' id='word_1_737' title='bbox 1270 2398 1419 2430; x_wconf 87' lang='lat' dir='ltr'><strong>Corinth.</strong></span> <span class='ocrx_word' id='word_1_738' title='bbox 1450 2409 1505 2430; x_wconf 80' lang='lat' dir='ltr'><strong>xv.</strong></span> <span class='ocrx_word' id='word_1_739' title='bbox 1559 2397 1706 2430; x_wconf 84' lang='lat' dir='ltr'><strong>Aculeus</strong></span> <span class='ocrx_word' id='word_1_740' title='bbox 1735 2397 1850 2429; x_wconf 76' lang='lat' dir='ltr'><strong>mortis</strong></span> <span class='ocrx_word' id='word_1_741' title='bbox 1880 2403 2054 2439; x_wconf 78' lang='lat' dir='ltr'><strong>peccatum</strong></span> <span class='ocrx_word' id='word_1_742' title='bbox 2083 2400 2144 2427; x_wconf 81' lang='lat' dir='ltr'><strong>est.</strong></span> <span class='ocrx_word' id='word_1_743' title='bbox 2190 2393 2253 2426; x_wconf 82' lang='lat' dir='ltr'><strong>Po·</strong></span> 
     </span>
     <span class='ocr_line' id='line_1_110' title="bbox 1270 2437 2252 2483; baseline -0.003 -10"><span class='ocrx_word' id='word_1_744' title='bbox 1270 2442 1377 2474; x_wconf 85' lang='lat' dir='ltr'><strong>tencia</strong></span> <span class='ocrx_word' id='word_1_745' title='bbox 1405 2452 1486 2474; x_wconf 84' lang='lat' dir='ltr'><strong>vero</strong></span> <span class='ocrx_word' id='word_1_746' title='bbox 1514 2442 1644 2483; x_wconf 78' lang='lat' dir='ltr'><strong>peccati</strong></span> <span class='ocrx_word' id='word_1_747' title='bbox 1675 2440 1738 2473; x_wconf 83' lang='lat' dir='ltr'><strong>lex.</strong></span> <span class='ocrx_word' id='word_1_748' title='bbox 1799 2439 1916 2472; x_wconf 79' lang='lat' dir='ltr'><strong>Gratia</strong></span> <span class='ocrx_word' id='word_1_749' title='bbox 1943 2446 2053 2472; x_wconf 80' lang='lat' dir='ltr'><strong>autem</strong></span> <span class='ocrx_word' id='word_1_750' title='bbox 2078 2437 2172 2476; x_wconf 76' lang='lat' dir='ltr'><strong>Deo,</strong></span> <span class='ocrx_word' id='word_1_751' title='bbox 2198 2437 2252 2479; x_wconf 81' lang='lat' dir='ltr'><strong>qul</strong></span> 
     </span>
    </p>
   </div>
   <div class='ocr_carea' id='block_1_18' title="bbox 1270 2587 1964 2662">
    <p class='ocr_par' dir='ltr' id='par_1_22' title="bbox 1270 2587 1964 2662">
     <span class='ocr_line' id='line_1_111' title="bbox 1270 2587 1637 2622; baseline -0.003 -10"><span class='ocrx_word' id='word_1_752' title='bbox 1270 2589 1316 2620; x_wconf 71' lang='grc' dir='ltr'><strong>Μ)</strong></span> <span class='ocrx_word' id='word_1_753' title='bbox 1336 2588 1402 2622; x_wconf 72' lang='lat' dir='ltr'><strong>nola]</strong></span> <span class='ocrx_word' id='word_1_754' title='bbox 1421 2587 1472 2613; x_wconf 70' lang='lat' dir='ltr'><strong>Ed.</strong></span> <span class='ocrx_word' id='word_1_755' title='bbox 1491 2589 1531 2612; x_wconf 38' lang='lat' dir='ltr'><strong>3st</strong></span> <span class='ocrx_word' id='word_1_756' title='bbox 1553 2587 1637 2619; x_wconf 69' lang='lat' dir='ltr'><strong>(uolo)</strong></span> 
     </span>
     <span class='ocr_line' id='line_1_112' title="bbox 1270 2627 1964 2662; baseline -0.01 -5"><span class='ocrx_word' id='word_1_757' title='bbox 1270 2632 1318 2662; x_wconf 70' lang='lat' dir='ltr'><strong>bb)</strong></span> <span class='ocrx_word' id='word_1_758' title='bbox 1337 2633 1481 2659; x_wconf 63' lang='lat' dir='ltr'><strong>axcianus,</strong></span> <span class='ocrx_word' id='word_1_759' title='bbox 1499 2629 1577 2662; x_wconf 53' lang='lat' dir='ltr'><strong>roim]</strong></span> <span class='ocrx_word' id='word_1_760' title='bbox 1598 2630 1648 2654; x_wconf 69' lang='lat' dir='ltr'><strong>nd.</strong></span> <span class='ocrx_word' id='word_1_761' title='bbox 1668 2628 1708 2654; x_wconf 77' lang='lat'><strong>8.=</strong></span> <span class='ocrx_word' id='word_1_762' title='bbox 1729 2627 1862 2652; x_wconf 71' lang='lat' dir='ltr'><strong>exeiminn</strong></span> <span class='ocrx_word' id='word_1_763' title='bbox 1880 2627 1964 2659; x_wconf 69' lang='lat' dir='ltr'><strong>(noia)</strong></span> 
     </span>
    </p>
   </div>
  </div>
 </body>
</html>
