2366 2958
100 153 165 184 2⁷7
472 149 510 182 ll.

553 148 782 182 APOLOGlA
804 148 1123 182 CONFESSlONlS
1146 146 1464 181 AUGUSTANAE.
1509 147 1551 179 A.
1596 145 1738 180 PRIOR.

2043 147 2110 181 2⁷8

100 244 276 283 voluimus,
300 245 372 283 (sol.
396 245 445 283 2⁶)
469 249 504 275 vt
525 241 698 284 vulgarem
721 242 960 281 definitionem,
990 253 1075 284 quae
1098 243 1103 280 l
1126 242 1282 273 membris
1309 242 1460 283 corporis
1492 247 1562 279 est,
1596 241 1734 273 remissa
1768 247 1820 272 est
1852 242 2107 281 regeneratione

100 289 310 320 subobscura
340 294 410 326 est,
442 288 745 327 interpretaremur.
791 287 848 318 Sic
878 287 962 317 enim
993 285 1075 317 alias

100 331 276 365 definiunt,
298 337 472 371 peccatum
501 329 639 371 originis
669 338 746 360 esse
780 329 960 361 carentiam
987 328 1075 360 iusti-

100 375 165 405 tiae
188 373 371 415 originalis.
415 373 486 404 Nos
508 378 620 413 partes
643 382 871 409 numeramus,
895 372 1015 402 deesse
1038 371 1076 402 ti-

99 426 225 448 morem
259 416 337 454 Dei,
371 416 491 447 deesse
525 415 678 446 fiduciam
710 423 792 456 erga
820 413 938 445 Deum.
994 414 1077 444 Nam

99 459 230 490 iusticia
264 457 434 500 originalis
468 457 551 489 baec
582 458 669 489 dona
701 458 734 488 111
764 457 980 488 nascentibus
1006 463 1078 488 erat

99 500 252 539 allatura,
277 502 425 532 timorem
449 499 511 533 Dei
536 506 567 531 et
591 500 743 531 fiduciam
772 509 853 541 erga
875 499 992 530 Deum.
1037 499 1078 530 Et

99 544 162 576 has
184 550 296 585 partes
317 544 392 575 ideo
414 544 511 574 etiam
535 543 881 576 commemorauimus,
905 543 981 583 quia
1004 551 1077 573 cum

99 586 156 628 alij
180 588 221 617 de
245 592 384 627 peccato
407 584 560 627 originali
589 585 785 626 loquuntur,
809 591 934 616 tantum
963 594 1077 616 recen-

99 635 174 660 sent
198 630 426 660 crassissimas
450 629 646 669 cupiditates
677 633 793 658 contra
821 628 1000 658 secundam
1031 633 1078 658 ta-

99 670 230 710 bulam,
266 671 340 703 Non
376 678 551 703 recensent
578 669 634 701 illa
671 670 746 701 vitia
781 676 916 701 naturae
950 671 1077 711 peiora,

99 715 266 756 quomodo
290 714 426 746 haereat
447 715 480 745 in
501 721 618 745 natura
642 719 851 754 contemptus
881 712 964 751 Dei,
994 712 1078 744 diffi-

100 759 211 789 dentia
245 767 326 799 erga
359 756 466 788 Deum
501 763 533 788 et
566 755 691 787 similes
725 762 839 797 pestes
873 754 1075 797 spirituales,

99 800 191 832 Haec
220 801 252 831 in
281 799 409 832 scholis
439 810 504 831 non
537 800 716 840 attingunt,
748 798 879 829 lnterim
910 797 1078 840 pueriliter

99 843 279 884 disputant,
302 849 407 874 vtrum
430 842 536 874 fomes
560 842 602 872 sit
623 840 765 882 qualitas
783 842 946 882 corporis,
971 847 1078 872 vtrum

99 886 298 928 contagione
321 887 408 927 pomi
432 891 601 917 contracta
623 885 678 922 sit,
699 894 741 915 an
764 884 880 915 afflatu
901 886 1076 925 serpentis.

187 945 284 980 Quod
318 956 399 977 vero
428 945 553 977 addunt
587 944 699 982 etiarn,
733 942 907 976 articulum
940 943 1077 975 Lutheri

101 988 290 1020 damnatum
320 998 415 1027 esse,
450 989 539 1030 quod
573 993 650 1028 post
680 987 876 1027 baptismum
910 993 1077 1018 remaneat

99 1037 273 1072 peccatum
301 1032 458 1073 originiS,
490 1041 556 1062 non
590 1031 782 1061 necessaria
816 1029 983 1061 cauillatio
1015 1036 1076 1061 est.

101 1075 217 1106 Sciunt
247 1074 331 1105 enim
360 1080 450 1105 recte
480 1074 637 1104 docuisse
664 1073 861 1111 Lutherum,
891 1074 979 1114 quod
1008 1083 1078 1104 rea-

100 1123 154 1148 tus
178 1115 308 1148 solutus
331 1116 373 1147 sit
396 1127 456 1157 per
485 1116 697 1157 baptismum,
728 1116 826 1147 etiam
855 1117 883 1147 si
906 1115 1077 1147 materiale

101 1165 137 1191 vt
160 1168 282 1191 vocant
304 1160 431 1200 peccati
456 1165 596 1190 maneat.
613 1160 643 1196 ⁷)
689 1158 761 1190 Hoc
790 1157 955 1190 Lutherus
981 1169 1076 1190 secu-

100 1209 154 1234 tus
179 1203 362 1244 scripturas
387 1209 418 1233 et
442 1208 540 1233 vocat
563 1201 635 1239 (fol.
659 1202 706 1238 3³)
730 1201 935 1243 Augustinus
959 1212 1076 1243 pecca-

100 1251 180 1277 tum.
196 1247 228 1278 Β)
259 1245 324 1287 Alij
348 1244 494 1276 fomitem
512 1251 635 1276 vocant
657 1253 690 1276 et
713 1245 878 1275 somniant
896 1246 985 1276 iuxta
1008 1244 1078 1285 phi-

99 1286 292 1329 losophicas
316 1288 501 1329 opinioneS,
525 1293 675 1318 naturam
698 1286 857 1325 hominis,
882 1288 978 1318 etiam
1002 1288 1029 1318 si
1046 1290 1077 1322 ⁹)

99 1330 227 1362 infirma
251 1330 305 1369 sit,
329 1336 436 1362 tamen
457 1331 526 1361 suis
550 1331 675 1361 viribus
700 1340 801 1370 posse
829 1331 978 1361 timorem
1003 1330 1076 1368 Dei,

99 1374 254 1405 fiduciam
293 1384 376 1416 erga
410 1373 518 1404 Deum
552 1379 584 1404 et
617 1371 740 1404 similes
782 1379 890 1404 motus
930 1371 1077 1404 efficere.

100 1415 305 1458 Cupiditates
329 1415 498 1447 naturales
520 1414 673 1447 fecerunt
696 1425 751 1447 res
779 1416 916 1446 medias.
936 1418 985 1454 ¹⁰)
1030 1415 1077 1445 lta

99 1457 293 1492 scholastici
331 1459 536 1490 retinuerunt
571 1468 691 1490 nomen
731 1459 861 1499 peccati
895 1457 1078 1500 originalis,

99 1513 168 1534 rem
191 1512 259 1545 uon
285 1503 368 1534 satis
398 1500 666 1543 explicauerunt,
695 1500 773 1533 ldeo
808 1510 892 1542 opus
926 1499 987 1533 fuit
1014 1501 1078 1532 Lu-

100 1544 194 1577 thero
218 1555 397 1586 exponere,
417 1545 494 1586 quid
517 1545 559 1576 sit
582 1551 757 1586 peccatum
775 1544 924 1586 originis,
943 1549 975 1576 et
998 1554 1078 1586 quo-

100 1589 199 1620 modo
222 1595 336 1619 reatus
358 1586 506 1625 tollatur,
530 1594 561 1618 et
584 1587 717 1628 incipiat
740 1587 930 1618 mortificari
960 1597 1079 1628 pecca·

100 1636 168 1663 tum
196 1640 256 1672 per
284 1632 434 1672 spiritum
461 1636 621 1662 sanctum.
671 1629 712 1661 Et
741 1636 850 1661 tamen
877 1640 945 1661 non
969 1631 1078 1662 statim

99 1683 239 1716 prorsus
270 1675 440 1706 eximatur.
487 1673 529 1705 Et
555 1673 619 1704 has
650 1671 808 1715 reliquias
838 1674 967 1714 peccati
998 1673 1079 1704 scri-

101 1723 201 1758 ptura
224 1724 322 1748 vocat
344 1723 528 1758 peccatum,
551 1715 676 1748 Paulus
705 1717 790 1747 enirn
820 1717 943 1758 inquit,
973 1715 1079 1756 Capti-

100 1765 234 1791 uantem
256 1769 309 1791 me
330 1760 363 1791 in
386 1758 462 1802 lege
479 1761 530 1797 ¹¹)
551 1758 688 1800 peccati.
733 1758 776 1790 Et
798 1759 849 1791 sic
871 1760 1079 1801 Augustinus

100 1812 203 1844 saepe
225 1801 382 1843 loquitur.
427 1803 534 1844 Inquit
553 1803 638 1833 enim
663 1809 779 1833 contra
801 1800 973 1839 lulianum,
998 1801 1080 1833 Pec-

102 1851 209 1877 catum
231 1846 405 1877 remittitur
426 1846 459 1877 in
484 1845 663 1886 baptismo,
691 1855 757 1876 non
781 1851 816 1876 vt
838 1855 904 1877 non
928 1845 988 1883 sit,
1020 1845 1080 1876 sed

101 1895 138 1921 vt
159 1898 226 1920 non
248 1889 435 1930 imputetur.
454 1890 505 1930 12)
550 1888 638 1920 Item.
662 1887 733 1919 Lex
762 1889 909 1930 peccati,
932 1897 1018 1930 quae
1048 1889 1080 1919 in

120 2053 150 2085 ’1)
169 2051 293 2084 maneat]
312 2052 349 2076 sic
367 2053 439 2076 etiam
459 2051 578 2082 Guelf„
596 2059 655 2076 non:
679 2056 827 2082 remaneat,
850 2055 876 2076 ue
903 2052 1030 2077 Foerst.
1056 2053 1082 2076 in

171 2095 216 2111 sua
235 2085 284 2111 Ed.
304 2086 367 2111 male
385 2085 489 2111 exhibet.

120 2130 150 2161 8)
169 2133 271 2154 secutus
295 2130 435 2160 scripturas
460 2134 485 2152 et
508 2133 585 2152 vocat
609 2129 676 2160 Aug.
701 2129 855 2161 peccatum]
883 2130 919 2154 sic
942 2129 1031 2161 Spal.
1056 2132 1081 2154 in

145 2186 148 2187 ⁷
172 2163 276 2188 Guelf.
295 2164 403 2196 scripsit,
428 2171 491 2195 quae
514 2163 586 2187 Mel.
617 2163 704 2188 deinde
729 2163 817 2188 delevit
842 2168 864 2188 et
883 2172 931 2196 pro
956 2165 989 2188 iis
1013 2165 1081 2196 iry‘rcr

171 2199 284 2231 scripsit:
303 2203 379 2222 vocat
397 2203 546 2229 peecatum,
570 2198 606 2221 sic
632 2199 699 2222 enim
726 2198 866 2229 loquuntur
885 2202 910 2222 et
928 2200 1084 2230 scripturae,

172 2237 197 2256 et
223 2234 393 2264 Augustinus.
436 2232 509 2256 Hanc
537 2232 640 2256 alteram
669 2233 791 2257 lectionem
815 2234 889 2257 etiam
914 2232 1035 2258 Onold.
1060 2237 1081 2259 et

173 2267 286 2298 Chytr,
306 2266 402 2292 hubent.

120 2309 150 2342 9)
169 2311 245 2334 etiam
263 2309 296 2343 si]
315 2311 352 2335 sic
370 2309 491 2340 Guelf„
511 2309 644 2339 Onold.;
665 2309 793 2340 Chytr.:
813 2311 860 2335 etsi

105 2353 150 2385 10)
170 2352 330 2384 Cupiditates
361 2354 491 2377 naturales
523 2353 640 2377 fecerunt
673 2360 712 2376 res
740 2353 860 2386 medias]
888 2355 924 2378 eie
955 2353 1002 2378 Gn
1011 2354 1081 2384 elf.;

174 2387 307 2412 Onold.t
336 2388 496 2419 Cupiditates
523 2388 639 2411 fecerunt
667 2395 707 2411 res
736 2388 843 2411 medias.
886 2388 1015 2420 Chytr.:
1049 2390 1082 2413 Et

174 2423 244 2453 quia.
263 2423 360 2446 omisso
380 2422 539 2453 Euangeho,
563 2423 731 2446 Aristotelem
755 2423 782 2445 in
806 2421 951 2447 Ecclesiam
975 2424 1081 2448 inuexe-

175 2461 242 2485 runt,
262 2457 305 2488 qui
325 2457 414 2481 scribit
431 2457 538 2481 affectus
557 2465 599 2480 res
618 2458 716 2480 medias
736 2464 805 2485 esse,
825 2457 856 2480 de
874 2457 967 2482 fomite
992 2459 1082 2483 simili-

174 2495 214 2514 ter
232 2491 390 2521 iudicarunt,
409 2499 462 2515 rem
481 2492 593 2515 mediam
613 2499 677 2516 esse.

107 2533 152 2565 11)
172 2535 198 2558 in
217 2533 286 2566 lege]
306 2534 342 2558 sic
360 2533 714 2566 Gnelf.;on01d.:1ege

108 2575 153 2607 12)
171 2575 206 2599 Et
233 2576 279 2600 has
307 2576 428 2608 reliquias
457 2578 556 2609 peccati
586 2591 616 2596 -
646 2592 676 2596 -—
702 2585 754 2601 nou
782 2577 941 2610 imputetur-‚1
971 2577 1031 2604 haec
1057 2579 1084 2602 in

176 2610 291 2641 Chytr.
311 2611 406 2636 desunt.

1128 283 1300 325 spirituali,
1324 292 1355 316 et
1376 291 1486 316 manet
1507 285 1540 315 in
1564 294 1665 316 carne
1688 283 1830 321 mortali,
1852 281 2014 321 Remissa,
2029 286 2107 326 quia

1127 333 1241 358 reatus
1273 327 1405 359 solutus
1435 335 1486 359 est
1520 333 1747 364 sacramento,
1785 337 1850 368 quo
1886 334 2107 358 renascuntur

1128 368 1256 401 fideles.
1308 369 1359 400 Ex
1393 370 1444 400 his
1474 369 1570 401 facile
1598 370 1776 410 perspiciet
1795 372 1844 407 ¹³)
1880 370 1976 401 Caes.
2001 369 2107 407 Mam,

1129 422 1193 443 nos
1222 413 1263 443 de
1291 418 1430 453 peccato
1454 413 1589 453 originis
1622 422 1760 453 prorsus
1794 413 1879 443 idem
1914 413 2037 443 sentire
2066 422 2107 443 ac

1129 456 1262 492 docere,
1286 455 1374 496 quod
1398 455 1573 486 Catholioa
1598 454 1749 487 Ecclesia
1772 456 1882 486 sentit.

1221 500 1270 534 ¹⁴)
1284 498 1358 535 (sol.
1388 497 1437 534 3¹³)
1471 498 1504 527 ln
1537 503 1654 538 quarto
1684 504 1716 529 et
1744 504 1840 529 sexto
1860 500 1909 535 ¹⁵)
1941 498 2107 528 adduntur

1129 539 1280 581 prolixae
1302 541 1540 581 disputationes
1564 541 1604 571 de
1629 542 1761 578 merito,
1782 540 1897 581 Neque
1921 546 2030 571 tamen
2053 549 2108 571 sa·

1129 584 1171 614 tis
1190 581 1387 624 explicatur,
1411 588 1573 624 quatenus
1598 593 1700 623 opera
1728 583 1895 614 hominum
1923 583 1988 614 sint
2011 583 2108 613 meri-

1127 626 1222 656 toria.
1268 625 1366 660 Quod
1390 625 1444 666 qui
1468 635 1534 656 non
1565 624 1749 666 explicant,
1780 627 1851 657 istis
1881 625 2035 657 laudibus
2053 627 2107 662 16)

1129 669 1312 699 obscurant
1335 669 1518 699 doctrinam
1537 669 1577 699 de
1600 669 1723 699 iustitia
1747 668 1838 705 fidei,
1858 679 1943 709 quae
1967 669 2107 699 maxime

1129 712 1323 742 necessaria
1346 721 1396 743 est
1420 711 1483 752 pijs
1508 717 1541 742 et
1564 721 1660 752 quam
1683 713 1823 742 maxime
1847 717 1977 752 oportet
2000 712 2031 741 in
2047 710 2108 741 Ec·

1130 752 1235 785 clesia
1257 764 1399 795 regnare
1419 761 1449 784 et
1472 754 1666 794 praedicari.

1218 797 1322 827 Porro
1340 799 1391 836 17)
1419 797 1516 828 8113111
1539 797 1567 827 51
1591 806 1694 837 opera
1717 804 1831 827 essent
1853 797 2036 834 meritoria,
2060 802 2108 827 ta-

1130 849 1203 870 men
1225 838 1386 870 articulus
1410 846 1524 871 noster
1547 846 1639 870 reete
1662 846 1694 869 et
1708 839 1869 870 catholice
1894 840 2021 880 positus
2046 845 2109 878 est,

1129 883 1217 923 quod
1252 892 1318 913 11011
1358 883 1538 914 debeamus
1578 882 1747 914 confidere
1781 883 1937 923 operibus
1971 882 2108 918 nostris,

1129 926 1190 956 sed
1213 926 1396 963 1118111015)
1420 932 1452 957 et
1476 926 1621 967 gratuita
1634 925 1854 965 promissione
1869 924 2002 956 Christi.
2036 924 2110 955 Hoc

1130 968 1274 999 continet
1297 967 1455 1000 articulus
1479 974 1603 999 noster.
1652 967 1690 998 Et
1719 968 1752 998 id
1782 967 1878 998 fateri
1908 977 2022 998 omnes
2055 977 2109 997 ca-

1129 1009 1274 1042 tholicos
1294 1018 1433 1052 oportet.
1478 1012 1535 1043 Sic
1559 1017 1592 1042 et
1614 1011 1824 1052 Augustinus
1848 1012 2009 1051 loquitur,
2034 1010 2110 1040 Non

1129 1055 1254 1085 meritis
1277 1055 1402 1085 nostris
1430 1053 1525 1086 Deus
1547 1063 1611 1085 nos
1635 1055 1678 1084 ad
1705 1060 1874 1084 aeternam
1904 1055 2020 1090 vitam,
2049 1052 2112 1083 5811

1129 1107 1190 1137 pro
1213 1107 1275 1128 5113
1297 1098 1508 1128 miseratione
1526 1097 1686 1138 perducit.
1721 1095 1763 1127 Et
1778 1095 1929 1127 Psalmus
1953 1097 2009 1133 ait,
2034 1095 2111 1126 Non

1130 1140 1266 1170 intrabis
1290 1140 1322 1170 in
1346 1140 1499 1172 iudicium
1524 1150 1598 1171 cum
1623 1150 1722 1170 servo
1743 1145 1809 1175 tuo,
1829 1140 1905 1180 quia
1927 1149 1993 1170 uon
2017 1139 2110 1169 iusti·

1129 1181 1281 1213 ficabitur
1303 1183 1334 1213 111
1354 1188 1537 1224 conspectu
1560 1190 1616 1213 tuo
1641 1184 1745 1213 omnis
1766 1183 1892 1213 viuens.
1928 1181 1976 1212 lta
1997 1188 2112 1212 noster

1129 1225 1290 1257 articulus
1308 1226 1460 1257 fiduciam
1481 1236 1619 1265 operum
1638 1232 1830 1256 nostrorum
1849 1227 1992 1261 damnat,
2012 1234 2113 1264 quam

1130 1278 1262 1309 semper
1285 1267 1460 1300 Catholica
1483 1268 1637 1300 Ecclesia
1660 1268 1838 1299 damnauit.

1217 1310 1302 1346 Quid
1332 1319 1442 1343 autem
1472 1312 1663 1343 iudicabunt
1692 1310 1860 1347 homines,
1891 1311 1918 1340 51
1950 1309 2112 1350 prodierit

1130 1354 1161 1385 in
1185 1353 1352 1394 publicum
1375 1355 1600 1395 interpretatio
1626 1355 1808 1385 sententiae
1837 1352 1982 1384 Christi?
2029 1351 2114 1384 Cum

1129 1395 1276 1427 feceritis
1300 1398 1419 1434 onmia,
1442 1398 1556 1434 dicite,
1580 1397 1670 1428 serui
1692 1395 1824 1428 inutiles
1855 1405 1981 1427 sumus,
2028 1395 2114 1426 Nam

1130 1438 1216 1469 hanc
1249 1439 1552 1481 interpretationem
1594 1439 1670 1478 (fol.
1711 1440 1776 1477 16³)
1817 1439 2017 1471 affinxerunt
2059 1438 2113 1469 isti

1130 1482 1324 1523 scriptores,
1349 1483 1437 1524 quod
1461 1493 1563 1523 opera
1581 1489 1698 1514 nostra
1721 1482 1795 1514 Deo
1820 1482 1950 1523 quidem
1974 1482 2041 1512 sint
2064 1482 2113 1512 in·

1129 1524 1234 1562 utilia,
1257 1526 1354 1557 nobis
1377 1532 1487 1557 autem
1510 1526 1576 1557 sint
1599 1524 1699 1556 vtilia.

1217 1567 1323 1603 Quam
1346 1567 1447 1600 multa
1478 1569 1533 1600 hic
1563 1569 1626 1599 dici
1654 1573 1795 1608 possent
1825 1567 1867 1598 de
1896 1567 1960 1599 hac
1990 1566 2113 1609 frigida

1133 1612 1359 1652 expositione,
1399 1612 1462 1643 nisi
1499 1611 1613 1644 caesae
1647 1610 1733 1642 Matis
1771 1611 1933 1641 rationem
1974 1610 2113 1641 habere·

1134 1665 1219 1692 mus,
1243 1655 1338 1686 cuius
1360 1653 1488 1686 titulum
1513 1665 1586 1687 curn
1616 1659 1730 1686 essent
1752 1653 1828 1684 huic
1856 1654 1948 1694 operi
1972 1654 2114 1695 scripto-

1133 1707 1188 1729 res
1209 1698 1363 1737 addituri,
1387 1698 1551 1730 debebant
1574 1707 1650 1729 esse
1675 1696 1913 1738 diligentiores.

1221 1739 1374 1773 Christus
1397 1741 1430 1772 in
1453 1739 1510 1772 illa
1539 1739 1750 1772 similitudine
1777 1740 1865 1780 apud
1890 1739 2018 1770 Lucam
2047 1737 2114 1771 hoc

1134 1783 1242 1820 docet,
1266 1785 1355 1825 quod
1377 1784 1465 1815 sicut
1496 1793 1615 1815 seruus
1639 1793 1706 1814 non
1736 1783 1906 1814 constituit
1936 1781 2114 1812 Dominum

1134 1827 1334 1864 debitorem,
1359 1828 1402 1858 ita
1427 1837 1535 1869 neque
1565 1837 1627 1858 nos
1657 1827 1824 1866 possimus
1855 1824 1964 1856 Deum
1993 1825 2114 1855 consti-

1134 1874 1226 1901 tuere
1260 1870 1452 1902 debitorem.
1509 1870 1587 1901 ldeo
1620 1870 1728 1903 iubet,
1762 1875 1798 1900 vt
1832 1878 1893 1899 nos
1934 1868 2115 1899 sentiamus

1134 1921 1212 1944 esse
1242 1923 1377 1950 5811105,
1411 1913 1509 1945 8113111
1544 1923 1618 1944 811111
1647 1912 1757 1943 01111113
1791 1910 1940 1942 fecimus
1987 1910 2028 1941 Et
2059 1910 2116 1941 ad·

1135 1955 1182 1987 dit
1199 1957 1250 1993 ¹⁹)
1273 1956 1417 1995 inutiles,
1441 1956 1529 1998 quod
1552 1955 1748 1997 intelligenti
1772 1961 1921 1986 naturam
1950 1954 2116 1985 sermonis

1138 2112 1182 2144 13)
1202 2112 1350 2144 perspiciet]
1371 2112 1488 2136 Onold.
1508 2112 1583 2136 male:
1604 2111 1744 2142 prospiciet

1137 2156 1182 2183 14)
1201 2154 1230 2178 In
1250 2155 1360 2187 Chytr.
1380 2156 1504 2187 sequentia
1522 2158 1576 2178 sunt
1593 2155 1727 2187 inser-spru:
1747 2153 1787 2176 De
1806 2152 1864 2176 1111.
1885 2157 1909 2175 et
1921 2152 1965 2176 VI.
1986 2152 2116 2176 Articulo.

1137 2198 1182 2230 15)
1202 2199 1290 2230 sexto]
1309 2198 1417 2230 Chytr.
1438 2197 1521 2222 addit:
1541 2198 1650 2221 articulo

1138 2240 1182 2274 16)
1201 2242 1258 2266 istis
1277 2242 1408 2273 laudibus]
1427 2241 1463 2266 hia
1482 2241 1556 2265 Mel.
1575 2242 1601 2264 in
1620 2240 1731 2272 margine
1750 2247 1795 2263 sua
1819 2246 1891 2262 manu
1916 2237 2026 2261 addidit:
2052 2245 2117 2269 ope-

1204 2283 1259 2299 rum
1279 2283 1397 2307 prorsus,
1416 2284 1478 2308 quae
1495 2275 1570 2301 verba
1589 2274 1707 2300 Onold.
1734 2277 1755 2299 et
1776 2273 1887 2304 Chytr.
1912 2271 1934 2296 11.
1959 2272 1974 2299 Ι.
1998 2273 2023 2295 in
2047 2275 2117 2297 textu

1205 2309 1325 2335 exhibent.

1139 2353 1182 2385 17)
1201 2353 1296 2386 Porro]
1318 2353 1355 2378 Ab
1374 2352 1420 2377 lmc
1438 2361 1495 2378 voce
1513 2353 1599 2385 incipit
1619 2352 1698 2379 locun,
1718 2351 1752 2375 nd
1776 2359 1843 2382 quem
1870 2350 1963 2380 lonfior
1986 2349 2117 2373 Melan-

1204 2388 1236 2411 th
1246 2395 1261 2411 o
1270 2390 1299 2412 ni
1309 2396 1320 2410 5
1338 2389 1483 2413 retractatio
1499 2388 1614 2420 pertinet,
1628 2394 1689 2418 quae
1702 2386 1769 2416 infra
1782 2385 1875 2409 uncinis
1888 2384 1983 2408 inclusa
2001 2383 2116 2410 addetur.

1138 2431 1182 2463 18)
1202 2431 1305 2463 merito]
1325 2430 1387 2456 hwc
1398 2432 1508 2463 for-mrim
1527 2431 1597 2455 Mel.
1619 2429 1720 2452 mutavit
1740 2429 1780 2451 in:
1799 2427 1896 2451 meritis

1137 2474 1182 2505 19)
1201 2473 1235 2497 Ε1
1255 2473 1338 2507 addit]
1358 2474 1418 2499 baec
1436 2474 1506 2498 Mel.
1528 2475 1552 2497 in
1570 2471 1740 2504 Spalatini
1761 2469 1903 2502 npoqrnpho
1923 2470 2009 2495 delevit
2029 2475 2051 2495 et
2068 2477 2116 2502 pro

1205 2509 1238 2533 iia
1256 2509 1282 2533 in
1299 2510 1410 2541 margine
1428 2509 1541 2541 scripsit:
1560 2508 1649 2539 Itaque
1669 2513 1724 2530 cum
1744 2506 1806 2528 deus
1833 2504 1920 2537 [nihil]
1946 2512 1998 2530 non
2021 2506 2055 2528 sit
2073 2505 2118 2528 de-

1204 2544 1282 2573 bitor,
1301 2543 1403 2576 [opera]
1423 2551 1474 2567 non
1494 2542 1619 2575 [possuntl
1642 2547 1773 2573 possumus
1793 2540 1915 2571 gloriari,
1939 2540 2009 2571 quod
2037 2546 2117 2570 opera

1205 2577 1282 2610 [siut]
1303 2583 1391 2602 nostra
1409 2579 1462 2602 sint
1479 2577 1619 2601 meritoria.
1657 2575 1739 2599 Addit
1756 2579 1856 2604 autem,
1879 2573 1972 2604 Verba,
1991 2582 2055 2606 quae
2073 2581 2116 2597 un-

1205 2613 1268 2636 cinis
1286 2613 1382 2641 inclusi,
1402 2611 1474 2636 Mel.
1489 2612 1594 2644 primum
1612 2611 1720 2642 scr-ipsit,
1739 2608 1783 2634 sed
1800 2617 1829 2633 ea
1847 2609 1914 2632 illico
1933 2609 2028 2634 de'evit.

1859 2659 1909 2684 18·
