2366 2958
90 160 157 192 429
431 158 469 188 ll.

90 251 230 284 formale
252 251 382 293 peccati
403 250 551 292 originis,
574 260 637 281 nec
660 249 808 282 desectus
825 258 910 291 quos
933 255 1066 287 vocant,

91 300 182 327 recte
204 305 245 326 ac
273 292 456 325 Dialectiee
484 293 675 333 expediunt.
720 293 788 323 Sed
817 302 880 323 nos
904 291 968 322 hoc
991 290 1067 323 loco

90 336 256 369 noluimus
286 338 424 368 istorum
455 335 544 366 rixas
579 336 674 366 nimis
708 334 870 366 subtiliter
898 339 1066 372 excutere,

90 379 233 412 Tantum
266 379 468 411 sentenciam
496 385 688 409 sanctorum
718 378 869 416 Pati-um,
904 387 1002 419 quam
1035 382 1068 407 et

90 433 154 455 nos
177 423 344 463 sequimur
367 422 595 452 communibus
620 428 651 451 et
673 421 758 452 notis
783 420 895 451 verbis
914 419 1066 451 duximus

92 475 170 497 esse
192 465 406 496 recitandam.

176 519 320 550 Tertium
343 517 514 549 articulum
538 519 679 558 probant
708 516 911 557 aduersarii,
937 517 970 547 in
999 525 1065 557 quo

90 562 287 594 confitemur
308 561 392 592 duas
418 562 449 592 in
481 561 615 592 Christo
645 568 798 597 naturas,
827 557 981 590 videlicet
1009 568 1066 589 na-

90 610 198 636 turam
226 603 402 635 humanam
431 610 635 644 assumptam
664 614 683 634 a
714 603 819 633 verbo
849 603 881 632 in
908 602 1066 633 vnitatem
1089 628 1094 638 ,

89 657 255 688 personae
277 656 368 678 suae.
414 646 455 677 Et
479 646 564 687 quod
588 646 673 676 idem
697 643 848 675 Christus
878 654 999 685 passus
1023 644 1064 674 sit

89 699 130 720 ac
154 696 322 727 mortuus,
350 695 384 720 vt
408 687 638 719 reconciliaret
668 688 762 718 nobis
792 694 937 728 patrem,
961 693 993 718 et
1015 697 1065 717 re-

88 733 270 763 suscitatus
301 738 336 762 vt
365 739 499 773 regnet,
534 729 703 767 iustificet,
734 737 765 760 et
789 729 975 761 sanctificet
998 739 1064 760 cre-

89 774 206 805 dentes
231 780 293 805 etc.
316 775 406 805 iuxta
428 772 621 814 Symbolum
646 771 886 813 Apostolorum
915 778 947 803 et
972 772 1065 813 Sym-

88 815 200 848 bolum
222 817 394 849 Nicenum.

321 934 383 964 DE
418 931 837 963 lVS'l'lFlCATlONE.

515 156 744 189 APOLOfflA
771 155 1088 189 CONFESSIONlS
1111 154 1426 188 AUGUSTANAE.
1472 153 1511 186 Β.
1556 152 1746 185 ALTERA.

2030 153 2095 185 430

1119 249 1292 289 scripturis
1315 248 1481 291 leguntur.
1526 245 1579 278 De
1602 246 1799 285 ceremonijs
1824 252 1857 277 et
1883 245 2093 279 iudicialibus

1118 290 1249 332 legibus
1272 290 1371 322 Moisi
1394 292 1425 322 in
1449 289 1635 331 praesentia
1658 287 1737 320 nihil
1760 287 1933 330 loquimur.

1205 333 1255 364 Ex
1278 333 1329 364 his
1354 333 1537 372 aduersarij
1563 337 1697 365 sumunt
1714 330 1835 373 legem,
1855 331 1932 372 quia
1950 331 2094 364 humana

1118 375 1201 407 ratio
1225 375 1418 407 naturaliter
1439 374 1591 417 intelligit
1613 373 1724 415 aliquo
1752 374 1850 405 modo
1879 372 2006 416 legem,
2028 374 2094 406 Ha-

1119 420 1174 450 bet
1193 418 1278 449 enim
1296 418 1382 449 idem
1399 418 1554 449 iudicium
1572 417 1731 458 scriptum
1744 416 1900 448 diuinitus
1919 417 1952 447 in
1971 422 2092 455 mente,

1118 467 1151 492 et
1172 471 1233 501 per
1254 459 1363 501 legem
1385 466 1546 501 quaerunt
1569 460 1798 491 remissionem
1821 465 2035 500 peccatorum
2059 465 2092 491 et

1117 502 1393 535 iustificationem.
1437 501 1632 543 Decalogus
1655 508 1764 534 autem
1788 502 1924 543 requirit
1951 512 2018 533 non
2041 511 2094 533 so-

1117 545 1185 578 lum
1209 552 1346 576 externa
1369 554 1471 586 opera
1494 544 1621 582 ciuilia,
1644 554 1730 586 quae
1752 545 1836 575 ratio
1860 551 2028 586 vtcunque
2051 542 2093 576 es-

1117 588 1217 619 ficere
1240 593 1370 629 potest,
1401 588 1461 618 sed
1490 588 1586 618 etiam
1614 587 1750 628 requirit
1777 585 1843 618 alia
1865 586 1968 629 longe
1991 596 2095 628 supra

1117 632 1276 662 rationem
1299 630 1425 671 posita,
1450 628 1593 663 scilicet,
1618 639 1696 661 vere
1719 630 1834 661 timere
1855 628 1982 668 Deum,
2014 639 2095 662 vere

1117 673 1255 716 diligere
1279 672 1397 710 Deum,
1420 682 1499 703 vere
1520 673 1676 703 inuocare
1694 671 1814 710 Deum,
1832 682 1910 703 vere
1934 678 2093 711 statuere,

1117 717 1205 758 quod
1218 715 1311 748 Deus
1323 715 1487 753 exaudiat,
1498 720 1531 745 et
1543 720 1718 755 expectare
1727 713 1884 745 auxilium
1893 713 1957 746 Dei
1969 715 2001 746 in
2011 725 2095 746 mor-

1116 765 1160 796 te,
1174 761 1206 790 in
1217 759 1368 790 omnibus
1379 756 1628 795 afflictionibus,
1640 757 1781 798 denique
1793 757 1928 798 requirit
1942 758 2095 789 obedien-

1115 803 1193 833 tiam
1206 811 1286 843 erga
1298 801 1404 833 Deum
1416 801 1449 831 in
1461 806 1570 831 morte
1581 805 1614 831 et
1626 800 1778 830 omnihus
1789 798 2040 838 afflictionibus,
2052 809 2095 832 ne

1116 845 1178 876 has
1195 843 1374 885 fugiamus,
1390 849 1447 874 aut
1469 852 1673 879 auersemur,
1697 852 1770 873 cum
1783 841 1874 873 Deus
1886 841 2031 883 imponit.
2042 845 2094 881 20)

1204 887 1266 918 Hic
1290 884 1491 919 Scholastici
1514 885 1620 917 secuti
1640 883 1866 925 Philosophos
1889 891 2015 916 tantum
2039 886 2094 917 do-

1118 936 1193 961 cent
1212 930 1374 961 iusticiam
1396 928 1551 966 rationis,
1582 926 1753 963 videlicet,
1782 926 1892 958 ciuilia
1915 938 2034 967 opera,
2062 934 2095 959 et

1116 971 1291 1013 affingunt,
1315 972 1402 1013 quod
1426 972 1509 1002 ratio
1533 971 1604 1001 sine
1627 970 1744 1011 spiritu
1767 977 1886 1001 sancto
1915 971 2021 1010 possit
2045 971 2090 1001 di-

174 1019 209 1049 ln
231 1025 366 1060 quarto,
390 1019 521 1059 quinto,
545 1025 660 1055 sexto,
691 1024 721 1049 ct
750 1017 833 1048 infra
864 1019 895 1049 in
925 1017 1065 1049 articulo
1088 1005 1092 1046 l
1116 1014 1221 1056 ligere
1243 1014 1351 1046 Deum
1375 1024 1476 1054 supra
1491 1016 1543 1050 ²¹)
1567 1014 1686 1044 omnia.
1732 1011 1816 1043 Nam
1846 1012 1953 1044 donec
1981 1012 2094 1044 huma-

86 1072 141 1093 xx.
165 1062 320 1092 damnant
343 1071 405 1091 nos
428 1061 517 1101 quod
540 1061 697 1091 (locemus
721 1061 871 1091 homines
901 1071 969 1092 non
993 1072 1065 1101 pro·
1089 1052 1092 1097 l

85 1110 160 1145 pter
183 1113 243 1134 sua
266 1104 399 1141 merita,
422 1104 480 1134 sed
505 1105 608 1143 gratis
634 1110 766 1143 propter
789 1102 957 1134 Christum
988 1113 1065 1135 con·
1090 1100 1091 1105 ¹
1117 1101 1236 1132 dicium
1258 1098 1339 1136 Dei,
1364 1099 1490 1140 fingere
1513 1104 1642 1140 potest,
1667 1098 1756 1138 quod
1786 1096 1863 1129 velit
1888 1097 1996 1130 Deum
2025 1097 2094 1130 dili-

86 1147 180 1187 sequi
215 1147 443 1177 remissionem
479 1152 690 1187 peccatorum
726 1145 789 1176 side
822 1147 854 1177 in
885 1145 1064 1177 Christum.

86 1187 271 1229 Vtrumque
294 1189 377 1219 enim
397 1189 550 1219 damnant
576 1195 605 1218 ct
625 1189 713 1229 quod
733 1199 894 1229 negamus
914 1188 1064 1220 homines
1089 1226 1091 1234 Ι

87 1237 222 1272 propter
246 1241 307 1261 sua
330 1232 446 1261 merita
470 1232 628 1271 cova-„equi
652 1232 879 1262 remissionem
909 1237 1063 1272 peccato·
1088 1244 1091 1261 ·,

84 1283 168 1310 rum,
189 1280 221 1304 et
244 1274 331 1314 quod
353 1273 556 1304 affirmamus
580 1273 729 1304 homines
750 1274 814 1304 tide
837 1274 996 1315 consequi
1014 1284 1064 1305 re·

84 1316 276 1346 missionem
300 1323 527 1356 peccatorum.
552 1322 583 1347 et
607 1316 671 1346 lide
695 1317 726 1346 in
752 1316 919 1347 (flu-istum
949 1316 1062 1348 iustifi-
1087 1312 1089 1341 ’ἶ

83 1358 164 1389 cari.
210 1356 292 1389 Cum
316 1364 425 1389 autem
456 1360 488 1389 in
511 1358 575 1390 hac
605 1359 834 1389 controuersia
863 1358 1062 1400 praecipuus

82 1399 180 1432 locus
203 1401 376 1432 doctrinae
398 1400 607 1432 Christianae
629 1400 789 1442 agite'tur,
817 1402 871 1442 qui
895 1406 987 1432 recte
1013 1402 1063 1432 in·
1086 1407 1089 1444 Ι

82 1441 237 1474 tellectus
259 1441 401 1474 illustrat
424 1451 455 1474 et
480 1443 658 1485 amplificat
682 1444 841 1475 honorem
864 1442 1006 1481 Christi,
1029 1448 1063 1475 et
1085 1448 1088 1492 j

82 1485 178 1517 affert
200 1487 426 1517 necessariam
450 1491 483 1517 et
504 1488 702 1518 vberrimam
721 1485 983 1519 consolationem
996 1486 1061 1528 pijs
1085 1497 1088 1520 ι

83 1529 312 1570 conscientijs‚
335 1539 492 1570 rogamus
512 1536 546 1559 vt
571 1529 736 1560 Caesarea
761 1529 919 1561 Maiestas
946 1529 988 1560 de
1009 1539 1061 1560 re-
1084 1523 1087 1557 ἶ

83 1572 147 1602 bus
171 1572 271 1602 tantis
301 1570 480 1602 elementer
505 1582 567 1602 nos
598 1572 718 1603 audiat.
763 1572 846 1603 Nam
876 1572 1059 1611 aduersarij
1084 1578 1087 1602 ί

81 1623 156 1644 011111
175 1623 283 1655 neque
306 1614 383 1654 quid
406 1615 558 1645 remissio
588 1624 819 1655 peccaorum,
846 1624 954 1655 neque
982 1615 1061 1656 quid
1083 1624 1086 1653 j

80 1655 176 1694 fides,
198 1666 307 1697 neque
330 1656 408 1697 quid
432 1657 550 1698 gratia,
573 1667 681 1698 neque
704 1657 781 1697 quid
805 1657 937 1689 iusticia
948 1657 991 1688 sit
1013 1657 1060 1688 in—
1084 1679 1085 1701 ;

81 1698 246 1740 tessigant,
269 1699 389 1730 misere
417 1699 641 1730 contaminant
668 1698 758 1731 hunc
786 1698 912 1738 locum,
941 1705 976 1731 et
1003 1700 1060 1732 ob·
1083 1710 1085 1743 j

81 1748 218 1773 scurant
252 1739 392 1782 gloriam
424 1747 456 1772 et
488 1742 648 1773 beneficia
677 1742 818 1780 Christi,
853 1748 887 1774 et
920 1742 1060 1782 eripiunt

80 1784 144 1824 pijs
174 1783 389 1822 conscientiis
418 1785 607 1824 propositas
636 1785 668 1816 in
695 1784 826 1815 Christo
857 1784 1060 1816 consolatio-

79 1835 152 1857 nes.
205 1826 246 1857 Vt
281 1833 391 1857 autem
426 1834 457 1857 et
493 1828 690 1858 contin-mare
723 1826 967 1859 consessionem
1001 1838 1058 1859 no-

79 1874 196 1906 stram,
220 1875 254 1900 et
277 1867 402 1900 diluere
424 1880 463 1900 ea
486 1879 572 1910 quae
595 1871 779 1909 adnexam-ij
802 1871 960 1909 obiiciunt
983 1880 1058 1911 pos-

80 1911 196 1948 simus,
216 1914 265 1948 ι9)
295 1912 392 1942 inicio
416 1913 577 1953 quaedam
603 1913 783 1953 praefanda
807 1920 900 1951 sunt,
932 1919 965 1944 vt
987 1911 1057 1944 son·
1082 1900 1088 2101 Ι

80 1960 132 1987 tes
157 1954 328 1995 vti-iusque
351 1955 484 1995 generis
512 1956 700 1994 ‹loen-inae,
723 1962 755 1986 et
778 1956 1058 1995 aduersariorum,

80 2003 114 2028 et
134 2002 271 2027 nostrae
295 1997 455 2038 cognosci
479 1998 620 2038 possint.

166 2048 332 2082 Vniuersa
356 2053 518 2092 scriptura
541 2053 572 2082 in
602 2053 665 2083 hos
694 2053 779 2084 duos
807 2052 902 2085 locos
932 2055 1059 2093 praeci-

80 2104 166 2136 puos
197 2094 346 2125 distribui
376 2095 491 2131 debet,
527 2096 557 2125 in
592 2094 719 2136 legem,
750 2101 781 2126 et
807 2097 1057 2137 promissiones.

81 2136 175 2168 Alias
198 2137 284 2169 enim
303 2135 409 2178 legem
435 2137 550 2175 tradit,
573 2136 655 2168 alias
678 2139 775 2169 tradit
804 2140 1057 2179 promissionem

81 2179 122 2211 de
146 2179 291 2216 Christo,
315 2178 483 2217 videlicet,
512 2190 586 2211 cum
617 2186 673 2211 aut
706 2182 863 2221 promittit
891 2181 1057 2213 Christum

81 2228 256 2254 venturum
279 2232 364 2258 esse,
389 2229 421 2253 et
445 2221 621 2262 pollicetur
644 2229 779 2264 propter
796 2233 869 2255 eum
891 2225 1058 2256 remissio-

68 2272 156 2296 'nem
178 2271 403 2306 peccatorum,
427 2265 692 2297 iustificationem
710 2272 742 2296 et
755 2266 853 2297 vitam
876 2274 1057 2305 aeternam,
1083 2268 1086 2304 l

82 2313 138 2338 aut
162 2308 194 2337 in
216 2307 401 2350 Euangelio
422 2307 586 2340 Christus.
607 2314 781 2350 postquam
802 2312 964 2350 apparuit,
983 2321 1057 2352 pro·
1083 2312 1086 2336 ἱ

82 2350 177 2380 mittit
206 2351 435 2381 remissionem
465 2358 694 2390 peccatorum.
729 2351 991 2384 iustitie-ationem
1025 2359 1058 2383 et
1083 2367 1085 2388 ι

83 2393 182 2423 vitam
215 2398 390 2424 aeternam.
447 2393 616 2424 Voconius
650 2400 759 2424 autem
790 2392 895 2435 legem
927 2396 961 2426 in
993 2395 1057 2426 hac
1083 2400 1085 2411 ³

82 2434 309 2475 disputacione
331 2435 483 2477 decalogi
506 2444 703 2477 praecepta,
736 2437 923 2478 Vbicunque
944 2436 1002 2470 illa
1024 2439 1057 2469 in

1082 2510 1086 2550 ἱ

1083 2568 1086 2581 i

86 2595 130 2627 1⁹)
150 2597 296 2629 possimus,]
314 2597 362 2622 Ed.
383 2600 406 2621 4.
427 2602 477 2630 ryg).
499 2607 595 2624 errore:
615 2600 737 2629 posimus„

1117 1068 1180 1089 nus
1202 1058 1352 1095 animuS,
1379 1057 1515 1088 ociosus
1539 1063 1609 1092 est,
1637 1065 1701 1086 nec
1728 1055 1828 1086 sentit
1848 1055 1943 1089 iram,
1971 1062 2026 1086 aut
2049 1057 2094 1086 iu-

1116 1153 1213 1184 gere,
1247 1143 1335 1183 quod
1368 1141 1445 1173 velit
1479 1148 1614 1182 propter
1643 1140 1751 1171 Deum
1782 1140 1993 1172 benefacere.
2039 1142 2093 1172 Ad

1089 1195 1091 1212 ÷
1116 1185 1204 1217 hunc
1228 1185 1358 1216 modum
1383 1185 1506 1215 docent
1536 1183 1687 1214 homines
1719 1184 1835 1213 mereri
1862 1184 2093 1215 remissionem

1115 1234 1341 1269 peccatorum,
1365 1226 1516 1258 faciendo
1540 1227 1630 1267 quod
1653 1233 1704 1256 est
1734 1226 1765 1256 in
1792 1236 1846 1263 se,
1876 1225 1942 1257 hoc
1973 1234 2042 1265 est,
2064 1227 2093 1258 si

1115 1271 1198 1302 ratio
1224 1269 1341 1302 dolens
1371 1270 1412 1301 de
1440 1275 1598 1311 peccate,
1629 1268 1736 1299 eliciat
1765 1274 1875 1299 actum
1905 1268 2091 1300 dilectionis

1114 1313 1196 1351 Dei,
1225 1319 1282 1345 aut
1311 1314 1396 1344 bene
1423 1320 1578 1353 operetur
1604 1317 1738 1352 propter
1765 1309 1884 1342 Deum.
1936 1311 1978 1342 Et
2008 1311 2093 1343 haec

1087 1361 1089 1373 ”
1115 1357 1239 1397 opinio,
1262 1356 1339 1397 quia
1360 1353 1555 1386 naturaliter
1579 1353 1744 1385 blanditur
1774 1353 1960 1385 hominibus
1993 1365 2092 1396 pepe-

1113 1399 1156 1429 rit
1178 1404 1211 1430 et
1233 1398 1324 1430 auxit
1341 1397 1464 1429 multos
1487 1396 1596 1429 cultus
1620 1397 1651 1427 in
1676 1394 1846 1434 Ecclesia,
1876 1402 1955 1428 vota
1976 1396 2092 1429 Mona-

1113 1441 1208 1480 stica,
1231 1440 1368 1472 Abusus
1391 1440 1530 1477 Missae,
1555 1439 1596 1470 Et
1624 1439 1765 1470 subinde
1793 1438 1848 1480 alij
1868 1438 1954 1471 alios
1983 1439 2091 1472 cultus

1112 1489 1212 1525 atque
1239 1483 1492 1514 obseruationes
1522 1481 1586 1513 hac
1620 1482 1774 1523 opinione
1807 1483 2091 1524 excogitauerunt.

1112 1525 1155 1557 Et
1172 1531 1208 1558 vt
1230 1525 1383 1557 fiduciam
1406 1524 1518 1556 talium
1541 1535 1678 1566 operum
1706 1522 1833 1556 alerent
1861 1531 1960 1566 atque
1990 1535 2092 1568 auge-

1111 1575 1197 1607 rent,
1219 1567 1468 1600 affirmauerunt
1490 1567 1600 1599 Deum
1627 1568 1820 1599 necessario
1850 1568 1990 1609 gratiam
2013 1568 2092 1599 dare

1110 1613 1161 1643 sic
1182 1612 1345 1653 operanti,
1367 1611 1570 1643 necessitate
1592 1621 1659 1641 non
1684 1610 1880 1649 coactionis,
1898 1610 1959 1642 sed
1977 1611 2091 1642 immu-

1083 1659 1085 1668 ¹
1111 1653 1291 1686 tabilitatis.

1197 1697 1233 1728 ln
1251 1697 1317 1728 hac
1340 1696 1494 1738 opinione
1511 1695 1604 1727 multi
1623 1696 1734 1738 magni
1764 1701 1797 1727 et
1826 1696 2006 1736 perniciosi
2037 1706 2088 1728 er-

1083 1755 1085 1764 =
1110 1749 1206 1772 rores
1228 1739 1378 1777 haerent,
1398 1748 1481 1779 quos
1500 1738 1638 1780 longum
1657 1744 1750 1770 esset
1767 1748 1974 1770 enumerare.
2003 1737 2088 1770 Tan-

1111 1789 1176 1814 tum
1200 1781 1282 1813 illud
1305 1782 1430 1822 cogitet
1452 1782 1598 1821 prudens
1621 1780 1740 1819 lector,
1761 1781 1796 1812 Si
1815 1781 1899 1812 haec
1921 1787 1973 1812 est
1994 1782 2088 1813 iusti-

1111 1827 1162 1858 cia
1185 1824 1383 1858 Christiana,
1407 1824 1483 1865 quid
1507 1824 1644 1855 interest
1666 1824 1752 1855 inter
1773 1822 2034 1865 Philosophiam,
2056 1831 2090 1856 et

1111 1867 1233 1899 Christi
1257 1866 1462 1898 doctrinam?
1507 1865 1542 1898 Si
1566 1875 1728 1898 meremur
1757 1867 1985 1898 remissionem
2012 1876 2090 1908 pec-

1112 1916 1260 1942 catorum
1284 1909 1336 1940 his
1366 1909 1489 1940 nostris
1518 1910 1646 1940 actibus
1671 1907 1806 1947 elicitis,
1835 1910 1912 1950 quid
1942 1916 2091 1951 praestat

1111 1952 1288 1984 Christus?
1332 1953 1367 1983 Si
1390 1952 1560 1983 iustificari
1583 1961 1762 1994 possumus
1787 1962 1848 1993 per
1874 1952 2035 1984 rationem
2058 1959 2089 1984 et

1111 2005 1212 2037 opera
1230 1995 1385 2033 rationis,
1409 2004 1567 2036 quorsum
1598 2005 1682 2036 opus
1711 2001 1763 2025 est
1793 1992 1928 2026 Christo
1956 2001 2013 2027 aut
2040 2005 2090 2026 re-

1111 2038 1348 2080 generatione?
1394 2037 1435 2068 Et
1459 2048 1500 2069 ex
1528 2036 1580 2068 his
1609 2037 1818 2078 opinionibus
1847 2037 1911 2068 iam
1940 2047 1980 2068 eo
2014 2048 2090 2079 pro—

1109 2080 1206 2122 lapsa
1228 2091 1284 2112 res
1307 2088 1377 2118 est,
1401 2087 1435 2112 vt
1455 2078 1545 2111 multi
1567 2080 1725 2112 irrideant
1753 2089 1816 2111 nos
1847 2081 1901 2122 qui
1930 2081 2088 2112 docemus

1145 2125 1208 2155 iam
1226 2123 1389 2155 iusticiam
1410 2128 1543 2164 praeter
1570 2121 1837 2164 philosophicam
1867 2124 2089 2164 quaerendam

1111 2176 1199 2198 esse.
1243 2166 1440 2198 Audiuimus
1486 2166 1627 2197 uosdam
1650 2176 1710 2207 pro
1734 2165 1907 2204 concione,
1930 2164 2087 2207 ablegato

1109 2207 1306 2251 Euangelio,
1331 2209 1478 2241 Aristote
1495 2209 1522 2240 is
1546 2207 1656 2240 ethica
1687 2218 1853 2241 enarrare.
1899 2207 1969 2240 Nec
1998 2218 2087 2240 erra-

1110 2252 1192 2284 bant
1214 2252 1282 2290 isti,
1304 2252 1333 2282 si
1361 2262 1441 2283 vera
1468 2257 1546 2283 sunt
1575 2261 1661 2293 quae
1689 2249 1869 2282 defendunt
1892 2250 2086 2292 aduersarij.

1109 2294 1193 2326 Nam
1228 2294 1430 2326 Aristoteles
1465 2295 1506 2325 de
1540 2295 1686 2325 moribus
1718 2292 1869 2325 ciuilibus
1899 2293 1982 2325 adeo
2006 2295 2087 2325 scri-

1083 2344 1086 2362 ·
1110 2338 1176 2378 psit
1199 2338 1337 2374 erudite,
1362 2335 1442 2368 nihil
1472 2343 1507 2368 vt
1537 2337 1579 2368 de
1607 2336 1659 2367 his
1692 2336 1921 2379 requirendum
1949 2336 1992 2367 sit
2019 2347 2087 2368 am·

1109 2379 1207 2420 plius.
1252 2379 1413 2411 Videmus
1436 2386 1551 2411 extare
1578 2378 1728 2417 libellos,
1760 2379 1790 2409 in
1822 2379 1941 2419 quihus
1972 2377 2086 2410 confe-

1082 2427 1086 2468 Ι
1109 2429 1227 2473 runtur
1249 2423 1410 2464 quaedam
1434 2422 1520 2453 dicta
1537 2421 1673 2459 Christi,
1697 2432 1769 2452 cum
1794 2421 1958 2460 Socratis,
1982 2421 2086 2453 Zeno-

1110 2475 1162 2497 nis
1186 2471 1219 2496 et
1240 2465 1378 2497 aliorum
1410 2466 1523 2502 dictis,
1547 2465 1639 2505 quasi
1668 2464 1711 2495 ad
1742 2463 1807 2495 hoc
1837 2464 1963 2495 venerit
1992 2463 2085 2496 Chri-

1111 2558 1157 2587 20)
1176 2557 1308 2589 imponit.]
1327 2559 1364 2582 ’ἑο
1381 2558 1460 2581 Editt.
1482 2560 1503 2581 l.
1523 2559 1547 2581 2.
1566 2559 1606 2582 ·l.:
1627 2557 1675 2583 Ed.
1693 2558 1734 2582 3.;
1754 2559 1877 2590 imponat.

1083 2607 1087 2614 ¹
1111 2599 1158 2630 21)
1177 2600 1265 2631 supra]
1285 2601 1320 2624 nic
1339 2600 1417 2624 Editt.
1441 2600 1528 2628 1—3.;
1547 2600 1594 2624 Ed.
1614 2602 1650 2623 4.:
1671 2607 1746 2633 super
