2366 2958
217 219 286 251 559

217 314 291 346 Non
302 315 347 348 ⁵⁴)
372 311 454 343 satis
477 311 656 353 expendis,
691 316 814 352 quanta
838 319 893 341 res
917 310 960 341 sit
984 308 1132 352 Religio,
1165 310 1196 342 si

217 358 325 388 bonos
348 356 439 386 viros
468 353 586 386 leuiter
607 355 776 385 existimas
799 354 890 394 angi,
913 353 1019 384 sicubi
1038 354 1197 394 incipiunt

216 399 386 440 ambigere
415 399 455 429 (le
489 396 600 438 aliquo
632 398 797 438 dogmate.
846 395 886 427 Et
916 395 999 427 haec
1029 396 1196 427 dubitacio

218 453 283 474 non
313 448 423 482 potest
452 451 517 472 non
542 449 659 480 parere
688 449 847 470 summam
871 439 938 480 odij
968 440 1196 477 acerbitatem,

217 485 379 517 aduersus
402 482 497 520 illos,
526 483 580 524 qui
609 493 683 514 cum
708 482 830 513 mederi
860 481 1076 523 conscientijs
1099 482 1198 513 ‹lebe-

217 529 314 565 bant,
349 527 531 564 obsistunt,
567 535 632 566 quo
667 526 774 556 minus
808 523 964 565 explicari
992 535 1048 556 res
1079 526 1196 566 possit.

217 570 293 602 Non
322 570 376 600 1118
405 569 544 600 dicimus
569 568 629 598 Dei
657 567 809 599 iudicium
839 567 934 598 vobis
963 569 1196 608 pertimescen-

219 614 293 645 dum
318 622 410 649 esse,
445 611 528 642 Nam
553 610 619 641 1100
646 608 764 641 18111181
793 619 912 642 curare
935 609 1115 641 Pontifices
1139 621 1197 651 pu-

219 662 305 693 tant,
339 655 392 696 qni
416 664 490 685 cum
516 653 579 694 ipsi
605 658 738 684 teneant
760 651 893 690 claues,
922 651 1049 684 scilicet
1073 651 1198 694 patefa-

219 709 296 730 cere
318 698 380 729 sibi
403 694 548 734 coelum,
573 706 645 727 cum
670 695 800 734 volunt,
822 705 975 736 possunt.
1020 696 1073 727 De
1097 695 1198 728 homi-

217 752 294 773 num
328 740 476 781 iudicijs,
510 740 617 781 deque
651 740 759 770 tacitis
794 737 1018 770 voluntatibus
1053 739 1196 770 omnium

217 783 362 827 gentium
385 782 568 824 loquimur,
596 792 681 824 quae
706 780 858 823 profecto
881 781 946 813 hoc
974 787 1124 823 tempore
1149 791 1198 812 re-

218 828 366 869 quirunt,
400 834 433 856 vt
458 825 541 857 haec
566 826 706 866 negocia
728 826 772 856 ita
798 829 1065 866 cognoscantur,
1099 830 1199 866 atque

218 870 476 906 constituantur,
500 875 535 899 vt
558 875 717 899 sanentur
741 869 849 900 bonae
872 874 1018 905 menteS,
1042 873 1074 899 et
1097 877 1118 898 a
1141 867 1198 898 du-

217 913 382 945 bitacione
415 909 607 943 liberentur.
661 910 746 946 Quid
780 911 867 942 enim
899 909 1044 942 futurum
1074 910 1136 947 sit,
1169 910 1198 941 si

218 955 350 998 quando
374 955 594 995 eruperint⁵⁵)
618 954 693 985 odia
714 952 770 984 illa
788 953 950 984 aduersus
965 962 1040 991 voS‚
1063 963 1124 994 pro
1142 959 1199 984 tua

218 998 379 1040 sapientia
403 997 502 1028 facile
530 997 676 1029 iudicare
700 1002 808 1037 potes.
854 994 978 1027 Verum
1006 995 1073 1027 hoc
1099 997 1198 1027 bene-

218 1042 295 1074 ficio
319 1041 486 1072 deuincire
509 1049 625 1071 omnes
648 1045 766 1081 gentes
790 1039 885 1070 vobis
908 1039 1077 1080 poteritis,
1109 1038 1199 1080 quod

218 1094 334 1116 omnes
365 1084 436 1114 sani
466 1082 634 1120 homines,
668 1092 829 1113 summum
859 1088 892 1112 et
917 1082 1094 1114 maximum
1118 1081 1198 1112 iudi-

218 1134 312 1161 cant.
341 1127 368 1157 si
393 1127 579 1157 dubitantes
604 1125 828 1157 conscientias
851 1125 1061 1156 sanaueritis.
1106 1123 1199 1156 Haec

218 1181 283 1202 non
306 1164 353 1201 ’80
382 1170 521 1201 diximus
550 1169 638 1209 quod
667 1178 730 1199 nos
765 1168 807 1199 de
834 1173 950 1199 nostra
983 1166 1199 1199 confessione

218 1214 420 1247 dubitemus,
444 1211 575 1243 Scimus
598 1211 683 1242 enim
703 1221 775 1242 eam
798 1220 929 1248 veram,
952 1211 1057 1251 piam,
1079 1216 1113 1242 et
1133 1211 1198 1251 pijs

218 1256 436 1295 conscientiis
459 1253 569 1286 vtilem
593 1263 683 1291 esse,
729 1253 798 1285 Sed
822 1253 980 1285 credibile
1003 1259 1054 1285 est
1072 1254 1199 1295 passim

217 1298 339 1331 multos
363 1308 457 1337 esse,
487 1297 542 1339 qui
572 1306 639 1328 11011
667 1297 708 1327 de
730 1296 861 1328 leuibus
890 1298 992 1328 rebus
1015 1297 1199 1338 ambigunt,

218 1352 281 1375 nec
313 1348 423 1373 tamen
452 1341 588 1372 audiunt
617 1340 756 1371 idoneos
786 1339 956 1371 Doctores
990 1340 1046 1381 qui
1074 1340 1198 1371 mederi

219 1384 436 1426 conscientijs
460 1384 608 1425 ipsorum
631 1383 774 1424 possint.

303 1453 372 1484 Sed
390 1452 564 1483 redeamus
583 1451 624 1482 ad
638 1451 862 1492 propositum,
879 1451 1065 1492 scripturae
1078 1451 1199 1482 citatae

216 1497 259 1529 ab
280 1495 487 1536 aduersari-is
508 1504 649 1536 prorsus
668 1493 748 1525 nihil
768 1493 948 1536 loquuntur
959 1494 1000 1525 de
1019 1493 1200 1525 Canonicis

217 1538 502 1571 satisfactionibus
533 1544 565 1569 et
596 1538 637 1569 de
667 1537 876 1578 opinionibus
900 1535 1200 1575 Scholasticorum,

219 1594 295 1616 cum
321 1588 454 1613 constet
484 1591 543 1612 eas
577 1590 682 1621 nuper
713 1587 810 1611 natas
833 1589 922 1612 esse.
969 1579 1080 1615 Quare
1110 1589 1201 1610 mera

219 1625 383 1658 calumnia
406 1631 474 1663 est,
502 1624 591 1665 quod
621 1623 819 1664 detorquent
848 1623 1032 1664 scripturas
1060 1622 1102 1654 ad
1124 1621 1201 1654 illas

218 1679 297 1701 suas
326 1668 508 1709 opiniones.
561 1666 633 1697 Nos
668 1666 806 1698 dicimus
839 1667 927 1707 quod
957 1665 1200 1706 poenitenciam

218 1712 284 1744 hoc
317 1719 369 1743 est
402 1710 656 1742 conuersionem
690 1718 752 1741 seu
786 1710 1087 1751 regenerationem,
1121 1707 1200 1739 boni

219 1755 368 1792 fructus,
403 1755 490 1785 bona
513 1762 632 1793 opera,
666 1751 700 1783 in
723 1753 811 1783 omni
835 1753 902 1783 vita
925 1752 1019 1793 sequi
1045 1751 1199 1783 debeant.

218 1797 291 1830 Nec
313 1803 424 1838 potest
446 1805 523 1828 esse
545 1805 625 1827 vera
643 1796 832 1829 conuersio‚
855 1802 912 1826 aut
929 1805 1009 1826 vera
1027 1793 1199 1832 contricio,

219 1841 274 1873 vbi
304 1851 370 1872 non
394 1845 578 1881 sequuntur
601 1838 873 1870 mortificationes
902 1838 1031 1875 carnis,
1065 1842 1098 1869 et
1121 1837 1201 1869 boni

218 1882 357 1916 fructus.
403 1882 483 1914 Veri
515 1888 680 1919 terrores,
715 1881 785 1912 veri
814 1880 951 1912 dolores
981 1881 1097 1919 animi,
1132 1889 1199 1911 non

218 1927 386 1969 patiuntur
418 1935 540 1966 corpus
571 1923 744 1965 indulgere
776 1922 1019 1966 voluptatibuS‚
1054 1929 1086 1954 et
1120 1933 1200 1954 vera

217 1970 301 2001 tides
325 1980 390 2001 non
415 1975 467 2000 est
490 1969 618 2009 ingrata
641 1967 728 2005 Deo,
758 1977 821 2000 nec
844 1968 1022 1998 contemnit
1045 1966 1200 1997 mandata

217 2012 292 2045 Dei.
338 2011 489 2052 Denique
517 2009 609 2042 nulla
637 2017 688 2042 est
719 2011 855 2042 interior
880 2010 1103 2051 poenitencia,
1136 2009 1199 2040 nisi

219 2055 300 2087 foris
335 2056 441 2096 pariat
472 2055 569 2086 etiam
605 2054 843 2095 castigationes
873 2053 994 2084 carnis.
1041 2051 1082 2083 Et
1112 2051 1200 2083 1111110

218 2099 357 2130 dicimus
381 2107 458 2129 esse
482 2097 683 2128 sentenciam
708 2095 875 2135 lobannis,
900 2106 975 2128 cum
997 2095 1052 2126 ait.
1086 2094 1200 2126 Facite

219 2140 347 2173 fructus
370 2141 491 2182 dignos
522 2140 759 2180 poenitenciae.
806 2140 885 2171 ltem
908 2137 1021 2177 Pauli,
1044 2148 1119 2170 cum
1142 2139 1198 2170 ait.

220 2184 381 2216 Exltibete
404 2184 551 2215 membra
575 2189 698 2220 vestra,
722 2183 849 2214 seruire
871 2183 1036 2220 iusticiae,
1060 2182 1147 2212 sicut
1168 2186 1201 2212 et

217 2226 294 2259 alibi
337 2227 449 2268 inquit.
504 2225 664 2257 Exhibete
704 2235 846 2266 corpora
886 2232 1017 2263 vestra,
1058 2224 1201 2255 hostiam

218 2272 339 2308 vinam,
362 2276 511 2301 sanctam
537 2276 612 2306 etc.‚
637 2268 675 2299 Et
701 2279 774 2300 cum
788 2267 940 2300 Christus
960 2268 1072 2310 inquit.
1102 2267 1201 2310 Agite

219 2314 471 2355 poenitenciam,
495 2318 587 2343 certe
610 2309 753 2353 loquitur
771 2312 813 2342 de
831 2318 899 2343 tota
915 2310 1135 2353 poenitencia,
1159 2310 1201 2341 de

219 2362 290 2388 tota
313 2357 457 2387 nouitate
479 2355 582 2392 vitae,
618 2361 649 2385 et
680 2353 861 2393 fructibus,
895 2364 960 2385 non
991 2352 1136 2395 loquitur
1159 2353 1201 2384 de

219 2397 283 2431 illis
297 2399 512 2442 hypocriticis
530 2397 827 2436 satisfactionibus,
849 2408 932 2439 quas
952 2397 1080 2440 fingunt
1095 2395 1201 2428 Scho-

290 2564 332 2594 11111
352 2562 452 2586 facilins
472 2566 596 2590 mortem,
615 2565 639 2584 et
658 2561 748 2584 omui·
771 2567 868 2592 genere
890 2560 1074 2592 suppliciorum
1096 2560 1201 2587 ferrent.

291 2604 365 2628 qnam
386 2597 471 2619 ferunt
490 2597 556 2620 118118
575 2596 775 2619 dubitariouen.

223 2640 270 2671 Μ)
290 2639 361 2671 Non}
382 2639 460 2664 mm.
483 2641 572 2663 2—⁴.·
594 2639 648 2662 Nec

223 2683 270 2713 55)
289 2682 431 2714 eruperint}
453 2681 499 2706 Ed.
522 2681 560 2705 ³.:
580 2683 723 2713 eripuerint

670 216 783 250 PHlL.
805 215 910 248 MEL.
933 215 1121 249 SCRlPTA
1143 214 1414 248 DOGMATIGA
1435 214 1491 247 ΕΤ
1513 213 1785 248 SYMBOLIGA.

2170 216 2236 249 500

1249 308 1358 341 lastici
1382 314 1450 340 tum
1473 319 1606 351 quoque
1628 307 1741 341 valere
1763 309 1806 341 ad
1830 311 2134 351 compensationem
2178 321 2235 344 oe-

1250 362 1313 383 nae
1341 353 1542 394 purgatorii,
1575 359 1628 384 aut
1659 350 1797 384 aliarum
1820 363 2019 394 poenarum,
2049 363 2125 386 cum
2175 360 2235 386 unt

1250 396 1293 426 ab
1316 395 1368 426 1115
1392 395 1447 436 qui
1470 402 1549 426 sunt
1570 396 1602 426 in
1625 402 1765 436 peccato
1788 394 1927 427 mortali.

1336 438 1388 469 Ac
1408 436 1510 469 multa
1527 437 1604 469 colli
1633 439 1849 478 iargumenta
1860 444 2020 480 possunt,
2042 439 2131 480 quod
2149 438 2234 472 11880

1250 481 1337 512 dicta
1360 481 1547 521 scripturae
1569 491 1612 511 nu
1628 479 1661 512 lo
1684 481 1782 513 modo
1811 482 1997 523 pertineant
2025 482 2069 513 ad
2092 481 2234 514 Schola-

1249 524 1353 554 sticas
1377 522 1634 555 satisfactiones.
1671 523 1727 554 lsti
1745 523 1873 566 fingunt
1893 522 2142 556 satisfactiones
2155 534 2233 557 esse

1250 576 1353 608 opera
1382 566 1547 604 indebita,
1582 567 1755 607 Scriptura
1785 573 1894 599 autem
1918 568 1951 598 in
1975 566 2026 598 his
2049 567 2232 610 sentencijs

1250 609 1386 650 requirit
1415 619 1516 650 opera
1547 610 1665 640 debita.
1712 609 1798 640 Nam
1825 609 1911 641 haec
1939 619 2006 641 vox
2030 609 2151 642 Christi
2179 616 2232 642 est

1250 662 1316 682 vox
1338 652 1518 693 praecepti,
1542 652 1641 694 Agite
1663 653 1923 693 poenitenciam,
1946 653 2038 687 ltem,
2061 653 2233 684 Aduersa-

1250 695 1289 734 rij
1314 695 1465 725 scribunt
1488 694 1712 732 confitentem,
1736 695 1765 726 si
1787 701 1922 726 recuset
1939 696 2112 737 suscipere
2134 696 2234 727 satis-

1249 736 1424 774 factiones,
1449 747 1514 768 non
1538 747 1694 779 peccare,
1717 738 1778 769 sed
1801 736 2047 779 persoluturum
2071 748 2148 770 esse
2170 738 2233 770 1185

1250 789 1376 820 11081185
1405 780 1438 811 111
1473 781 1678 822 purgatorio.
1731 781 1797 812 lam
1835 780 1899 812 hae
1934 782 2127 813 sentenciae
2160 782 2234 813 sine

1251 824 1499 861 controuersia,
1528 829 1707 864 praecepta
1733 829 1811 855 sunt
1839 823 1882 855 ad
1916 824 2003 856 hanc
2036 824 2136 855 vitam
2158 834 2234 866 per—

1251 865 1411 903 tinencia,
1435 865 1535 907 Agite
1558 867 1819 907 poenitenciam,
1842 865 1942 898 facite
1959 866 2089 898 fructus
2112 867 2233 908 dignos

1250 908 1490 948 poenitenciae,
1512 907 1675 940 Exhibete
1699 910 1847 940 membra
1865 916 1980 940 vestra
1994 910 2121 941 seruire
2142 910 2233 941 iusti-

1252 950 1334 981 8188.
1380 949 1492 984 Quare
1520 960 1588 981 nou
1623 957 1765 992 possunt
1802 952 1992 993 detorqueri
2023 952 2066 983 ad
2103 951 2234 984 satisfa-

1252 993 1392 1030 ctiones,
1415 1002 1499 1034 quas
1523 1002 1680 1025 recusare
1702 992 1789 1025 licet.
1833 994 1910 1026 Non
1933 995 2018 1026 enim
2041 993 2118 1027 licet
2141 1005 2233 1027 recu·

1251 1045 1329 1067 sare
1351 1041 1530 1076 praecepta
1554 1035 1628 1067 Dei.
1668 1035 1791 1074 Tertio,
1814 1035 2042 1080 indulgentiae
2064 1039 2233 1070 remittunt

1251 1077 1326 1109 illas
1349 1077 1616 1117 satis-sactiones,
1646 1084 1682 1110 vt
1708 1079 1805 1110 docet
1827 1079 1908 1120 Cap.
1932 1079 2014 1111 Cum
2043 1089 2084 1111 ex
2108 1090 2168 1119 eo,
2190 1081 2233 1112 de

1251 1121 1471 1163 poenitenciis
1500 1127 1531 1152 et
1562 1121 1800 1158 remission.⁵⁶)
1846 1122 1891 1153 At
1913 1121 2136 1164 indulgentiae
2165 1133 2233 1155 non

1251 1163 1385 1196 soluunt
1415 1173 1478 1195 nos
1507 1162 1576 1195 illis
1602 1165 1800 1206 praeceptis.
1850 1164 1951 1207 Agite
1979 1166 2234 1207 poenitenciam,

1251 1205 1351 1239 facite
1380 1206 1509 1238 fructus
1543 1207 1664 1248 dignos
1698 1207 1935 1249 poenitenciae.
1986 1207 2100 1250 ltaque
2132 1208 2235 1240 1118111-

1251 1249 1371 1282 festum
1395 1255 1446 1281 est
1467 1247 1554 1281 male
1578 1251 1766 1292 detorquen‘
1788 1249 1847 1282 illa
1870 1251 1959 1282 dicta
1980 1252 2168 1292 scripturae
2191 1251 2234 1282 ad

1252 1292 1441 1325 Canonicas
1475 1292 1736 1325 satisfactiones.
1781 1292 1902 1326 Videte
1935 1303 2038 1335 porro
2091 1294 2147 1326 uid
2180 1302 2233 1326 se·

1252 1342 1383 1378 quatur.
1430 1335 1465 1366 Si
1493 1345 1622 1376 poenae
1655 1336 1840 1379 purgatori'
1875 1342 1954 1368 sunt
1983 1337 2066 1368 satis
2083 1337 2234 1369 actiones

1252 1389 1312 1410 seu
1335 1379 1613 1419 satispassiones,
1639 1385 1695 1410 aut
1727 1380 1810 1411 satis
1826 1380 1976 1411 actiones
2000 1385 2077 1412 sunt
2110 1380 2235 1411 redem-

1253 1422 1320 1463 ptio
1333 1431 1514 1463 poenarum
1526 1422 1723 1463 purgatorii,
1748 1432 1824 1454 num
1844 1422 1940 1454 etiam
1961 1422 2025 1454 hae
2037 1423 2235 1454 sentenciae

1252 1465 1458 1506 praecipiunt
1486 1470 1521 1496 vt
1550 1465 1680 1496 animae
1714 1465 1922 1507 castigentur
1949 1466 1982 1497 in
2017 1464 2235 1507 purgatorio?

1253 1508 1288 1538 ld
1312 1517 1386 1539 cum
1410 1507 1505 1548 sequi
1529 1516 1672 1539 necesse
1694 1507 1736 1539 sit
1755 1518 1796 1539 ex
1819 1508 2086 1540 aduersariorum
2110 1508 2235 1549 opinio-

1251 1550 1369 1588 nibus,
1402 1549 1467 1581 hae
1499 1551 1690 1582 sentenciae
1715 1560 1805 1582 nouo
1832 1550 1931 1583 modo
1966 1551 2235 1593 interpretandae

1253 1599 1366 1631 erunt,
1400 1592 1513 1624 Facite
1546 1591 1674 1625 fructus
1705 1593 1826 1635 dignos
1856 1594 2101 1634 poenitenciae,
2134 1593 2235 1636 Agite

1253 1635 1506 1677 poenitenciam,
1530 1635 1596 1667 hoc
1616 1642 1682 1670 est,
1705 1636 1882 1677 paciamini
1900 1646 2027 1678 poenas
2049 1636 2234 1679 purgatorij

1253 1685 1331 1720 post
1352 1677 1439 1710 118118
1462 1679 1572 1710 vitam.
1619 1678 1687 1710 Sed
1710 1679 1800 1721 piget
1829 1677 1893 1710 has
1916 1679 2056 1722 ineptias
2079 1680 2238 1711 aduersa·

1253 1722 1377 1754 riorum
1406 1720 1558 1763 pluribus
1590 1720 1763 1753 reuellere.
1810 1720 1952 1754 Constat
1980 1723 2068 1754 enim
2096 1722 2238 1763 seriptu-

1254 1775 1323 1796 ram
1346 1764 1439 1806 loqui
1466 1765 1507 1795 de
1530 1765 1687 1805 operibus
1711 1765 1849 1803 debitis,
1878 1765 1921 1796 de
1943 1771 2013 1798 tota
2035 1765 2237 1801 110111181οὸ7)

1253 1808 1352 1846 vitae,
1374 1818 1442 1839 non
1465 1808 1507 1839 de
1525 1807 1577 1839 1115
1597 1807 1888 1839 obseruationibus
1907 1818 2043 1850 operum
2061 1818 2128 1840 non
2147 1808 2236 1840 debi-

1253 1857 1380 1890 torum,
1410 1851 1451 1882 de
1474 1851 1595 1892 quibus
1619 1849 1798 1892 loquuntur
1820 1851 2016 1893 aduersarij.
2062 1850 2103 1882 Et
2125 1857 2237 1882 tamen

1253 1894 1305 1925 1115
1325 1894 1491 1936 figmentis
1510 1893 1692 1926 defendunt
1710 1894 1857 1931 ordines,
1880 1895 2103 1926 venditionem
2116 1892 2237 1925 Missa-

1253 1948 1324 1969 rum
1354 1943 1387 1969 et
1416 1936 1563 1968 infinitas
1590 1937 1863 1970 obseruationes,
1894 1937 1984 1979 quod
2012 1935 2141 1969 scilicet
2170 1936 2238 1968 sint

1252 1990 1372 2021 opera,
1401 1980 1430 2011 sl
1453 1990 1520 2011 non
1544 1990 1605 2021 pro
1628 1979 1746 2021 culpa,
1776 1985 1886 2011 tamen
1915 1990 1977 2021 pro
2000 1989 2110 2022 poena
2137 1979 2236 2011 satis-

1253 2022 1419 2055 facientia.

1338 2065 1421 2098 Cum
1441 2065 1541 2108 igitur
1563 2065 1750 2106 scripturae
1772 2065 1891 2096 citatae
1913 2075 1979 2097 non
2003 2065 2125 2103 dicant,
2147 2065 2238 2107 quod

1252 2110 1411 2151 operibus
1441 2119 1508 2140 non
1532 2109 1652 2141 debitis
1680 2117 1807 2149 poenae
1835 2114 1993 2140 aeternae
2019 2117 2236 2150 compensan-

1253 2153 1315 2183 dae
1348 2153 1430 2190 sint,
1463 2159 1588 2184 temere
1621 2149 1786 2183 affirmant
1821 2151 2023 2194 aduersarij,
2057 2151 2147 2193 quod
2177 2161 2238 2193 per

1252 2194 1502 2227 satisfactiones
1531 2195 1722 2227 Canonicas
1750 2204 1879 2236 poenae
1911 2193 1987 2227 illae
2021 2204 2235 2237 compensen-

1253 2244 1324 2277 tur,
1354 2238 1425 2270 Nec
1455 2237 1579 2270 habent
1602 2237 1717 2269 claues
1739 2238 1928 2270 mandatum
1957 2248 2083 2280 poenes
2105 2235 2235 2280 aliquae

1253 2281 1486 2319 commutandi,
1522 2281 1601 2314 ltem
1624 2287 1751 2323 partem
1775 2290 1957 2323 poenarum
1981 2279 2236 2317 remittendi-¹⁹⁸)

1253 2454 1299 2484 ⁶6)
1321 2453 1382 2485 Cup.
1404 2454 1469 2478 Cum
1489 2461 1521 2477 ex
1541 2461 1588 2482 80,
1614 2454 1646 2477 de
1670 2454 1840 2486 poenitencijs
1869 2457 1894 2477 et
1918 2451 2075 2484 remis-sion]
2095 2451 2138 2477 hoe
2164 2455 2238 2485 eope!

1323 2489 1421 2513 ordien-
1440 2498 1455 2512 α
1475 2487 1568 2513 verbu:
1589 2488 1653 2512 Cum
1674 2496 1704 2512 cx
1719 2496 1750 2512 eo
1770 2489 1860 2520 Ιιφῖυν
1879 2489 1904 2510 dn
1924 2488 2099 2512 Det-retallum
2113 2485 2236 2518 Gregorii

1323 2523 1371 2547 lx.
1391 2524 1434 2547 lib.
1456 2523 1486 2546 V.
1507 2525 1546 2547 tit.
1567 2522 1718 2547 xxxvm.
1739 2523 1770 2547 de
1796 2524 1961 2554 poenitentiis
1983 2528 2008 2546 et
2032 2522 2236 2551 remissionibus.

1324 2566 1380 2589 cap.
1403 2559 1442 2582 1⁴.
1462 2557 1532 2589 (mdo
1550 2556 1630 2589 Corp.
1651 2559 1698 2582 1111.
1717 2565 1809 2581 canon.
1826 2558 1866 2581 ed.
1886 2557 1992 2582 Richter
2010 2556 2039 2582 P.
2060 2556 2095 2585 11.
2113 2563 2137 2588 p.
2153 2555 2236 2587 888.)

1254 2601 1301 2631 67)
1321 2600 1448 2633 nouitati-1
1469 2600 1516 2625 ud.
1537 2601 1560 2625 ³.
1581 2604 1630 2634 typ-
1650 2609 1715 2625 nn:
1735 2602 1869 2625 nouitatae

1255 2644 1301 2675 68)
1323 2643 1375 2668 Nee
1401 2644 1495 2668 habent
1525 2644 1611 2667 claues
1635 2643 1782 2667 mandatum
1807 2656 1838 2662 -
1863 2648 1960 2675 partem
1985 2650 2125 2674 poenarum
2151 2642 2236 2666 temt-

1325 2678 1417 2710 teadi.}
1437 2679 1517 2703 Editt.
1537 2678 1629 2702 2—⁴.:
1649 2677 1788 2702 Prummu
1806 2685 1864 2702 cum
1879 2677 2236 2702 commutantur-into-
